<?xml version="1.0" encoding="UTF-8"?>
<!DOCTYPE html PUBLIC "-//W3C//DTD XHTML 1.0 Transitional//EN"
    "http://www.w3.org/TR/xhtml1/DTD/xhtml1-transitional.dtd">
<html xmlns="http://www.w3.org/1999/xhtml" xml:lang="en" lang="en">
 <head>
  <title>
</title>
<meta http-equiv="Content-Type" content="text/html;charset=utf-8" />
  <meta name='ocr-system' content='tesseract 3.04.00' />
  <meta name='ocr-capabilities' content='ocr_page ocr_carea ocr_par ocr_line ocrx_word'/>
</head>
<body>
  <div class='ocr_page' id='page_1' title='image "./sanctipatrisnos02chrygoog_0822.png"; bbox 0 0 3750 5940; ppageno 0'>
   <div class='ocr_carea' id='block_1_1' title="bbox 569 409 1659 501">
    <p class='ocr_par' dir='ltr' id='par_1_1' title="bbox 569 409 1659 501">
     <span class='ocr_line' id='line_1_1' title="bbox 569 409 1659 501; baseline 0.006 -32"><span class='ocrx_word' id='word_1_1' title='bbox 569 423 602 470; x_wconf 88' lang='lat' dir='ltr'>m</span> <span class='ocrx_word' id='word_1_2' title='bbox 629 423 808 471; x_wconf 81' lang='lat' dir='ltr'>secunaum</span> <span class='ocrx_word' id='word_1_3' title='bbox 837 423 960 471; x_wconf 83' lang='grc' dir='ltr'>υοιιιιιι</span> <span class='ocrx_word' id='word_1_4' title='bbox 989 423 1187 470; x_wconf 76' lang='lat' dir='ltr'>aovusruu.</span> <span class='ocrx_word' id='word_1_5' title='bbox 1587 409 1659 501; x_wconf 78' lang='lat'>793</span> 
     </span>
    </p>
   </div>
   <div class='ocr_carea' id='block_1_2' title="bbox 45 536 1666 1899">
    <p class='ocr_par' dir='ltr' id='par_1_2' title="bbox 45 536 1666 1664">
     <span class='ocr_line' id='line_1_2' title="bbox 79 536 1660 627; baseline 0.003 -22"><span class='ocrx_word' id='word_1_6' title='bbox 79 546 175 608; x_wconf 78' lang='grc' dir='ltr'>ιῖιεόνα</span> <span class='ocrx_word' id='word_1_7' title='bbox 193 555 300 627; x_wconf 76' lang='grc' dir='ltr'><strong>τηρεῖτε</strong></span> <span class='ocrx_word' id='word_1_8' title='bbox 317 547 461 618; x_wconf 68' lang='lat' dir='ltr'>densescit,</span> <span class='ocrx_word' id='word_1_9' title='bbox 475 545 577 616; x_wconf 82' lang='grc' dir='ltr'>καθ’ἥν</span> <span class='ocrx_word' id='word_1_10' title='bbox 591 536 662 605; x_wconf 77' lang='grc' dir='ltr'>εἷπον</span> <span class='ocrx_word' id='word_1_11' title='bbox 676 545 735 612; x_wconf 79' lang='grc' dir='ltr'>τοὺς</span> <span class='ocrx_word' id='word_1_12' title='bbox 750 547 862 617; x_wconf 79' lang='grc' dir='ltr'>πένητας</span> <span class='ocrx_word' id='word_1_13' title='bbox 918 544 1008 604; x_wconf 86' lang='lat' dir='ltr'>studio</span> <span class='ocrx_word' id='word_1_14' title='bbox 1019 565 1110 625; x_wconf 83' lang='lat' dir='ltr'><strong>preces</strong></span> <span class='ocrx_word' id='word_1_15' title='bbox 1123 546 1248 604; x_wconf 79' lang='lat' dir='ltr'>ottemnc.</span> <span class='ocrx_word' id='word_1_16' title='bbox 1265 548 1303 605; x_wconf 92' lang='lat' dir='ltr'>Ut</span> <span class='ocrx_word' id='word_1_17' title='bbox 1319 546 1402 626; x_wconf 80' lang='lat' dir='ltr'>igitur</span> <span class='ocrx_word' id='word_1_18' title='bbox 1416 547 1465 607; x_wconf 87' lang='lat' dir='ltr'>bac</span> <span class='ocrx_word' id='word_1_19' title='bbox 1479 550 1581 609; x_wconf 86' lang='lat' dir='ltr'>ratione</span> <span class='ocrx_word' id='word_1_20' title='bbox 1591 551 1660 610; x_wconf 87' lang='lat' dir='ltr'>vaii-</span> 
     </span>
     <span class='ocr_line' id='line_1_3' title="bbox 77 623 1660 711; baseline 0.001 -22"><span class='ocrx_word' id='word_1_21' title='bbox 77 629 135 708; x_wconf 77' lang='grc' dir='ltr'>πρὸ</span> <span class='ocrx_word' id='word_1_22' title='bbox 145 629 201 685; x_wconf 86' lang='grc' dir='ltr'>τῶν</span> <span class='ocrx_word' id='word_1_23' title='bbox 214 630 298 707; x_wconf 82' lang='grc' dir='ltr'>θυρῶν</span> <span class='ocrx_word' id='word_1_24' title='bbox 310 625 419 684; x_wconf 77' lang='grc' dir='ltr'>ἑστάναι</span> <span class='ocrx_word' id='word_1_25' title='bbox 431 628 483 683; x_wconf 86' lang='grc' dir='ltr'>τῶν</span> <span class='ocrx_word' id='word_1_26' title='bbox 501 624 646 704; x_wconf 84' lang='grc' dir='ltr'>εὖκτηρίων</span> <span class='ocrx_word' id='word_1_27' title='bbox 659 626 748 694; x_wconf 77' lang='grc' dir='ltr'>οἴκων,</span> <span class='ocrx_word' id='word_1_28' title='bbox 763 624 862 696; x_wconf 80' lang='grc' dir='ltr'>ταύτην</span> <span class='ocrx_word' id='word_1_29' title='bbox 917 623 978 682; x_wconf 88' lang='lat' dir='ltr'>dior</span> <span class='ocrx_word' id='word_1_30' title='bbox 995 624 1080 685; x_wconf 84' lang='lat' dir='ltr'>oratio</span> <span class='ocrx_word' id='word_1_31' title='bbox 1101 638 1190 684; x_wconf 88' lang='lat' dir='ltr'>nostra</span> <span class='ocrx_word' id='word_1_32' title='bbox 1203 624 1342 704; x_wconf 75' lang='lat' dir='ltr'>reddatur,</span> <span class='ocrx_word' id='word_1_33' title='bbox 1358 627 1473 687; x_wconf 83' lang='lat' dir='ltr'>excitata</span> <span class='ocrx_word' id='word_1_34' title='bbox 1491 642 1516 688; x_wconf 93' lang='lat' dir='ltr'>et</span> <span class='ocrx_word' id='word_1_35' title='bbox 1532 649 1660 711; x_wconf 74' lang='lat' dir='ltr'>experge-</span> 
     </span>
     <span class='ocr_line' id='line_1_4' title="bbox 79 703 1660 804; baseline 0.006 -43"><span class='ocrx_word' id='word_1_36' title='bbox 79 708 127 769; x_wconf 64' lang='grc' dir='ltr'>ἰπὶ</span> <span class='ocrx_word' id='word_1_37' title='bbox 146 710 198 777; x_wconf 78' lang='grc' dir='ltr'>τῆς</span> <span class='ocrx_word' id='word_1_38' title='bbox 210 711 298 787; x_wconf 74' lang='grc' dir='ltr'>ψυχῆς</span> <span class='ocrx_word' id='word_1_39' title='bbox 311 706 525 784; x_wconf 69' lang='grc' dir='ltr'>ἀναπληροῦντας</span> <span class='ocrx_word' id='word_1_40' title='bbox 539 704 745 804; x_wconf 39' lang='grc' dir='ltr'>τλντχρείανῶν</span> <span class='ocrx_word' id='word_1_41' title='bbox 760 704 804 764; x_wconf 66' lang='grc' dir='ltr'>ἐπὶ</span> <span class='ocrx_word' id='word_1_42' title='bbox 817 711 862 763; x_wconf 84' lang='grc' dir='ltr'>τοῦ</span> <span class='ocrx_word' id='word_1_43' title='bbox 916 703 985 763; x_wconf 79' lang='lat' dir='ltr'>iacta</span> <span class='ocrx_word' id='word_1_44' title='bbox 1002 704 1030 763; x_wconf 90' lang='lat' dir='ltr'>in</span> <span class='ocrx_word' id='word_1_45' title='bbox 1043 703 1287 784; x_wconf 77' lang='lat' dir='ltr'><strong>supplicationibus</strong></span> <span class='ocrx_word' id='word_1_46' title='bbox 1303 726 1337 764; x_wconf 81' lang='lat' dir='ltr'>ex</span> <span class='ocrx_word' id='word_1_47' title='bbox 1351 704 1484 766; x_wconf 89' lang='lat' dir='ltr'>bonorum</span> <span class='ocrx_word' id='word_1_48' title='bbox 1496 729 1660 789; x_wconf 85' lang='lat' dir='ltr'>operumre·</span> 
     </span>
     <span class='ocr_line' id='line_1_5' title="bbox 78 782 1660 871; baseline 0.002 -26"><span class='ocrx_word' id='word_1_49' title='bbox 78 786 240 865; x_wconf 75' lang='grc' dir='ltr'>σῶραπσςὴ</span> <span class='ocrx_word' id='word_1_50' title='bbox 260 784 354 868; x_wconf 74' lang='grc' dir='ltr'>κρήνη.</span> <span class='ocrx_word' id='word_1_51' title='bbox 369 784 415 844; x_wconf 78' lang='grc' dir='ltr'>Ἂν</span> <span class='ocrx_word' id='word_1_52' title='bbox 431 782 484 863; x_wconf 75' lang='grc' dir='ltr'>γὰρ</span> <span class='ocrx_word' id='word_1_53' title='bbox 496 791 572 844; x_wconf 85' lang='grc' dir='ltr'>τοῦτο</span> <span class='ocrx_word' id='word_1_54' title='bbox 583 808 655 862; x_wconf 85' lang='grc' dir='ltr'>ωμεν</span> <span class='ocrx_word' id='word_1_55' title='bbox 669 787 796 855; x_wconf 76' lang='grc' dir='ltr'>διηνεκῶς</span> <span class='ocrx_word' id='word_1_56' title='bbox 812 809 859 862; x_wconf 86' lang='grc' dir='ltr'>με·</span> <span class='ocrx_word' id='word_1_57' title='bbox 882 799 898 844; x_wconf 83' lang='lat' dir='ltr'>n</span> <span class='ocrx_word' id='word_1_58' title='bbox 916 782 1160 843; x_wconf 88' lang='lat' dir='ltr'>cordationemente</span> <span class='ocrx_word' id='word_1_59' title='bbox 1169 797 1338 858; x_wconf 82' lang='lat' dir='ltr'>nostra,cum</span> <span class='ocrx_word' id='word_1_60' title='bbox 1346 785 1516 869; x_wconf 83' lang='lat' dir='ltr'>eleemosyna</span> <span class='ocrx_word' id='word_1_61' title='bbox 1524 787 1560 848; x_wconf 86' lang='lat' dir='ltr'>ad</span> <span class='ocrx_word' id='word_1_62' title='bbox 1569 810 1660 871; x_wconf 83' lang='lat' dir='ltr'>preces</span> 
     </span>
     <span class='ocr_line' id='line_1_6' title="bbox 81 861 1659 945; baseline 0.001 -18"><span class='ocrx_word' id='word_1_63' title='bbox 81 864 233 945; x_wconf 71' lang='grc' dir='ltr'>μνημὲνσι,</span> <span class='ocrx_word' id='word_1_64' title='bbox 253 869 368 945; x_wconf 78' lang='grc' dir='ltr'>συνεχῶς</span> <span class='ocrx_word' id='word_1_65' title='bbox 381 861 585 941; x_wconf 77' lang='grc' dir='ltr'>ἀπονιπτόμενοι</span> <span class='ocrx_word' id='word_1_66' title='bbox 603 865 646 923; x_wconf 81' lang='grc' dir='ltr'>τὸν</span> <span class='ocrx_word' id='word_1_67' title='bbox 660 864 796 944; x_wconf 72' lang='grc' dir='ltr'>λογισμὸν,</span> <span class='ocrx_word' id='word_1_68' title='bbox 812 888 862 922; x_wconf 82' lang='grc' dir='ltr'>κα-</span> <span class='ocrx_word' id='word_1_69' title='bbox 916 862 1090 939; x_wconf 78' lang='lat' dir='ltr'><strong>accedamus,</strong></span> <span class='ocrx_word' id='word_1_70' title='bbox 1110 877 1137 923; x_wconf 89' lang='lat' dir='ltr'>et</span> <span class='ocrx_word' id='word_1_71' title='bbox 1157 863 1277 924; x_wconf 89' lang='lat' dir='ltr'>omnium</span> <span class='ocrx_word' id='word_1_72' title='bbox 1303 886 1396 925; x_wconf 90' lang='lat' dir='ltr'>eorum</span> <span class='ocrx_word' id='word_1_73' title='bbox 1417 887 1476 943; x_wconf 80' lang='lat' dir='ltr'>quae</span> <span class='ocrx_word' id='word_1_74' title='bbox 1495 866 1568 928; x_wconf 83' lang='lat' dir='ltr'>dicte</span> <span class='ocrx_word' id='word_1_75' title='bbox 1587 882 1659 945; x_wconf 85' lang='lat' dir='ltr'>sunt,</span> 
     </span>
     <span class='ocr_line' id='line_1_7' title="bbox 80 940 1661 1027; baseline 0.003 -24"><span class='ocrx_word' id='word_1_76' title='bbox 80 945 170 1026; x_wconf 70' lang='grc' dir='ltr'>θαρδς</span> <span class='ocrx_word' id='word_1_77' title='bbox 188 944 237 1024; x_wconf 78' lang='grc' dir='ltr'>μὲν</span> <span class='ocrx_word' id='word_1_78' title='bbox 252 943 415 1022; x_wconf 69' lang='grc' dir='ltr'>δυνησόμεθα</span> <span class='ocrx_word' id='word_1_79' title='bbox 431 944 479 1009; x_wconf 75' lang='grc' dir='ltr'>τὰς</span> <span class='ocrx_word' id='word_1_80' title='bbox 499 941 578 1022; x_wconf 72' lang='grc' dir='ltr'>εὐχὰς</span> <span class='ocrx_word' id='word_1_81' title='bbox 596 944 740 1015; x_wconf 72' lang='grc' dir='ltr'>ἐπιτελεῖν,</span> <span class='ocrx_word' id='word_1_82' title='bbox 760 943 860 1014; x_wconf 73' lang='grc' dir='ltr'>πολλὴν</span> <span class='ocrx_word' id='word_1_83' title='bbox 916 940 1062 1021; x_wconf 81' lang='lat' dir='ltr'>diligenter</span> <span class='ocrx_word' id='word_1_84' title='bbox 1083 942 1255 1002; x_wconf 84' lang='lat' dir='ltr'>recordemur</span> <span class='ocrx_word' id='word_1_85' title='bbox 1275 969 1282 1001; x_wconf 77' lang='grc' dir='ltr'>ι</span> <span class='ocrx_word' id='word_1_86' title='bbox 1303 966 1334 1002; x_wconf 85' lang='lat' dir='ltr'>ac</span> <span class='ocrx_word' id='word_1_87' title='bbox 1356 967 1412 1025; x_wconf 84' lang='lat' dir='ltr'>prae</span> <span class='ocrx_word' id='word_1_88' title='bbox 1434 946 1537 1006; x_wconf 75' lang='lat' dir='ltr'>curturis</span> <span class='ocrx_word' id='word_1_89' title='bbox 1550 946 1661 1027; x_wconf 88' lang='lat' dir='ltr'>quidem</span> 
     </span>
     <span class='ocr_line' id='line_1_8' title="bbox 83 1021 1662 1105; baseline 0.001 -19"><span class='ocrx_word' id='word_1_90' title='bbox 83 1024 114 1086; x_wconf 73' lang='lat' dir='ltr'>il</span> <span class='ocrx_word' id='word_1_91' title='bbox 137 1025 339 1086; x_wconf 71' lang='grc' dir='ltr'>ἐπισπάσασθαι</span> <span class='ocrx_word' id='word_1_92' title='bbox 370 1021 444 1104; x_wconf 68' lang='grc' dir='ltr'>παρὰ</span> <span class='ocrx_word' id='word_1_93' title='bbox 467 1029 512 1081; x_wconf 87' lang='grc' dir='ltr'>τοῦ</span> <span class='ocrx_word' id='word_1_94' title='bbox 534 1025 604 1082; x_wconf 86' lang='grc' dir='ltr'>Θεοῦ</span> <span class='ocrx_word' id='word_1_95' title='bbox 629 1022 677 1094; x_wconf 82' lang='grc' dir='ltr'>τὴν</span> <span class='ocrx_word' id='word_1_96' title='bbox 702 1024 862 1103; x_wconf 79' lang='grc' dir='ltr'>παρρησίαν,</span> <span class='ocrx_word' id='word_1_97' title='bbox 917 1022 1043 1080; x_wconf 87' lang='lat' dir='ltr'>omnibns</span> <span class='ocrx_word' id='word_1_98' title='bbox 1063 1021 1267 1082; x_wconf 88' lang='lat' dir='ltr'>similitudinem</span> <span class='ocrx_word' id='word_1_99' title='bbox 1287 1024 1365 1083; x_wconf 88' lang='lat' dir='ltr'>illam</span> <span class='ocrx_word' id='word_1_100' title='bbox 1381 1038 1508 1105; x_wconf 85' lang='lat' dir='ltr'>perpetua</span> <span class='ocrx_word' id='word_1_101' title='bbox 1532 1029 1662 1087; x_wconf 89' lang='lat' dir='ltr'>memoria</span> 
     </span>
     <span class='ocr_line' id='line_1_9' title="bbox 83 1101 1661 1189; baseline 0.001 -24"><span class='ocrx_word' id='word_1_102' title='bbox 83 1104 132 1166; x_wconf 67' lang='lat' dir='ltr'>nal</span> <span class='ocrx_word' id='word_1_103' title='bbox 157 1109 207 1176; x_wconf 81' lang='grc' dir='ltr'>τῆς</span> <span class='ocrx_word' id='word_1_104' title='bbox 233 1102 367 1184; x_wconf 71' lang='grc' dir='ltr'>βασιλείας</span> <span class='ocrx_word' id='word_1_105' title='bbox 392 1107 444 1162; x_wconf 91' lang='grc' dir='ltr'>τῶν</span> <span class='ocrx_word' id='word_1_106' title='bbox 471 1104 585 1180; x_wconf 76' lang='grc' dir='ltr'>οὐρανῶν</span> <span class='ocrx_word' id='word_1_107' title='bbox 611 1107 753 1182; x_wconf 77' lang='grc' dir='ltr'>ἐπιτυχεῖν,</span> <span class='ocrx_word' id='word_1_108' title='bbox 772 1101 862 1183; x_wconf 79' lang='grc' dir='ltr'>χάριτι</span> <span class='ocrx_word' id='word_1_109' title='bbox 918 1101 1056 1172; x_wconf 88' lang='lat' dir='ltr'>custodite,</span> <span class='ocrx_word' id='word_1_110' title='bbox 1071 1124 1123 1179; x_wconf 88' lang='lat' dir='ltr'>qua</span> <span class='ocrx_word' id='word_1_111' title='bbox 1141 1124 1271 1183; x_wconf 81' lang='lat' dir='ltr'><strong>pauperes</strong></span> <span class='ocrx_word' id='word_1_112' title='bbox 1284 1103 1342 1162; x_wconf 81' lang='lat' dir='ltr'>dixi</span> <span class='ocrx_word' id='word_1_113' title='bbox 1363 1125 1412 1185; x_wconf 91' lang='lat' dir='ltr'>pro</span> <span class='ocrx_word' id='word_1_114' title='bbox 1427 1105 1661 1189; x_wconf 83' lang='lat' dir='ltr'>foribustemplo-</span> 
     </span>
     <span class='ocr_line' id='line_1_10' title="bbox 84 1181 1662 1266; baseline 0 -20"><span class='ocrx_word' id='word_1_115' title='bbox 84 1185 132 1246; x_wconf 73' lang='lat' dir='ltr'>ul</span> <span class='ocrx_word' id='word_1_116' title='bbox 170 1184 334 1266; x_wconf 84' lang='grc' dir='ltr'>ιλανθριυπίοι</span> <span class='ocrx_word' id='word_1_117' title='bbox 351 1187 396 1241; x_wconf 91' lang='grc' dir='ltr'>τοῦ</span> <span class='ocrx_word' id='word_1_118' title='bbox 411 1181 507 1260; x_wconf 86' lang='grc' dir='ltr'>Κυρίου</span> <span class='ocrx_word' id='word_1_119' title='bbox 527 1185 603 1259; x_wconf 72' lang='grc' dir='ltr'>ἡμῶν</span> <span class='ocrx_word' id='word_1_120' title='bbox 627 1181 716 1254; x_wconf 83' lang='grc' dir='ltr'>Ἰησοῦ</span> <span class='ocrx_word' id='word_1_121' title='bbox 730 1184 862 1262; x_wconf 79' lang='grc' dir='ltr'>Χριστοῦ,</span> <span class='ocrx_word' id='word_1_122' title='bbox 919 1202 979 1239; x_wconf 90' lang='lat' dir='ltr'>rum</span> <span class='ocrx_word' id='word_1_123' title='bbox 997 1194 1107 1257; x_wconf 88' lang='lat' dir='ltr'>stantes,</span> <span class='ocrx_word' id='word_1_124' title='bbox 1122 1203 1185 1240; x_wconf 92' lang='lat' dir='ltr'>eum</span> <span class='ocrx_word' id='word_1_125' title='bbox 1200 1182 1277 1242; x_wconf 85' lang='lat' dir='ltr'>nobis</span> <span class='ocrx_word' id='word_1_126' title='bbox 1290 1183 1326 1241; x_wconf 82' lang='lat' dir='ltr'>ad</span> <span class='ocrx_word' id='word_1_127' title='bbox 1344 1186 1440 1242; x_wconf 77' lang='lat' dir='ltr'>anima</span> <span class='ocrx_word' id='word_1_128' title='bbox 1455 1184 1569 1261; x_wconf 90' lang='lat' dir='ltr'>cultum,</span> <span class='ocrx_word' id='word_1_129' title='bbox 1582 1208 1662 1265; x_wconf 90' lang='lat' dir='ltr'>quem</span> 
     </span>
     <span class='ocr_line' id='line_1_11' title="bbox 87 1205 1663 1346; baseline 0.003 -26"><span class='ocrx_word' id='word_1_130' title='bbox 87 1264 120 1325; x_wconf 78' lang='grc' dir='ltr'>δι’</span> <span class='ocrx_word' id='word_1_131' title='bbox 134 1205 168 1327; x_wconf 66' lang='lat' dir='ltr'>ul</span> <span class='ocrx_word' id='word_1_132' title='bbox 182 1263 230 1323; x_wconf 78' lang='grc' dir='ltr'>καὶ</span> <span class='ocrx_word' id='word_1_133' title='bbox 250 1245 356 1341; x_wconf 70' lang='grc' dir='ltr'>μεθ’δῦ</span> <span class='ocrx_word' id='word_1_134' title='bbox 377 1264 416 1340; x_wconf 83' lang='grc' dir='ltr'>τῷ</span> <span class='ocrx_word' id='word_1_135' title='bbox 435 1260 524 1340; x_wconf 76' lang='grc' dir='ltr'>Πατρὶ</span> <span class='ocrx_word' id='word_1_136' title='bbox 540 1267 556 1333; x_wconf 74' lang='grc' dir='ltr'>ἡ</span> <span class='ocrx_word' id='word_1_137' title='bbox 573 1259 646 1333; x_wconf 80' lang='grc' dir='ltr'>δόξα,</span> <span class='ocrx_word' id='word_1_138' title='bbox 667 1261 724 1339; x_wconf 80' lang='grc' dir='ltr'>ἅμα</span> <span class='ocrx_word' id='word_1_139' title='bbox 743 1266 781 1343; x_wconf 80' lang='grc' dir='ltr'>τῷ</span> <span class='ocrx_word' id='word_1_140' title='bbox 795 1261 862 1341; x_wconf 83' lang='grc' dir='ltr'>ἁγίῳ</span> <span class='ocrx_word' id='word_1_141' title='bbox 918 1261 977 1319; x_wconf 84' lang='lat' dir='ltr'>lons</span> <span class='ocrx_word' id='word_1_142' title='bbox 996 1258 1031 1319; x_wconf 83' lang='lat' dir='ltr'>ad</span> <span class='ocrx_word' id='word_1_143' title='bbox 1047 1262 1167 1341; x_wconf 89' lang='lat' dir='ltr'>corporis</span> <span class='ocrx_word' id='word_1_144' title='bbox 1186 1283 1264 1320; x_wconf 89' lang='lat' dir='ltr'>usum</span> <span class='ocrx_word' id='word_1_145' title='bbox 1285 1263 1412 1343; x_wconf 85' lang='lat' dir='ltr'>praeberc.</span> <span class='ocrx_word' id='word_1_146' title='bbox 1432 1265 1462 1324; x_wconf 90' lang='lat' dir='ltr'>Si</span> <span class='ocrx_word' id='word_1_147' title='bbox 1484 1266 1557 1324; x_wconf 89' lang='lat' dir='ltr'>enim</span> <span class='ocrx_word' id='word_1_148' title='bbox 1579 1266 1663 1346; x_wconf 84' lang='lat' dir='ltr'>hujus</span> 
     </span>
     <span class='ocr_line' id='line_1_12' title="bbox 45 1339 1663 1426; baseline 0.004 -27"><span class='ocrx_word' id='word_1_149' title='bbox 45 1366 55 1399; x_wconf 78' lang='grc' dir='ltr'>ε</span> <span class='ocrx_word' id='word_1_150' title='bbox 86 1343 242 1426; x_wconf 66' lang='lat' dir='ltr'>noviper-c,</span> <span class='ocrx_word' id='word_1_151' title='bbox 256 1351 300 1405; x_wconf 90' lang='grc' dir='ltr'>νῦν</span> <span class='ocrx_word' id='word_1_152' title='bbox 316 1341 361 1405; x_wconf 73' lang='grc' dir='ltr'>καί</span> <span class='ocrx_word' id='word_1_153' title='bbox 376 1340 427 1416; x_wconf 68' lang='lat' dir='ltr'>tet,</span> <span class='ocrx_word' id='word_1_154' title='bbox 439 1340 484 1399; x_wconf 78' lang='grc' dir='ltr'>καὶ</span> <span class='ocrx_word' id='word_1_155' title='bbox 499 1340 537 1407; x_wconf 78' lang='grc' dir='ltr'>εἰς</span> <span class='ocrx_word' id='word_1_156' title='bbox 549 1340 608 1407; x_wconf 81' lang='grc' dir='ltr'>τοὺς</span> <span class='ocrx_word' id='word_1_157' title='bbox 621 1344 718 1408; x_wconf 82' lang='grc' dir='ltr'>αἰῶνας</span> <span class='ocrx_word' id='word_1_158' title='bbox 730 1347 783 1401; x_wconf 92' lang='grc' dir='ltr'>τῶν</span> <span class='ocrx_word' id='word_1_159' title='bbox 798 1341 862 1399; x_wconf 76' lang='lat' dir='ltr'>aici-</span> <span class='ocrx_word' id='word_1_160' title='bbox 918 1339 957 1398; x_wconf 92' lang='lat' dir='ltr'>rei</span> <span class='ocrx_word' id='word_1_161' title='bbox 975 1361 1106 1399; x_wconf 82' lang='lat' dir='ltr'>memores</span> <span class='ocrx_word' id='word_1_162' title='bbox 1124 1355 1253 1422; x_wconf 89' lang='lat' dir='ltr'>perpetuo</span> <span class='ocrx_word' id='word_1_163' title='bbox 1267 1343 1409 1419; x_wconf 80' lang='lat' dir='ltr'>fuerimus,</span> <span class='ocrx_word' id='word_1_164' title='bbox 1427 1342 1534 1405; x_wconf 81' lang='lat' dir='ltr'>assidue</span> <span class='ocrx_word' id='word_1_165' title='bbox 1547 1359 1663 1405; x_wconf 86' lang='lat' dir='ltr'>mentem</span> 
     </span>
     <span class='ocr_line' id='line_1_13' title="bbox 45 1419 1664 1516; baseline 0.01 -47"><span class='ocrx_word' id='word_1_166' title='bbox 45 1448 59 1482; x_wconf 91' lang='lat'><strong>:</strong></span> <span class='ocrx_word' id='word_1_167' title='bbox 90 1446 147 1489; x_wconf 64' lang='lat' dir='ltr'>m,</span> <span class='ocrx_word' id='word_1_168' title='bbox 175 1422 269 1500; x_wconf 66' lang='grc' dir='ltr'>Ἀμήν,</span> <span class='ocrx_word' id='word_1_169' title='bbox 919 1432 1038 1478; x_wconf 86' lang='lat' dir='ltr'>nostram</span> <span class='ocrx_word' id='word_1_170' title='bbox 1050 1419 1198 1497; x_wconf 84' lang='lat' dir='ltr'>abluentes,</span> <span class='ocrx_word' id='word_1_171' title='bbox 1212 1442 1275 1480; x_wconf 90' lang='lat' dir='ltr'>cum</span> <span class='ocrx_word' id='word_1_172' title='bbox 1289 1443 1371 1502; x_wconf 92' lang='lat' dir='ltr'>puras</span> <span class='ocrx_word' id='word_1_173' title='bbox 1391 1423 1488 1482; x_wconf 83' lang='lat' dir='ltr'>offerre</span> <span class='ocrx_word' id='word_1_174' title='bbox 1501 1446 1596 1515; x_wconf 84' lang='lat' dir='ltr'>preces</span> <span class='ocrx_word' id='word_1_175' title='bbox 1611 1447 1664 1516; x_wconf 90' lang='lat' dir='ltr'>po-</span> 
     </span>
     <span class='ocr_line' id='line_1_14' title="bbox 92 1498 1666 1591; baseline 0.01 -43"><span class='ocrx_word' id='word_1_176' title='bbox 92 1498 98 1510; x_wconf 94' lang='grc'><em>“</em></span> <span class='ocrx_word' id='word_1_177' title='bbox 918 1499 1040 1573; x_wconf 90' lang='lat' dir='ltr'>terimus,</span> <span class='ocrx_word' id='word_1_178' title='bbox 1052 1512 1111 1558; x_wconf 89' lang='lat' dir='ltr'>tum</span> <span class='ocrx_word' id='word_1_179' title='bbox 1123 1520 1248 1591; x_wconf 67' lang='lat' dir='ltr'>magnam</span> <span class='ocrx_word' id='word_1_180' title='bbox 1261 1499 1334 1581; x_wconf 88' lang='lat' dir='ltr'>apud</span> <span class='ocrx_word' id='word_1_181' title='bbox 1344 1504 1434 1561; x_wconf 87' lang='lat' dir='ltr'>Deum</span> <span class='ocrx_word' id='word_1_182' title='bbox 1444 1503 1522 1562; x_wconf 80' lang='lat' dir='ltr'>nobis</span> <span class='ocrx_word' id='word_1_183' title='bbox 1534 1503 1666 1563; x_wconf 80' lang='lat' dir='ltr'>fiduciam</span> 
     </span>
     <span class='ocr_line' id='line_1_15' title="bbox 920 1579 1665 1664; baseline 0.008 -28"><span class='ocrx_word' id='word_1_184' title='bbox 920 1591 945 1636; x_wconf 90' lang='lat' dir='ltr'>et</span> <span class='ocrx_word' id='word_1_185' title='bbox 959 1579 1074 1657; x_wconf 72' lang='lat' dir='ltr'>gratiam</span> <span class='ocrx_word' id='word_1_186' title='bbox 1084 1579 1237 1656; x_wconf 78' lang='lat' dir='ltr'>conciliare,</span> <span class='ocrx_word' id='word_1_187' title='bbox 1247 1601 1395 1660; x_wconf 82' lang='lat' dir='ltr'>acregnum</span> <span class='ocrx_word' id='word_1_188' title='bbox 1405 1581 1531 1642; x_wconf 70' lang='lat' dir='ltr'>caelorum</span> <span class='ocrx_word' id='word_1_189' title='bbox 1540 1582 1665 1664; x_wconf 84' lang='lat' dir='ltr'>adipisci,</span> 
     </span>
    </p>

    <p class='ocr_par' dir='ltr' id='par_1_3' title="bbox 920 1658 1663 1738">
     <span class='ocr_line' id='line_1_16' title="bbox 920 1658 1663 1738; baseline 0.009 -23"><span class='ocrx_word' id='word_1_190' title='bbox 920 1658 1006 1736; x_wconf 83' lang='lat' dir='ltr'>gratia</span> <span class='ocrx_word' id='word_1_191' title='bbox 1019 1671 1044 1717; x_wconf 91' lang='lat' dir='ltr'>et</span> <span class='ocrx_word' id='word_1_192' title='bbox 1055 1658 1219 1737; x_wconf 79' lang='lat' dir='ltr'>benignitate</span> <span class='ocrx_word' id='word_1_193' title='bbox 1235 1661 1345 1719; x_wconf 85' lang='lat' dir='ltr'>Domini</span> <span class='ocrx_word' id='word_1_194' title='bbox 1367 1661 1451 1720; x_wconf 90' lang='lat' dir='ltr'>nostri</span> <span class='ocrx_word' id='word_1_195' title='bbox 1463 1664 1528 1723; x_wconf 85' lang='lat' dir='ltr'>Jesu</span> <span class='ocrx_word' id='word_1_196' title='bbox 1550 1662 1663 1738; x_wconf 83' lang='lat' dir='ltr'>Christi,</span> 
     </span>
    </p>

    <p class='ocr_par' dir='ltr' id='par_1_4' title="bbox 920 1740 1664 1832">
     <span class='ocr_line' id='line_1_17' title="bbox 920 1740 1664 1832; baseline 0.007 -35"><span class='ocrx_word' id='word_1_197' title='bbox 920 1759 969 1817; x_wconf 88' lang='lat' dir='ltr'>per</span> <span class='ocrx_word' id='word_1_198' title='bbox 982 1759 1062 1816; x_wconf 90' lang='lat' dir='ltr'>quem</span> <span class='ocrx_word' id='word_1_199' title='bbox 1075 1751 1101 1796; x_wconf 91' lang='lat' dir='ltr'>et</span> <span class='ocrx_word' id='word_1_200' title='bbox 1115 1759 1177 1797; x_wconf 88' lang='lat' dir='ltr'>cnm</span> <span class='ocrx_word' id='word_1_201' title='bbox 1190 1760 1244 1817; x_wconf 92' lang='lat' dir='ltr'>qno</span> <span class='ocrx_word' id='word_1_202' title='bbox 1255 1740 1331 1799; x_wconf 84' lang='lat' dir='ltr'>Petri</span> <span class='ocrx_word' id='word_1_203' title='bbox 1344 1741 1559 1832; x_wconf 60' lang='lat' dir='ltr'>plurimumque</span> <span class='ocrx_word' id='word_1_204' title='bbox 1573 1756 1664 1802; x_wconf 83' lang='lat' dir='ltr'>sancto</span> 
     </span>
    </p>

    <p class='ocr_par' dir='ltr' id='par_1_5' title="bbox 920 1816 1665 1899">
     <span class='ocr_line' id='line_1_18' title="bbox 920 1816 1665 1899; baseline 0.007 -24"><span class='ocrx_word' id='word_1_205' title='bbox 920 1816 1046 1897; x_wconf 89' lang='lat' dir='ltr'>Spiritui,</span> <span class='ocrx_word' id='word_1_206' title='bbox 1056 1838 1127 1876; x_wconf 91' lang='lat' dir='ltr'>nnnc</span> <span class='ocrx_word' id='word_1_207' title='bbox 1140 1831 1167 1876; x_wconf 88' lang='lat' dir='ltr'>et</span> <span class='ocrx_word' id='word_1_208' title='bbox 1177 1839 1291 1899; x_wconf 85' lang='lat' dir='ltr'>semper,</span> <span class='ocrx_word' id='word_1_209' title='bbox 1306 1833 1332 1878; x_wconf 91' lang='lat' dir='ltr'>et</span> <span class='ocrx_word' id='word_1_210' title='bbox 1346 1841 1373 1878; x_wconf 89' lang='lat' dir='ltr'>m</span> <span class='ocrx_word' id='word_1_211' title='bbox 1388 1819 1485 1880; x_wconf 78' lang='lat' dir='ltr'>sucula</span> <span class='ocrx_word' id='word_1_212' title='bbox 1495 1821 1665 1881; x_wconf 75' lang='lat' dir='ltr'>seculorum.</span> 
     </span>
    </p>
   </div>
   <div class='ocr_carea' id='block_1_3' title="bbox 271 2531 1495 2652">
    <p class='ocr_par' dir='ltr' id='par_1_6' title="bbox 271 2531 1495 2652">
     <span class='ocr_line' id='line_1_19' title="bbox 271 2531 1495 2652; baseline 0 -42"><span class='ocrx_word' id='word_1_213' title='bbox 271 2535 334 2610; x_wconf 85' lang='grc' dir='ltr'>ΑΙ)</span> <span class='ocrx_word' id='word_1_214' title='bbox 364 2531 608 2608; x_wconf 85' lang='lat' dir='ltr'><strong>HOMILIAM</strong></span> <span class='ocrx_word' id='word_1_215' title='bbox 633 2532 683 2605; x_wconf 87' lang='lat' dir='ltr'>IN</span> <span class='ocrx_word' id='word_1_216' title='bbox 708 2532 968 2607; x_wconf 87' lang='lat' dir='ltr'><strong>SECUNDUM</strong></span> <span class='ocrx_word' id='word_1_217' title='bbox 995 2531 1267 2652; x_wconf 69' lang='lat' dir='ltr'>inveniunt</span> <span class='ocrx_word' id='word_1_218' title='bbox 1293 2536 1495 2611; x_wconf 77' lang='lat' dir='ltr'>cnntsrt.</span> 
     </span>
    </p>
   </div>
   <div class='ocr_carea' id='block_1_4' title="bbox 45 2731 1759 5259">
    <p class='ocr_par' dir='ltr' id='par_1_7' title="bbox 51 2731 1671 3108">
     <span class='ocr_line' id='line_1_20' title="bbox 98 2731 1671 2822; baseline -0.001 -22"><span class='ocrx_word' id='word_1_219' title='bbox 98 2766 104 2771; x_wconf 97' lang='lat'>·</span> <span class='ocrx_word' id='word_1_220' title='bbox 128 2738 231 2822; x_wconf 76' lang='lat' dir='ltr'>liujus</span> <span class='ocrx_word' id='word_1_221' title='bbox 249 2735 369 2797; x_wconf 78' lang='lat' dir='ltr'>homiliae</span> <span class='ocrx_word' id='word_1_222' title='bbox 388 2733 464 2796; x_wconf 85' lang='lat' dir='ltr'>varia</span> <span class='ocrx_word' id='word_1_223' title='bbox 487 2733 611 2793; x_wconf 83' lang='lat' dir='ltr'>seruntur</span> <span class='ocrx_word' id='word_1_224' title='bbox 632 2731 708 2791; x_wconf 90' lang='lat' dir='ltr'>initia</span> <span class='ocrx_word' id='word_1_225' title='bbox 728 2731 756 2790; x_wconf 91' lang='lat' dir='ltr'>in</span> <span class='ocrx_word' id='word_1_226' title='bbox 776 2731 924 2792; x_wconf 73' lang='lat' dir='ltr'>(lodicibus</span> <span class='ocrx_word' id='word_1_227' title='bbox 948 2753 1013 2792; x_wconf 91' lang='lat' dir='ltr'>mss.</span> <span class='ocrx_word' id='word_1_228' title='bbox 1033 2732 1093 2793; x_wconf 75' lang='lat' dir='ltr'>Atii</span> <span class='ocrx_word' id='word_1_229' title='bbox 1118 2733 1190 2794; x_wconf 91' lang='lat' dir='ltr'>enim</span> <span class='ocrx_word' id='word_1_230' title='bbox 1209 2734 1248 2794; x_wconf 90' lang='lat' dir='ltr'>sic</span> <span class='ocrx_word' id='word_1_231' title='bbox 1268 2734 1542 2819; x_wconf 75' lang='grc' dir='ltr'>οιιίίιιιιιιιιιμεγόλα</span> <span class='ocrx_word' id='word_1_232' title='bbox 1554 2740 1671 2802; x_wconf 71' lang='grc' dir='ltr'>τινὰκαὶ</span> 
     </span>
     <span class='ocr_line' id='line_1_21' title="bbox 57 2826 1671 2920; baseline 0.001 -27"><span class='ocrx_word' id='word_1_233' title='bbox 57 2839 263 2920; x_wconf 63' lang='grc' dir='ltr'>δμρρυῆτῇ</span> <span class='ocrx_word' id='word_1_234' title='bbox 277 2831 404 2914; x_wconf 78' lang='grc' dir='ltr'>πρστίρρ·</span> <span class='ocrx_word' id='word_1_235' title='bbox 416 2828 464 2888; x_wconf 83' lang='lat' dir='ltr'>alii</span> <span class='ocrx_word' id='word_1_236' title='bbox 475 2849 587 2888; x_wconf 89' lang='lat' dir='ltr'>numero</span> <span class='ocrx_word' id='word_1_237' title='bbox 595 2827 685 2908; x_wconf 88' lang='lat' dir='ltr'>plures</span> <span class='ocrx_word' id='word_1_238' title='bbox 695 2827 735 2887; x_wconf 88' lang='lat' dir='ltr'>sic</span> <span class='ocrx_word' id='word_1_239' title='bbox 744 2827 855 2887; x_wconf 69' lang='lat' dir='ltr'>habente</span> <span class='ocrx_word' id='word_1_240' title='bbox 864 2826 982 2907; x_wconf 74' lang='grc' dir='ltr'>ἐνόμιζον</span> <span class='ocrx_word' id='word_1_241' title='bbox 993 2828 1099 2908; x_wconf 78' lang='grc' dir='ltr'>μεγιίλα</span> <span class='ocrx_word' id='word_1_242' title='bbox 1116 2827 1230 2888; x_wconf 70' lang='lat' dir='ltr'>eccheai</span> <span class='ocrx_word' id='word_1_243' title='bbox 1240 2832 1361 2911; x_wconf 71' lang='grc' dir='ltr'>ὑπερφυῆ</span> <span class='ocrx_word' id='word_1_244' title='bbox 1371 2835 1405 2911; x_wconf 80' lang='grc' dir='ltr'>τῇ</span> <span class='ocrx_word' id='word_1_245' title='bbox 1415 2831 1542 2915; x_wconf 71' lang='grc' dir='ltr'>προτέρᾳ·</span> <span class='ocrx_word' id='word_1_246' title='bbox 1552 2849 1671 2912; x_wconf 88' lang='lat' dir='ltr'>unns,ut</span> 
     </span>
     <span class='ocr_line' id='line_1_22' title="bbox 59 2921 1668 3007; baseline -0.001 -16"><span class='ocrx_word' id='word_1_247' title='bbox 59 2951 163 2997; x_wconf 68' lang='lat' dir='ltr'>m</span> <span class='ocrx_word' id='word_1_248' title='bbox 172 2928 328 2991; x_wconf 76' lang='lat' dir='ltr'>videbitur:</span> <span class='ocrx_word' id='word_1_249' title='bbox 339 2925 438 3004; x_wconf 71' lang='grc' dir='ltr'>νομίζω</span> <span class='ocrx_word' id='word_1_250' title='bbox 452 2922 567 3005; x_wconf 75' lang='grc' dir='ltr'>μεγαλα.</span> <span class='ocrx_word' id='word_1_251' title='bbox 582 2925 651 2982; x_wconf 82' lang='lat' dir='ltr'>Eam</span> <span class='ocrx_word' id='word_1_252' title='bbox 667 2943 717 3002; x_wconf 91' lang='lat' dir='ltr'>pro</span> <span class='ocrx_word' id='word_1_253' title='bbox 730 2942 857 3002; x_wconf 78' lang='lat' dir='ltr'>germano</span> <span class='ocrx_word' id='word_1_254' title='bbox 874 2921 1061 3003; x_wconf 84' lang='lat' dir='ltr'>Chrysostomi</span> <span class='ocrx_word' id='word_1_255' title='bbox 1076 2923 1131 2981; x_wconf 86' lang='lat' dir='ltr'>ictu</span> <span class='ocrx_word' id='word_1_256' title='bbox 1152 2923 1273 3004; x_wconf 88' lang='lat' dir='ltr'>primum</span> <span class='ocrx_word' id='word_1_257' title='bbox 1285 2925 1416 2984; x_wconf 84' lang='lat' dir='ltr'>habuerat</span> <span class='ocrx_word' id='word_1_258' title='bbox 1426 2926 1526 2987; x_wconf 87' lang='lat' dir='ltr'>Fronto</span> <span class='ocrx_word' id='word_1_259' title='bbox 1540 2928 1668 3007; x_wconf 76' lang='lat' dir='ltr'>Ducaeus,</span> 
     </span>
     <span class='ocr_line' id='line_1_23' title="bbox 51 3016 1385 3108; baseline -0.007 -25"><span class='ocrx_word' id='word_1_260' title='bbox 51 3023 141 3089; x_wconf 58' lang='lat' dir='ltr'>§d</span> <span class='ocrx_word' id='word_1_261' title='bbox 153 3037 252 3108; x_wconf 77' lang='lat' dir='ltr'>postea</span> <span class='ocrx_word' id='word_1_262' title='bbox 267 3034 406 3081; x_wconf 83' lang='lat' dir='ltr'>centonem</span> <span class='ocrx_word' id='word_1_263' title='bbox 416 3040 481 3078; x_wconf 89' lang='lat' dir='ltr'>esse</span> <span class='ocrx_word' id='word_1_264' title='bbox 494 3016 699 3096; x_wconf 85' lang='lat' dir='ltr'>animadvertit,</span> <span class='ocrx_word' id='word_1_265' title='bbox 715 3038 770 3097; x_wconf 84' lang='lat' dir='ltr'>qua</span> <span class='ocrx_word' id='word_1_266' title='bbox 783 3017 818 3076; x_wconf 91' lang='lat' dir='ltr'>de</span> <span class='ocrx_word' id='word_1_267' title='bbox 829 3038 858 3076; x_wconf 88' lang='lat' dir='ltr'>re</span> <span class='ocrx_word' id='word_1_268' title='bbox 870 3017 1022 3077; x_wconf 88' lang='lat' dir='ltr'>audiendus</span> <span class='ocrx_word' id='word_1_269' title='bbox 1033 3016 1098 3098; x_wconf 88' lang='lat' dir='ltr'>ipse.</span> <span class='ocrx_word' id='word_1_270' title='bbox 1382 3036 1385 3042; x_wconf 84' lang='lat'><em>·</em></span> 
     </span>
    </p>

    <p class='ocr_par' dir='ltr' id='par_1_8' title="bbox 45 3111 1759 5259">
     <span class='ocr_line' id='line_1_24' title="bbox 134 3111 1671 3191; baseline -0.001 -12"><span class='ocrx_word' id='word_1_271' title='bbox 134 3119 210 3181; x_wconf 78' lang='lat' dir='ltr'>Non</span> <span class='ocrx_word' id='word_1_272' title='bbox 223 3117 371 3176; x_wconf 78' lang='lat' dir='ltr'>codicibus</span> <span class='ocrx_word' id='word_1_273' title='bbox 382 3125 496 3172; x_wconf 88' lang='lat' dir='ltr'>tantum</span> <span class='ocrx_word' id='word_1_274' title='bbox 507 3131 576 3170; x_wconf 89' lang='lat' dir='ltr'>mss.</span> <span class='ocrx_word' id='word_1_275' title='bbox 593 3112 701 3191; x_wconf 80' lang='lat' dir='ltr'>Regiis,</span> <span class='ocrx_word' id='word_1_276' title='bbox 717 3112 854 3171; x_wconf 80' lang='lat' dir='ltr'>Mediceis</span> <span class='ocrx_word' id='word_1_277' title='bbox 866 3111 1042 3171; x_wconf 71' lang='lat' dir='ltr'>credidimus</span> <span class='ocrx_word' id='word_1_278' title='bbox 1050 3112 1128 3169; x_wconf 87' lang='lat' dir='ltr'>hune</span> <span class='ocrx_word' id='word_1_279' title='bbox 1142 3122 1303 3171; x_wconf 71' lang='lat' dir='ltr'>mactatum</span> <span class='ocrx_word' id='word_1_280' title='bbox 1316 3115 1528 3187; x_wconf 73' lang='lat' dir='ltr'>chrysostomo</span> <span class='ocrx_word' id='word_1_281' title='bbox 1540 3137 1671 3179; x_wconf 87' lang='lat' dir='ltr'>asseren-</span> 
     </span>
     <span class='ocr_line' id='line_1_25' title="bbox 64 3204 1673 3293; baseline -0.001 -19"><span class='ocrx_word' id='word_1_282' title='bbox 64 3204 191 3293; x_wconf 61' lang='lat' dir='ltr'>ir&#39;hrts,</span> <span class='ocrx_word' id='word_1_283' title='bbox 203 3212 257 3274; x_wconf 91' lang='lat' dir='ltr'>sed</span> <span class='ocrx_word' id='word_1_284' title='bbox 269 3224 297 3272; x_wconf 90' lang='lat' dir='ltr'>et</span> <span class='ocrx_word' id='word_1_285' title='bbox 311 3209 487 3291; x_wconf 80' lang='lat' dir='ltr'>quibusdam</span> <span class='ocrx_word' id='word_1_286' title='bbox 501 3207 626 3278; x_wconf 81' lang='lat' dir='ltr'>Italicis,</span> <span class='ocrx_word' id='word_1_287' title='bbox 641 3211 694 3287; x_wconf 86' lang='lat' dir='ltr'>qui</span> <span class='ocrx_word' id='word_1_288' title='bbox 705 3221 815 3266; x_wconf 89' lang='lat' dir='ltr'>tomum</span> <span class='ocrx_word' id='word_1_289' title='bbox 830 3207 1063 3287; x_wconf 87' lang='lat' dir='ltr'>complectuntur</span> <span class='ocrx_word' id='word_1_290' title='bbox 1076 3206 1162 3266; x_wconf 85' lang='lat' dir='ltr'>titulo</span> <span class='ocrx_word' id='word_1_291' title='bbox 1173 3208 1231 3277; x_wconf 78' lang='grc' dir='ltr'>Τῆς</span> <span class='ocrx_word' id='word_1_292' title='bbox 1247 3205 1340 3286; x_wconf 78' lang='grc' dir='ltr'>βίὸλου</span> <span class='ocrx_word' id='word_1_293' title='bbox 1353 3211 1405 3268; x_wconf 88' lang='grc' dir='ltr'>τῶν</span> <span class='ocrx_word' id='word_1_294' title='bbox 1421 3215 1591 3293; x_wconf 81' lang='grc' dir='ltr'>μαργαριτῶν</span> <span class='ocrx_word' id='word_1_295' title='bbox 1601 3217 1673 3274; x_wconf 86' lang='lat' dir='ltr'>insi·</span> 
     </span>
     <span class='ocr_line' id='line_1_26' title="bbox 48 3280 1673 3399; baseline 0.001 -33"><span class='ocrx_word' id='word_1_296' title='bbox 48 3280 235 3399; x_wconf 40' lang='lat' dir='ltr'>ditum:</span> <span class='ocrx_word' id='word_1_297' title='bbox 246 3325 315 3364; x_wconf 87' lang='lat' dir='ltr'>nam</span> <span class='ocrx_word' id='word_1_298' title='bbox 327 3302 485 3362; x_wconf 83' lang='lat' dir='ltr'>interillos</span> <span class='ocrx_word' id='word_1_299' title='bbox 498 3300 636 3360; x_wconf 84' lang='lat' dir='ltr'>homilias</span> <span class='ocrx_word' id='word_1_300' title='bbox 655 3301 881 3382; x_wconf 72' lang='lat' dir='ltr'>quadragesima</span> <span class='ocrx_word' id='word_1_301' title='bbox 896 3314 1005 3380; x_wconf 83' lang='lat' dir='ltr'>quarta</span> <span class='ocrx_word' id='word_1_302' title='bbox 1024 3313 1207 3372; x_wconf 79' lang='lat' dir='ltr'>numeratur,</span> <span class='ocrx_word' id='word_1_303' title='bbox 1220 3303 1267 3369; x_wconf 68' lang='lat' dir='ltr'>Et&lt;</span> <span class='ocrx_word' id='word_1_304' title='bbox 1278 3302 1318 3375; x_wconf 86' lang='grc' dir='ltr'>τὸ,</span> <span class='ocrx_word' id='word_1_305' title='bbox 1328 3302 1432 3369; x_wconf 78' lang='grc' dir='ltr'>Πάντες</span> <span class='ocrx_word' id='word_1_306' title='bbox 1446 3305 1673 3385; x_wconf 75' lang='grc' dir='ltr'>παραστησόμεθα</span> 
     </span>
     <span class='ocr_line' id='line_1_27' title="bbox 46 3393 1673 3485; baseline 0.002 -27"><span class='ocrx_word' id='word_1_307' title='bbox 46 3404 142 3485; x_wconf 53' lang='grc' dir='ltr'>«ἦ</span> <span class='ocrx_word' id='word_1_308' title='bbox 153 3401 259 3482; x_wconf 65' lang='grc' dir='ltr'>βήματι</span> <span class='ocrx_word' id='word_1_309' title='bbox 272 3404 319 3460; x_wconf 83' lang='grc' dir='ltr'>τοῦ</span> <span class='ocrx_word' id='word_1_310' title='bbox 338 3399 463 3478; x_wconf 83' lang='grc' dir='ltr'>Χριστοῦ.</span> <span class='ocrx_word' id='word_1_311' title='bbox 479 3394 566 3479; x_wconf 68' lang='grc' dir='ltr'>ἀρχή·</span> <span class='ocrx_word' id='word_1_312' title='bbox 581 3393 679 3474; x_wconf 76' lang='grc' dir='ltr'>νομίζω</span> <span class='ocrx_word' id='word_1_313' title='bbox 701 3397 814 3475; x_wconf 64' lang='grc' dir='ltr'>μεγάλα.</span> <span class='ocrx_word' id='word_1_314' title='bbox 837 3400 1044 3456; x_wconf 81' lang='lat' dir='ltr'>Verumtamen</span> <span class='ocrx_word' id='word_1_315' title='bbox 1059 3416 1166 3456; x_wconf 78' lang='lat' dir='ltr'>excuso</span> <span class='ocrx_word' id='word_1_316' title='bbox 1176 3399 1243 3477; x_wconf 81' lang='lat' dir='ltr'>jam</span> <span class='ocrx_word' id='word_1_317' title='bbox 1265 3408 1406 3475; x_wconf 88' lang='lat' dir='ltr'>tractatu,</span> <span class='ocrx_word' id='word_1_318' title='bbox 1432 3399 1503 3456; x_wconf 84' lang='lat' dir='ltr'>dum</span> <span class='ocrx_word' id='word_1_319' title='bbox 1517 3401 1573 3460; x_wconf 84' lang='lat' dir='ltr'>has</span> <span class='ocrx_word' id='word_1_320' title='bbox 1587 3413 1673 3461; x_wconf 88' lang='lat' dir='ltr'>notas</span> 
     </span>
     <span class='ocr_line' id='line_1_28' title="bbox 45 3470 1674 3587; baseline 0 -33"><span class='ocrx_word' id='word_1_321' title='bbox 45 3470 289 3587; x_wconf 55' lang='lat' dir='ltr'>fferam,</span> <span class='ocrx_word' id='word_1_322' title='bbox 296 3495 406 3576; x_wconf 77' lang='lat' dir='ltr'>sucum</span> <span class='ocrx_word' id='word_1_323' title='bbox 423 3493 629 3572; x_wconf 81' lang='lat' dir='ltr'>nobisjactum</span> <span class='ocrx_word' id='word_1_324' title='bbox 643 3512 663 3550; x_wconf 87' lang='lat' dir='ltr'>a</span> <span class='ocrx_word' id='word_1_325' title='bbox 678 3492 800 3550; x_wconf 87' lang='lat' dir='ltr'>librario</span> <span class='ocrx_word' id='word_1_326' title='bbox 815 3493 1068 3572; x_wconf 71' lang='lat' dir='ltr'>deprehendimus,</span> <span class='ocrx_word' id='word_1_327' title='bbox 1086 3492 1157 3551; x_wconf 90' lang='lat' dir='ltr'>dum</span> <span class='ocrx_word' id='word_1_328' title='bbox 1169 3492 1321 3550; x_wconf 79' lang='lat' dir='ltr'>exordium</span> <span class='ocrx_word' id='word_1_329' title='bbox 1337 3506 1447 3552; x_wconf 82' lang='lat' dir='ltr'>nornm</span> <span class='ocrx_word' id='word_1_330' title='bbox 1459 3497 1554 3554; x_wconf 83' lang='lat' dir='ltr'>assuit</span> <span class='ocrx_word' id='word_1_331' title='bbox 1566 3496 1674 3554; x_wconf 83' lang='lat' dir='ltr'>morali</span> 
     </span>
     <span class='ocr_line' id='line_1_29' title="bbox 46 3586 1676 3669; baseline -0.002 -18"><span class='ocrx_word' id='word_1_332' title='bbox 46 3591 302 3659; x_wconf 54' lang='lat' dir='ltr'>matiani</span> <span class='ocrx_word' id='word_1_333' title='bbox 315 3588 454 3646; x_wconf 82' lang='lat' dir='ltr'>Homilioe</span> <span class='ocrx_word' id='word_1_334' title='bbox 470 3588 611 3644; x_wconf 75' lang='lat' dir='ltr'>vicesimae</span> <span class='ocrx_word' id='word_1_335' title='bbox 623 3588 733 3665; x_wconf 74' lang='lat' dir='ltr'>quintae</span> <span class='ocrx_word' id='word_1_336' title='bbox 746 3588 778 3644; x_wconf 87' lang='lat' dir='ltr'>in</span> <span class='ocrx_word' id='word_1_337' title='bbox 788 3588 884 3667; x_wconf 85' lang='lat' dir='ltr'>Epist.</span> <span class='ocrx_word' id='word_1_338' title='bbox 899 3586 941 3645; x_wconf 89' lang='lat' dir='ltr'>ad</span> <span class='ocrx_word' id='word_1_339' title='bbox 951 3588 1110 3664; x_wconf 81' lang='lat' dir='ltr'>Romanos,</span> <span class='ocrx_word' id='word_1_340' title='bbox 1124 3598 1153 3645; x_wconf 88' lang='lat' dir='ltr'>et</span> <span class='ocrx_word' id='word_1_341' title='bbox 1166 3589 1318 3645; x_wconf 86' lang='lat' dir='ltr'>tricesimoe</span> <span class='ocrx_word' id='word_1_342' title='bbox 1327 3591 1440 3665; x_wconf 84' lang='lat' dir='ltr'>primae,</span> <span class='ocrx_word' id='word_1_343' title='bbox 1457 3600 1609 3669; x_wconf 83' lang='lat' dir='ltr'>tamquam</span> <span class='ocrx_word' id='word_1_344' title='bbox 1621 3591 1676 3648; x_wconf 80' lang='lat' dir='ltr'>rani</span> 
     </span>
     <span class='ocr_line' id='line_1_30' title="bbox 66 3681 1674 3769; baseline -0.001 -24"><span class='ocrx_word' id='word_1_345' title='bbox 66 3689 196 3769; x_wconf 60' lang='lat' dir='ltr'>ospiti</span> <span class='ocrx_word' id='word_1_346' title='bbox 204 3686 318 3745; x_wconf 88' lang='lat' dir='ltr'>duobus</span> <span class='ocrx_word' id='word_1_347' title='bbox 328 3684 490 3765; x_wconf 81' lang='lat' dir='ltr'>subjunctis</span> <span class='ocrx_word' id='word_1_348' title='bbox 504 3683 671 3760; x_wconf 87' lang='lat' dir='ltr'>corporibus</span> <span class='ocrx_word' id='word_1_349' title='bbox 683 3704 692 3737; x_wconf 77' lang='grc' dir='ltr'>ι</span> <span class='ocrx_word' id='word_1_350' title='bbox 704 3683 784 3762; x_wconf 83' lang='lat' dir='ltr'>quod</span> <span class='ocrx_word' id='word_1_351' title='bbox 793 3686 887 3762; x_wconf 89' lang='lat' dir='ltr'>ipsum</span> <span class='ocrx_word' id='word_1_352' title='bbox 904 3682 1003 3741; x_wconf 88' lang='lat' dir='ltr'>multis</span> <span class='ocrx_word' id='word_1_353' title='bbox 1015 3685 1163 3762; x_wconf 84' lang='lat' dir='ltr'>imposuit,</span> <span class='ocrx_word' id='word_1_354' title='bbox 1175 3685 1227 3762; x_wconf 84' lang='lat' dir='ltr'>qui</span> <span class='ocrx_word' id='word_1_355' title='bbox 1237 3681 1394 3762; x_wconf 82' lang='lat' dir='ltr'>plerusque</span> <span class='ocrx_word' id='word_1_356' title='bbox 1405 3683 1447 3741; x_wconf 85' lang='lat' dir='ltr'>ad</span> <span class='ocrx_word' id='word_1_357' title='bbox 1455 3685 1596 3763; x_wconf 87' lang='lat' dir='ltr'>populum</span> <span class='ocrx_word' id='word_1_358' title='bbox 1606 3684 1674 3744; x_wconf 85' lang='lat' dir='ltr'>An·</span> 
     </span>
     <span class='ocr_line' id='line_1_31' title="bbox 45 3770 1675 3881; baseline -0.002 -40"><span class='ocrx_word' id='word_1_359' title='bbox 45 3770 272 3881; x_wconf 48' lang='lat' dir='ltr'>ff&#39;pochenum</span> <span class='ocrx_word' id='word_1_360' title='bbox 285 3779 423 3839; x_wconf 88' lang='lat' dir='ltr'>homilias</span> <span class='ocrx_word' id='word_1_361' title='bbox 434 3780 593 3856; x_wconf 87' lang='lat' dir='ltr'>separatim</span> <span class='ocrx_word' id='word_1_362' title='bbox 604 3776 724 3835; x_wconf 87' lang='lat' dir='ltr'>hahitas</span> <span class='ocrx_word' id='word_1_363' title='bbox 736 3790 854 3856; x_wconf 85' lang='lat' dir='ltr'>putant,</span> <span class='ocrx_word' id='word_1_364' title='bbox 868 3799 920 3837; x_wconf 90' lang='lat' dir='ltr'>nec</span> <span class='ocrx_word' id='word_1_365' title='bbox 931 3778 1173 3837; x_wconf 76' lang='lat' dir='ltr'>animadvertunt</span> <span class='ocrx_word' id='word_1_366' title='bbox 1186 3777 1263 3837; x_wconf 91' lang='lat' dir='ltr'>nihil</span> <span class='ocrx_word' id='word_1_367' title='bbox 1276 3778 1363 3836; x_wconf 86' lang='lat' dir='ltr'>aliud</span> <span class='ocrx_word' id='word_1_368' title='bbox 1374 3798 1464 3857; x_wconf 81' lang='lat' dir='ltr'>quam</span> <span class='ocrx_word' id='word_1_369' title='bbox 1477 3790 1616 3838; x_wconf 84' lang='lat' dir='ltr'>centones</span> <span class='ocrx_word' id='word_1_370' title='bbox 1624 3799 1675 3839; x_wconf 88' lang='lat' dir='ltr'>eas</span> 
     </span>
     <span class='ocr_line' id='line_1_32' title="bbox 61 3872 1759 3955; baseline -0.002 -19.028"><span class='ocrx_word' id='word_1_371' title='bbox 56 3894 179 3955; x_wconf 53' lang='lat' dir='ltr'>pte,</span> <span class='ocrx_word' id='word_1_372' title='bbox 194 3887 329 3936; x_wconf 75' lang='lat' dir='ltr'>comatos</span> <span class='ocrx_word' id='word_1_373' title='bbox 341 3896 378 3933; x_wconf 78' lang='lat' dir='ltr'>ex</span> <span class='ocrx_word' id='word_1_374' title='bbox 393 3872 553 3931; x_wconf 85' lang='lat' dir='ltr'>moralibus</span> <span class='ocrx_word' id='word_1_375' title='bbox 565 3872 819 3934; x_wconf 72' lang='lat' dir='ltr'>exhortationibus</span> <span class='ocrx_word' id='word_1_376' title='bbox 832 3874 960 3933; x_wconf 89' lang='lat' dir='ltr'>aliorum</span> <span class='ocrx_word' id='word_1_377' title='bbox 972 3873 1143 3933; x_wconf 65' lang='lat' dir='ltr'>Samarium</span> <span class='ocrx_word' id='word_1_378' title='bbox 1160 3872 1207 3931; x_wconf 84' lang='lat' dir='ltr'>vel</span> <span class='ocrx_word' id='word_1_379' title='bbox 1228 3874 1512 3931; x_wconf 86' lang='lat' dir='ltr'>Commentariorum</span> <span class='ocrx_word' id='word_1_380' title='bbox 1525 3877 1558 3931; x_wconf 88' lang='lat' dir='ltr'>in</span> <span class='ocrx_word' id='word_1_381' title='bbox 1571 3875 1676 3933; x_wconf 83' lang='lat' dir='ltr'>Evan-</span> <span class='ocrx_word' id='word_1_382' title='bbox 1756 3943 1759 3946; x_wconf 14' lang='lat'><strong>⁴</strong></span> 
     </span>
     <span class='ocr_line' id='line_1_33' title="bbox 45 3963 1677 4053; baseline 0 -28"><span class='ocrx_word' id='word_1_383' title='bbox 45 3965 196 4053; x_wconf 30' lang='grc' dir='ltr'>ψυῶν,</span> <span class='ocrx_word' id='word_1_384' title='bbox 213 3967 260 4027; x_wconf 86' lang='lat' dir='ltr'>oel</span> <span class='ocrx_word' id='word_1_385' title='bbox 273 3971 306 4025; x_wconf 91' lang='lat' dir='ltr'>in</span> <span class='ocrx_word' id='word_1_386' title='bbox 321 3964 473 4046; x_wconf 81' lang='lat' dir='ltr'>Epistulas</span> <span class='ocrx_word' id='word_1_387' title='bbox 487 3963 713 4042; x_wconf 84' lang='lat' dir='ltr'>Apostolorum,</span> <span class='ocrx_word' id='word_1_388' title='bbox 740 3978 772 4024; x_wconf 90' lang='lat' dir='ltr'>ut</span> <span class='ocrx_word' id='word_1_389' title='bbox 791 3967 977 4045; x_wconf 78' lang='lat' dir='ltr'>singillatim,</span> <span class='ocrx_word' id='word_1_390' title='bbox 996 3969 1023 4023; x_wconf 90' lang='lat' dir='ltr'>si</span> <span class='ocrx_word' id='word_1_391' title='bbox 1036 3966 1117 4024; x_wconf 88' lang='lat' dir='ltr'>Deus</span> <span class='ocrx_word' id='word_1_392' title='bbox 1131 3964 1253 4037; x_wconf 84' lang='lat' dir='ltr'>dederit,</span> <span class='ocrx_word' id='word_1_393' title='bbox 1277 3965 1464 4023; x_wconf 82' lang='lat' dir='ltr'>ostendemus</span> <span class='ocrx_word' id='word_1_394' title='bbox 1475 3966 1546 4023; x_wconf 83' lang='lat' dir='ltr'>:sed</span> <span class='ocrx_word' id='word_1_395' title='bbox 1561 3968 1595 4023; x_wconf 89' lang='lat' dir='ltr'>in</span> <span class='ocrx_word' id='word_1_396' title='bbox 1614 3965 1677 4026; x_wconf 87' lang='lat' dir='ltr'>illis</span> 
     </span>
     <span class='ocr_line' id='line_1_34' title="bbox 47 4044 1676 4140; baseline -0.003 -16"><span class='ocrx_word' id='word_1_397' title='bbox 47 4044 207 4123; x_wconf 50' lang='lat' dir='ltr'>sfflen</span> <span class='ocrx_word' id='word_1_398' title='bbox 218 4062 334 4122; x_wconf 74' lang='lat' dir='ltr'>nudum</span> <span class='ocrx_word' id='word_1_399' title='bbox 347 4060 493 4118; x_wconf 80' lang='lat' dir='ltr'>diversum</span> <span class='ocrx_word' id='word_1_400' title='bbox 506 4059 657 4116; x_wconf 77' lang='lat' dir='ltr'>exordium</span> <span class='ocrx_word' id='word_1_401' title='bbox 670 4063 868 4138; x_wconf 79' lang='lat' dir='ltr'>premittitur,</span> <span class='ocrx_word' id='word_1_402' title='bbox 884 4073 917 4119; x_wconf 93' lang='lat' dir='ltr'>ut</span> <span class='ocrx_word' id='word_1_403' title='bbox 931 4060 1073 4134; x_wconf 90' lang='lat' dir='ltr'>hocloco,</span> <span class='ocrx_word' id='word_1_404' title='bbox 1094 4079 1187 4138; x_wconf 81' lang='lat' dir='ltr'>neque</span> <span class='ocrx_word' id='word_1_405' title='bbox 1200 4071 1285 4117; x_wconf 83' lang='lat' dir='ltr'>tanta</span> <span class='ocrx_word' id='word_1_406' title='bbox 1301 4070 1398 4117; x_wconf 81' lang='lat' dir='ltr'>textus</span> <span class='ocrx_word' id='word_1_407' title='bbox 1412 4059 1568 4119; x_wconf 54' lang='lat' dir='ltr'>&amp;versitas</span> <span class='ocrx_word' id='word_1_408' title='bbox 1581 4080 1676 4140; x_wconf 88' lang='lat' dir='ltr'>appa-</span> 
     </span>
     <span class='ocr_line' id='line_1_35' title="bbox 45 4147 1679 4240; baseline 0.001 -27"><span class='ocrx_word' id='word_1_409' title='bbox 45 4208 52 4213; x_wconf 94' lang='lat'>.</span> <span class='ocrx_word' id='word_1_410' title='bbox 79 4156 166 4217; x_wconf 70' lang='lat' dir='ltr'>&#39;ret</span> <span class='ocrx_word' id='word_1_411' title='bbox 179 4160 263 4222; x_wconf 85' lang='lat' dir='ltr'>Certe</span> <span class='ocrx_word' id='word_1_412' title='bbox 272 4161 304 4215; x_wconf 88' lang='lat' dir='ltr'>in</span> <span class='ocrx_word' id='word_1_413' title='bbox 318 4155 498 4235; x_wconf 80' lang='lat' dir='ltr'>Florilegiis,</span> <span class='ocrx_word' id='word_1_414' title='bbox 515 4147 581 4234; x_wconf 71' lang='lat' dir='ltr'>pute</span> <span class='ocrx_word' id='word_1_415' title='bbox 591 4175 610 4212; x_wconf 89' lang='lat' dir='ltr'>a</span> <span class='ocrx_word' id='word_1_416' title='bbox 629 4156 778 4214; x_wconf 80' lang='lat' dir='ltr'>Theodoro</span> <span class='ocrx_word' id='word_1_417' title='bbox 792 4157 938 4236; x_wconf 81' lang='lat' dir='ltr'>Magistro</span> <span class='ocrx_word' id='word_1_418' title='bbox 953 4155 1083 4240; x_wconf 75' lang='lat' dir='ltr'>conflata</span> <span class='ocrx_word' id='word_1_419' title='bbox 1096 4154 1264 4226; x_wconf 89' lang='lat' dir='ltr'>creduntur,</span> <span class='ocrx_word' id='word_1_420' title='bbox 1278 4155 1469 4234; x_wconf 78' lang='lat' dir='ltr'>proferuntur</span> <span class='ocrx_word' id='word_1_421' title='bbox 1481 4158 1632 4215; x_wconf 82' lang='lat' dir='ltr'>serrtentioe</span> <span class='ocrx_word' id='word_1_422' title='bbox 1641 4176 1679 4215; x_wconf 77' lang='lat' dir='ltr'>ee</span> 
     </span>
     <span class='ocr_line' id='line_1_36' title="bbox 47 4244 1677 4330; baseline -0.005 -16"><span class='ocrx_word' id='word_1_423' title='bbox 47 4244 170 4327; x_wconf 48' lang='lat' dir='ltr'>&#39;fite</span> <span class='ocrx_word' id='word_1_424' title='bbox 181 4253 305 4315; x_wconf 83' lang='lat' dir='ltr'>homilia</span> <span class='ocrx_word' id='word_1_425' title='bbox 319 4251 459 4329; x_wconf 73' lang='lat' dir='ltr'>decerptae</span> <span class='ocrx_word' id='word_1_426' title='bbox 470 4269 499 4327; x_wconf 93' lang='lat' dir='ltr'>p.</span> <span class='ocrx_word' id='word_1_427' title='bbox 513 4248 573 4306; x_wconf 87' lang='lat'>909</span> <span class='ocrx_word' id='word_1_428' title='bbox 585 4251 594 4322; x_wconf 93' lang='lat'>(</span> <span class='ocrx_word' id='word_1_429' title='bbox 606 4249 639 4305; x_wconf 88' lang='lat' dir='ltr'>id</span> <span class='ocrx_word' id='word_1_430' title='bbox 649 4260 701 4320; x_wconf 92' lang='lat' dir='ltr'>est,</span> <span class='ocrx_word' id='word_1_431' title='bbox 716 4251 806 4308; x_wconf 85' lang='lat' dir='ltr'>Hom.</span> <span class='ocrx_word' id='word_1_432' title='bbox 822 4252 861 4309; x_wconf 67' lang='grc' dir='ltr'>θῶ</span> <span class='ocrx_word' id='word_1_433' title='bbox 872 4254 882 4326; x_wconf 88' lang='grc'>)</span> <span class='ocrx_word' id='word_1_434' title='bbox 893 4254 923 4310; x_wconf 82' lang='lat' dir='ltr'>in</span> <span class='ocrx_word' id='word_1_435' title='bbox 933 4254 978 4310; x_wconf 85' lang='grc' dir='ltr'>τοῦ</span> <span class='ocrx_word' id='word_1_436' title='bbox 991 4247 1079 4330; x_wconf 79' lang='grc' dir='ltr'>λόγου,</span> <span class='ocrx_word' id='word_1_437' title='bbox 1089 4248 1131 4309; x_wconf 81' lang='grc' dir='ltr'>ότι</span> <span class='ocrx_word' id='word_1_438' title='bbox 1143 4246 1239 4316; x_wconf 77' lang='grc' dir='ltr'>πάντες</span> <span class='ocrx_word' id='word_1_439' title='bbox 1249 4245 1485 4327; x_wconf 80' lang='grc' dir='ltr'>παραστησόμεθα,</span> <span class='ocrx_word' id='word_1_440' title='bbox 1502 4266 1576 4327; x_wconf 83' lang='lat' dir='ltr'>quas</span> <span class='ocrx_word' id='word_1_441' title='bbox 1595 4269 1677 4328; x_wconf 89' lang='lat' dir='ltr'>repe-</span> 
     </span>
     <span class='ocr_line' id='line_1_37' title="bbox 45 4341 1677 4431; baseline -0.002 -26"><span class='ocrx_word' id='word_1_442' title='bbox 45 4346 60 4409; x_wconf 74' lang='grc'>,,’</span> <span class='ocrx_word' id='word_1_443' title='bbox 77 4341 168 4405; x_wconf 64' lang='lat' dir='ltr'>fl&#39;rs</span> <span class='ocrx_word' id='word_1_444' title='bbox 178 4372 209 4431; x_wconf 91' lang='lat' dir='ltr'>p.</span> <span class='ocrx_word' id='word_1_445' title='bbox 225 4349 296 4418; x_wconf 88' lang='lat'>656,</span> <span class='ocrx_word' id='word_1_446' title='bbox 313 4359 341 4405; x_wconf 92' lang='lat' dir='ltr'>et</span> <span class='ocrx_word' id='word_1_447' title='bbox 354 4345 414 4405; x_wconf 79' lang='lat'>657</span> <span class='ocrx_word' id='word_1_448' title='bbox 430 4348 530 4416; x_wconf 90' lang='lat' dir='ltr'>(num.</span> <span class='ocrx_word' id='word_1_449' title='bbox 545 4344 594 4416; x_wconf 77' lang='lat'>3.)</span> <span class='ocrx_word' id='word_1_450' title='bbox 611 4344 806 4420; x_wconf 86' lang='lat' dir='ltr'>Quamobrem</span> <span class='ocrx_word' id='word_1_451' title='bbox 822 4349 883 4406; x_wconf 85' lang='lat' dir='ltr'>sive</span> <span class='ocrx_word' id='word_1_452' title='bbox 900 4347 981 4426; x_wconf 80' lang='lat' dir='ltr'>quod</span> <span class='ocrx_word' id='word_1_453' title='bbox 997 4365 1055 4403; x_wconf 90' lang='lat' dir='ltr'>non</span> <span class='ocrx_word' id='word_1_454' title='bbox 1068 4343 1159 4404; x_wconf 91' lang='lat' dir='ltr'>semel</span> <span class='ocrx_word' id='word_1_455' title='bbox 1169 4345 1364 4423; x_wconf 84' lang='lat' dir='ltr'>pronuntiata</span> <span class='ocrx_word' id='word_1_456' title='bbox 1366 4343 1487 4422; x_wconf 80' lang='lat' dir='ltr'>suerint</span> <span class='ocrx_word' id='word_1_457' title='bbox 1496 4341 1609 4401; x_wconf 82' lang='lat' dir='ltr'>hoec&#39;ah</span> <span class='ocrx_word' id='word_1_458' title='bbox 1618 4363 1677 4402; x_wconf 86' lang='lat' dir='ltr'>au-</span> 
     </span>
     <span class='ocr_line' id='line_1_38' title="bbox 84 4431 1681 4520; baseline -0.003 -19"><span class='ocrx_word' id='word_1_459' title='bbox 84 4441 198 4514; x_wconf 63' lang='grc' dir='ltr'>θωνα,</span> <span class='ocrx_word' id='word_1_460' title='bbox 211 4445 274 4501; x_wconf 82' lang='lat' dir='ltr'>sire</span> <span class='ocrx_word' id='word_1_461' title='bbox 287 4438 367 4520; x_wconf 85' lang='lat' dir='ltr'>quod</span> <span class='ocrx_word' id='word_1_462' title='bbox 379 4458 399 4495; x_wconf 92' lang='lat' dir='ltr'>a</span> <span class='ocrx_word' id='word_1_463' title='bbox 415 4436 537 4494; x_wconf 83' lang='lat' dir='ltr'>librario</span> <span class='ocrx_word' id='word_1_464' title='bbox 551 4439 595 4494; x_wconf 90' lang='lat' dir='ltr'>ita</span> <span class='ocrx_word' id='word_1_465' title='bbox 608 4431 757 4516; x_wconf 85' lang='lat' dir='ltr'>copulata,</span> <span class='ocrx_word' id='word_1_466' title='bbox 775 4442 808 4496; x_wconf 89' lang='lat' dir='ltr'>in</span> <span class='ocrx_word' id='word_1_467' title='bbox 822 4459 914 4498; x_wconf 88' lang='lat' dir='ltr'>unum</span> <span class='ocrx_word' id='word_1_468' title='bbox 926 4441 1006 4499; x_wconf 87' lang='lat' dir='ltr'>hunc</span> <span class='ocrx_word' id='word_1_469' title='bbox 1018 4449 1177 4497; x_wconf 87' lang='lat' dir='ltr'>tractatum</span> <span class='ocrx_word' id='word_1_470' title='bbox 1194 4436 1358 4495; x_wconf 86' lang='lat' dir='ltr'>coaluerint</span> <span class='ocrx_word' id='word_1_471' title='bbox 1370 4458 1379 4490; x_wconf 93' lang='grc'>.·</span> <span class='ocrx_word' id='word_1_472' title='bbox 1390 4454 1458 4493; x_wconf 89' lang='lat' dir='ltr'>cum</span> <span class='ocrx_word' id='word_1_473' title='bbox 1469 4455 1505 4494; x_wconf 77' lang='lat' dir='ltr'>er</span> <span class='ocrx_word' id='word_1_474' title='bbox 1519 4435 1681 4496; x_wconf 87' lang='lat' dir='ltr'>collatione</span> 
     </span>
     <span class='ocr_line' id='line_1_39' title="bbox 45 4520 1682 4615; baseline -0.003 -19"><span class='ocrx_word' id='word_1_475' title='bbox 45 4520 197 4613; x_wconf 54' lang='lat' dir='ltr'>*hm</span> <span class='ocrx_word' id='word_1_476' title='bbox 210 4547 309 4597; x_wconf 75' lang='lat' dir='ltr'>textus</span> <span class='ocrx_word' id='word_1_477' title='bbox 320 4554 386 4592; x_wconf 88' lang='lat' dir='ltr'>cum</span> <span class='ocrx_word' id='word_1_478' title='bbox 400 4532 455 4590; x_wconf 90' lang='lat' dir='ltr'>illo</span> <span class='ocrx_word' id='word_1_479' title='bbox 472 4534 615 4611; x_wconf 80' lang='lat' dir='ltr'>vigesimae</span> <span class='ocrx_word' id='word_1_480' title='bbox 629 4535 739 4612; x_wconf 75' lang='lat' dir='ltr'>quintae</span> <span class='ocrx_word' id='word_1_481' title='bbox 754 4536 884 4593; x_wconf 77' lang='lat' dir='ltr'>homiliae</span> <span class='ocrx_word' id='word_1_482' title='bbox 899 4555 958 4593; x_wconf 90' lang='lat' dir='ltr'>non</span> <span class='ocrx_word' id='word_1_483' title='bbox 968 4553 1067 4615; x_wconf 89' lang='lat' dir='ltr'>pauca</span> <span class='ocrx_word' id='word_1_484' title='bbox 1080 4534 1196 4592; x_wconf 89' lang='lat' dir='ltr'>restitui</span> <span class='ocrx_word' id='word_1_485' title='bbox 1210 4531 1276 4589; x_wconf 87' lang='lat' dir='ltr'>loca</span> <span class='ocrx_word' id='word_1_486' title='bbox 1284 4533 1408 4610; x_wconf 90' lang='lat' dir='ltr'>possint,</span> <span class='ocrx_word' id='word_1_487' title='bbox 1428 4549 1615 4610; x_wconf 79' lang='lat' dir='ltr'>nequaquam</span> <span class='ocrx_word' id='word_1_488' title='bbox 1627 4532 1682 4591; x_wconf 87' lang='lat' dir='ltr'>hu-</span> 
     </span>
     <span class='ocr_line' id='line_1_40' title="bbox 74 4612 1683 4711; baseline -0.003 -22"><span class='ocrx_word' id='word_1_489' title='bbox 74 4612 155 4689; x_wconf 54' lang='lat' dir='ltr'>fus</span> <span class='ocrx_word' id='word_1_490' title='bbox 171 4650 224 4690; x_wconf 89' lang='lat' dir='ltr'>nos</span> <span class='ocrx_word' id='word_1_491' title='bbox 238 4629 374 4709; x_wconf 66' lang='lat' dir='ltr'>popnituit</span> <span class='ocrx_word' id='word_1_492' title='bbox 389 4625 527 4683; x_wconf 86' lang='lat' dir='ltr'>editionis</span> <span class='ocrx_word' id='word_1_493' title='bbox 538 4648 546 4680; x_wconf 93' lang='grc'>.·</span> <span class='ocrx_word' id='word_1_494' title='bbox 557 4626 609 4683; x_wconf 86' lang='lat' dir='ltr'>sed</span> <span class='ocrx_word' id='word_1_495' title='bbox 622 4637 650 4683; x_wconf 91' lang='lat' dir='ltr'>et</span> <span class='ocrx_word' id='word_1_496' title='bbox 667 4629 765 4685; x_wconf 83' lang='lat' dir='ltr'>varias</span> <span class='ocrx_word' id='word_1_497' title='bbox 780 4628 919 4688; x_wconf 89' lang='lat' dir='ltr'>lectiones</span> <span class='ocrx_word' id='word_1_498' title='bbox 940 4630 986 4695; x_wconf 83' lang='lat' dir='ltr'>his</span> <span class='ocrx_word' id='word_1_499' title='bbox 1000 4631 1126 4687; x_wconf 87' lang='lat' dir='ltr'>insertas</span> <span class='ocrx_word' id='word_1_500' title='bbox 1144 4628 1221 4683; x_wconf 90' lang='lat' dir='ltr'>notis</span> <span class='ocrx_word' id='word_1_501' title='bbox 1236 4636 1388 4704; x_wconf 81' lang='lat' dir='ltr'>tamquam</span> <span class='ocrx_word' id='word_1_502' title='bbox 1402 4624 1491 4705; x_wconf 77' lang='lat' dir='ltr'>hujus</span> <span class='ocrx_word' id='word_1_503' title='bbox 1505 4643 1683 4711; x_wconf 37' lang='lat' dir='ltr'>operte&#39;preb</span> 
     </span>
     <span class='ocr_line' id='line_1_41' title="bbox 68 4710 1683 4803; baseline -0.001 -24"><span class='ocrx_word' id='word_1_504' title='bbox 68 4710 184 4784; x_wconf 56' lang='lat' dir='ltr'>fiam</span> <span class='ocrx_word' id='word_1_505' title='bbox 199 4723 304 4783; x_wconf 86' lang='lat' dir='ltr'>lectori</span> <span class='ocrx_word' id='word_1_506' title='bbox 317 4718 578 4779; x_wconf 85' lang='lat' dir='ltr'>communicandas</span> <span class='ocrx_word' id='word_1_507' title='bbox 593 4722 768 4794; x_wconf 89' lang='lat' dir='ltr'>censuimus,</span> <span class='ocrx_word' id='word_1_508' title='bbox 781 4722 939 4803; x_wconf 81' lang='lat' dir='ltr'>eodemque</span> <span class='ocrx_word' id='word_1_509' title='bbox 952 4723 1091 4796; x_wconf 87' lang='lat' dir='ltr'>caudore,</span> <span class='ocrx_word' id='word_1_510' title='bbox 1106 4719 1217 4799; x_wconf 81' lang='lat' dir='ltr'>siquid</span> <span class='ocrx_word' id='word_1_511' title='bbox 1230 4720 1462 4779; x_wconf 86' lang='lat' dir='ltr'>minusrecteah</span> <span class='ocrx_word' id='word_1_512' title='bbox 1477 4719 1632 4797; x_wconf 87' lang='lat' dir='ltr'>interprete</span> <span class='ocrx_word' id='word_1_513' title='bbox 1643 4718 1683 4778; x_wconf 87' lang='lat' dir='ltr'>il-</span> 
     </span>
     <span class='ocr_line' id='line_1_42' title="bbox 52 4794 1684 4895; baseline -0.002 -19"><span class='ocrx_word' id='word_1_514' title='bbox 52 4836 74 4859; x_wconf 86' lang='lat'>-·</span> <span class='ocrx_word' id='word_1_515' title='bbox 85 4794 169 4876; x_wconf 59' lang='lat'>¹5²5</span> <span class='ocrx_word' id='word_1_516' title='bbox 182 4817 325 4886; x_wconf 81' lang='lat' dir='ltr'>homilia,</span> <span class='ocrx_word' id='word_1_517' title='bbox 339 4835 430 4895; x_wconf 85' lang='lat' dir='ltr'>quam</span> <span class='ocrx_word' id='word_1_518' title='bbox 443 4834 463 4872; x_wconf 90' lang='lat' dir='ltr'>a</span> <span class='ocrx_word' id='word_1_519' title='bbox 475 4816 569 4886; x_wconf 85' lang='lat' dir='ltr'>nobis,</span> <span class='ocrx_word' id='word_1_520' title='bbox 581 4815 688 4874; x_wconf 80' lang='lat' dir='ltr'>Latine</span> <span class='ocrx_word' id='word_1_521' title='bbox 699 4819 738 4875; x_wconf 88' lang='lat' dir='ltr'>sit</span> <span class='ocrx_word' id='word_1_522' title='bbox 751 4837 933 4890; x_wconf 74' lang='lat' dir='ltr'>convenam,</span> <span class='ocrx_word' id='word_1_523' title='bbox 945 4830 997 4878; x_wconf 89' lang='lat' dir='ltr'>aut</span> <span class='ocrx_word' id='word_1_524' title='bbox 1011 4839 1031 4877; x_wconf 89' lang='lat' dir='ltr'>a</span> <span class='ocrx_word' id='word_1_525' title='bbox 1044 4820 1127 4877; x_wconf 87' lang='lat' dir='ltr'>nohis</span> <span class='ocrx_word' id='word_1_526' title='bbox 1143 4827 1247 4874; x_wconf 89' lang='lat' dir='ltr'>contra</span> <span class='ocrx_word' id='word_1_527' title='bbox 1257 4815 1353 4873; x_wconf 90' lang='lat' dir='ltr'>minus</span> <span class='ocrx_word' id='word_1_528' title='bbox 1362 4833 1452 4894; x_wconf 83' lang='lat' dir='ltr'>quam</span> <span class='ocrx_word' id='word_1_529' title='bbox 1466 4815 1504 4872; x_wconf 87' lang='lat' dir='ltr'>ab</span> <span class='ocrx_word' id='word_1_530' title='bbox 1519 4812 1684 4894; x_wconf 83' lang='lat' dir='ltr'>illoselici-</span> 
     </span>
     <span class='ocr_line' id='line_1_43' title="bbox 87 4901 458 4990; baseline -0.019 -17"><span class='ocrx_word' id='word_1_531' title='bbox 87 4901 167 4982; x_wconf 62' lang='grc' dir='ltr'>ἐν,</span> <span class='ocrx_word' id='word_1_532' title='bbox 182 4910 458 4990; x_wconf 71' lang='lat' dir='ltr'>mucamamsm.</span> 
     </span>
     <span class='ocr_line' id='line_1_44' title="bbox 149 5000 1687 5090; baseline -0.005 -21"><span class='ocrx_word' id='word_1_533' title='bbox 149 5000 225 5069; x_wconf 76' lang='lat' dir='ltr'>Eue</span> <span class='ocrx_word' id='word_1_534' title='bbox 242 5007 334 5084; x_wconf 87' lang='lat' dir='ltr'>itaque</span> <span class='ocrx_word' id='word_1_535' title='bbox 348 5016 487 5063; x_wconf 89' lang='lat' dir='ltr'>centonem</span> <span class='ocrx_word' id='word_1_536' title='bbox 508 5002 579 5062; x_wconf 88' lang='lat' dir='ltr'>nihil</span> <span class='ocrx_word' id='word_1_537' title='bbox 600 5003 791 5068; x_wconf 87' lang='lat' dir='ltr'>dubitandum.</span> <span class='ocrx_word' id='word_1_538' title='bbox 816 5008 960 5068; x_wconf 88' lang='lat' dir='ltr'>Frontonis</span> <span class='ocrx_word' id='word_1_539' title='bbox 979 5007 1226 5090; x_wconf 80' lang='lat' dir='ltr'>interpretationem</span> <span class='ocrx_word' id='word_1_540' title='bbox 1248 5003 1375 5064; x_wconf 81' lang='lat' dir='ltr'>Latinam</span> <span class='ocrx_word' id='word_1_541' title='bbox 1395 5001 1512 5078; x_wconf 86' lang='lat' dir='ltr'>edimus,</span> <span class='ocrx_word' id='word_1_542' title='bbox 1531 5000 1635 5079; x_wconf 86' lang='lat' dir='ltr'>aliquot</span> <span class='ocrx_word' id='word_1_543' title='bbox 1658 5002 1687 5061; x_wconf 91' lang='lat' dir='ltr'>in</span> 
     </span>
     <span class='ocr_line' id='line_1_45' title="bbox 87 5072 1688 5182; baseline -0.007 -19"><span class='ocrx_word' id='word_1_544' title='bbox 87 5072 182 5163; x_wconf 62' lang='lat' dir='ltr'>¹¹¹⁸is</span> <span class='ocrx_word' id='word_1_545' title='bbox 202 5096 373 5161; x_wconf 81' lang='lat' dir='ltr'>emendatam</span> <span class='ocrx_word' id='word_1_546' title='bbox 385 5120 391 5154; x_wconf 92' lang='lat'><strong>:</strong></span> <span class='ocrx_word' id='word_1_547' title='bbox 402 5116 504 5156; x_wconf 88' lang='lat' dir='ltr'>necnon</span> <span class='ocrx_word' id='word_1_548' title='bbox 522 5117 558 5156; x_wconf 83' lang='lat' dir='ltr'>er</span> <span class='ocrx_word' id='word_1_549' title='bbox 575 5098 645 5159; x_wconf 84' lang='lat' dir='ltr'>notis</span> <span class='ocrx_word' id='word_1_550' title='bbox 666 5101 725 5182; x_wconf 86' lang='lat' dir='ltr'>ejus</span> <span class='ocrx_word' id='word_1_551' title='bbox 747 5101 820 5178; x_wconf 86' lang='lat' dir='ltr'>illas,</span> <span class='ocrx_word' id='word_1_552' title='bbox 835 5123 894 5181; x_wconf 89' lang='lat' dir='ltr'>quae</span> <span class='ocrx_word' id='word_1_553' title='bbox 912 5099 948 5162; x_wconf 89' lang='lat' dir='ltr'>ad</span> <span class='ocrx_word' id='word_1_554' title='bbox 961 5114 1067 5162; x_wconf 86' lang='lat' dir='ltr'>textum</span> <span class='ocrx_word' id='word_1_555' title='bbox 1079 5099 1124 5160; x_wconf 85' lang='lat' dir='ltr'>rel</span> <span class='ocrx_word' id='word_1_556' title='bbox 1141 5093 1339 5158; x_wconf 85' lang='lat' dir='ltr'>emendandum</span> <span class='ocrx_word' id='word_1_557' title='bbox 1357 5093 1402 5156; x_wconf 85' lang='lat' dir='ltr'>rel</span> <span class='ocrx_word' id='word_1_558' title='bbox 1419 5090 1611 5153; x_wconf 86' lang='lat' dir='ltr'>illustrandum</span> <span class='ocrx_word' id='word_1_559' title='bbox 1625 5115 1688 5175; x_wconf 86' lang='lat' dir='ltr'>per·</span> 
     </span>
     <span class='ocr_line' id='line_1_46' title="bbox 97 5179 1129 5259; baseline -0.004 0"><span class='ocrx_word' id='word_1_560' title='bbox 97 5179 217 5259; x_wconf 69' lang='lat' dir='ltr'>tinent.</span> <span class='ocrx_word' id='word_1_561' title='bbox 1126 5211 1129 5216; x_wconf 91' lang='lat'>·</span> 
     </span>
    </p>
   </div>
   <div class='ocr_carea' id='block_1_5' title="bbox 261 5263 1552 5334">
    <p class='ocr_par' dir='ltr' id='par_1_9' title="bbox 261 5263 1552 5334">
     <span class='ocr_line' id='line_1_47' title="bbox 261 5263 1552 5334; baseline -0.009 0"><span class='ocrx_word' id='word_1_562' title='bbox 261 5295 336 5334; x_wconf 74' lang='lat' dir='ltr'>rou.</span> <span class='ocrx_word' id='word_1_563' title='bbox 363 5294 434 5334; x_wconf 78' lang='lat' dir='ltr'>rrrr.</span> <span class='ocrx_word' id='word_1_564' title='bbox 1514 5263 1552 5322; x_wconf 72' lang='lat'>52&gt;</span> 
     </span>
    </p>
   </div>
   <div class='ocr_carea' id='block_1_6' title="bbox 0 0 1909 5940">
    <p class='ocr_par' dir='ltr' id='par_1_10' title="bbox 0 0 1909 5940">
     <span class='ocr_line' id='line_1_48' title="bbox 0 0 1909 5940; baseline 0 0"><span class='ocrx_word' id='word_1_565' title='bbox 0 0 1909 5940; x_wconf 95' lang='lat' dir='ltr'> </span> 
     </span>
    </p>
   </div>
  </div>
 </body>
</html>
