<?xml version="1.0" encoding="UTF-8"?>
<!DOCTYPE html PUBLIC "-//W3C//DTD XHTML 1.0 Transitional//EN"
    "http://www.w3.org/TR/xhtml1/DTD/xhtml1-transitional.dtd">
<html xmlns="http://www.w3.org/1999/xhtml" xml:lang="en" lang="en">
 <head>
  <title>
</title>
<meta http-equiv="Content-Type" content="text/html;charset=utf-8" />
  <meta name='ocr-system' content='tesseract 3.04.00' />
  <meta name='ocr-capabilities' content='ocr_page ocr_carea ocr_par ocr_line ocrx_word'/>
</head>
<body>
  <div class='ocr_page' id='page_1' title='image "./sanctipatrisnos02chrygoog_0730.png"; bbox 0 0 3750 5940; ppageno 0'>
   <div class='ocr_carea' id='block_1_1' title="bbox 348 478 1449 558">
    <p class='ocr_par' dir='ltr' id='par_1_1' title="bbox 348 478 1449 558">
     <span class='ocr_line' id='line_1_1' title="bbox 348 478 1449 558; baseline 0.008 -32"><span class='ocrx_word' id='word_1_1' title='bbox 348 478 458 527; x_wconf 75' lang='lat' dir='ltr'><strong>sttttsto</strong></span> <span class='ocrx_word' id='word_1_2' title='bbox 486 480 529 526; x_wconf 79' lang='lat' dir='ltr'><strong>DE</strong></span> <span class='ocrx_word' id='word_1_3' title='bbox 555 479 893 546; x_wconf 74' lang='lat' dir='ltr'><strong>ranonoenonnnms,</strong></span> <span class='ocrx_word' id='word_1_4' title='bbox 914 482 992 533; x_wconf 73' lang='lat' dir='ltr'><strong>istc,</strong></span> <span class='ocrx_word' id='word_1_5' title='bbox 1386 491 1449 558; x_wconf 69' lang='lat'><strong>7⁰1</strong></span> 
     </span>
    </p>
   </div>
   <div class='ocr_carea' id='block_1_2' title="bbox 63 600 1455 829">
    <p class='ocr_par' dir='ltr' id='par_1_2' title="bbox 63 600 1455 829">
     <span class='ocr_line' id='line_1_2' title="bbox 63 600 1455 683; baseline 0.01 -23"><span class='ocrx_word' id='word_1_6' title='bbox 63 600 108 660; x_wconf 72' lang='lat' dir='ltr'><strong>ael</strong></span> <span class='ocrx_word' id='word_1_7' title='bbox 119 601 173 676; x_wconf 77' lang='lat' dir='ltr'><strong>del,</strong></span> <span class='ocrx_word' id='word_1_8' title='bbox 188 601 233 660; x_wconf 80' lang='grc' dir='ltr'><strong>καὶ</strong></span> <span class='ocrx_word' id='word_1_9' title='bbox 243 604 280 670; x_wconf 71' lang='lat' dir='ltr'><strong>aie</strong></span> <span class='ocrx_word' id='word_1_10' title='bbox 293 601 353 670; x_wconf 72' lang='grc' dir='ltr'><strong>τοὺς</strong></span> <span class='ocrx_word' id='word_1_11' title='bbox 368 606 465 676; x_wconf 67' lang='lat' dir='ltr'><strong>aliisue</strong></span> <span class='ocrx_word' id='word_1_12' title='bbox 478 608 529 663; x_wconf 79' lang='grc' dir='ltr'><strong>τῶν</strong></span> <span class='ocrx_word' id='word_1_13' title='bbox 544 603 655 664; x_wconf 75' lang='grc' dir='ltr'>αἰώνων.</span> <span class='ocrx_word' id='word_1_14' title='bbox 712 603 811 664; x_wconf 82' lang='lat' dir='ltr'><strong>tionem</strong></span> <span class='ocrx_word' id='word_1_15' title='bbox 825 625 857 665; x_wconf 84' lang='lat' dir='ltr'><strong>ac</strong></span> <span class='ocrx_word' id='word_1_16' title='bbox 866 604 954 666; x_wconf 78' lang='lat' dir='ltr'><strong>telum</strong></span> <span class='ocrx_word' id='word_1_17' title='bbox 960 606 1089 683; x_wconf 85' lang='lat' dir='ltr'><strong>veritatis,</strong></span> <span class='ocrx_word' id='word_1_18' title='bbox 1100 622 1126 667; x_wconf 89' lang='lat' dir='ltr'><strong>et</strong></span> <span class='ocrx_word' id='word_1_19' title='bbox 1133 609 1284 671; x_wconf 83' lang='lat' dir='ltr'><strong>libertatem</strong></span> <span class='ocrx_word' id='word_1_20' title='bbox 1306 633 1338 671; x_wconf 86' lang='lat' dir='ltr'><strong>ro</strong></span> <span class='ocrx_word' id='word_1_21' title='bbox 1347 612 1455 677; x_wconf 83' lang='lat' dir='ltr'><strong>Christo</strong></span> 
     </span>
     <span class='ocr_line' id='line_1_3' title="bbox 711 633 1454 829; baseline 0.017 -88"><span class='ocrx_word' id='word_1_22' title='bbox 711 682 839 762; x_wconf 87' lang='lat' dir='ltr'><strong>loquendi</strong></span> <span class='ocrx_word' id='word_1_23' title='bbox 861 684 1005 762; x_wconf 73' lang='lat' dir='ltr'><strong>adamato,</strong></span> <span class='ocrx_word' id='word_1_24' title='bbox 1034 708 1145 767; x_wconf 79' lang='lat' dir='ltr'><strong>sequere</strong></span> <span class='ocrx_word' id='word_1_25' title='bbox 1168 710 1265 750; x_wconf 79' lang='lat' dir='ltr'><strong>verum</strong></span> <span class='ocrx_word' id='word_1_26' title='bbox 1287 633 1454 829; x_wconf 75' lang='lat' dir='ltr'><strong>ldaqistrum</strong></span> 
     </span>
    </p>
   </div>
   <div class='ocr_carea' id='block_1_3' title="bbox 711 764 1454 900">
    <p class='ocr_par' dir='ltr' id='par_1_3' title="bbox 711 764 1454 900">
     <span class='ocr_line' id='line_1_4' title="bbox 711 764 1454 900; baseline 0.013 -78"><span class='ocrx_word' id='word_1_27' title='bbox 711 784 761 900; x_wconf 82' lang='lat' dir='ltr'><strong>pro</strong></span> <span class='ocrx_word' id='word_1_28' title='bbox 772 764 883 824; x_wconf 83' lang='lat' dir='ltr'><strong>veritate</strong></span> <span class='ocrx_word' id='word_1_29' title='bbox 894 764 1084 843; x_wconf 74' lang='lat' dir='ltr'><strong>decertantem,</strong></span> <span class='ocrx_word' id='word_1_30' title='bbox 1093 780 1124 827; x_wconf 90' lang='lat' dir='ltr'><strong>ut</strong></span> <span class='ocrx_word' id='word_1_31' title='bbox 1131 788 1195 828; x_wconf 89' lang='lat' dir='ltr'><strong>cum</strong></span> <span class='ocrx_word' id='word_1_32' title='bbox 1204 768 1241 829; x_wconf 84' lang='lat' dir='ltr'><strong>ab</strong></span> <span class='ocrx_word' id='word_1_33' title='bbox 1249 784 1343 850; x_wconf 83' lang='lat' dir='ltr'><strong>aposto</strong></span> <span class='ocrx_word' id='word_1_34' title='bbox 1353 793 1370 831; x_wconf 91' lang='lat' dir='ltr'><strong>o</strong></span> <span class='ocrx_word' id='word_1_35' title='bbox 1383 773 1454 832; x_wconf 87' lang='lat' dir='ltr'><strong>Pau-</strong></span> 
     </span>
    </p>
   </div>
   <div class='ocr_carea' id='block_1_4' title="bbox 711 842 1602 1330">
    <p class='ocr_par' dir='ltr' id='par_1_4' title="bbox 711 842 1602 1251">
     <span class='ocr_line' id='line_1_5' title="bbox 722 842 1602 924; baseline 0.009 -23"><span class='ocrx_word' id='word_1_36' title='bbox 722 842 788 902; x_wconf 90' lang='lat' dir='ltr'><strong>osic</strong></span> <span class='ocrx_word' id='word_1_37' title='bbox 803 844 951 924; x_wconf 80' lang='lat' dir='ltr'><strong>audiveris,</strong></span> <span class='ocrx_word' id='word_1_38' title='bbox 968 850 1136 908; x_wconf 84' lang='lat' dir='ltr'><strong>Imitatores</strong></span> <span class='ocrx_word' id='word_1_39' title='bbox 1153 853 1210 908; x_wconf 87' lang='lat' dir='ltr'><strong>mei</strong></span> <span class='ocrx_word' id='word_1_40' title='bbox 1222 862 1322 924; x_wconf 83' lang='lat' dir='ltr'><strong>estote,</strong></span> <span class='ocrx_word' id='word_1_41' title='bbox 1339 856 1414 911; x_wconf 81' lang='lat' dir='ltr'><strong>sicut</strong></span> <span class='ocrx_word' id='word_1_42' title='bbox 1425 866 1454 912; x_wconf 85' lang='lat' dir='ltr'><strong>et</strong></span> <span class='ocrx_word' id='word_1_43' title='bbox 1467 875 1487 908; x_wconf 87' lang='lat' dir='ltr'><strong>r.</strong></span> <span class='ocrx_word' id='word_1_44' title='bbox 1501 866 1555 913; x_wconf 75' lang='lat' dir='ltr'><strong>car.</strong></span> <span class='ocrx_word' id='word_1_45' title='bbox 1567 878 1602 912; x_wconf 88' lang='grc' dir='ltr'><strong>ιι.</strong></span> 
     </span>
     <span class='ocr_line' id='line_1_6' title="bbox 711 924 1486 1006; baseline 0.013 -24"><span class='ocrx_word' id='word_1_46' title='bbox 711 941 763 1003; x_wconf 80' lang='lat' dir='ltr'><strong>ego</strong></span> <span class='ocrx_word' id='word_1_47' title='bbox 777 925 897 997; x_wconf 78' lang='lat' dir='ltr'><strong>Christi,</strong></span> <span class='ocrx_word' id='word_1_48' title='bbox 911 924 1024 1006; x_wconf 85' lang='lat' dir='ltr'><strong>justitiae</strong></span> <span class='ocrx_word' id='word_1_49' title='bbox 1037 940 1066 986; x_wconf 92' lang='lat' dir='ltr'><strong>tu</strong></span> <span class='ocrx_word' id='word_1_50' title='bbox 1078 948 1185 1006; x_wconf 88' lang='lat' dir='ltr'><strong>quoque</strong></span> <span class='ocrx_word' id='word_1_51' title='bbox 1195 949 1323 989; x_wconf 90' lang='lat' dir='ltr'><strong>coronam</strong></span> <span class='ocrx_word' id='word_1_52' title='bbox 1334 931 1455 993; x_wconf 88' lang='lat' dir='ltr'><strong>obtinere</strong></span> <span class='ocrx_word' id='word_1_53' title='bbox 1466 937 1486 970; x_wconf 88' lang='lat'><strong>¹·</strong></span> 
     </span>
     <span class='ocr_line' id='line_1_7' title="bbox 711 1003 1454 1096; baseline 0.015 -36"><span class='ocrx_word' id='word_1_54' title='bbox 711 1003 846 1079; x_wconf 73' lang='lat' dir='ltr'><strong>merearis,</strong></span> <span class='ocrx_word' id='word_1_55' title='bbox 856 1018 948 1096; x_wconf 83' lang='lat' dir='ltr'><strong>etquae</strong></span> <span class='ocrx_word' id='word_1_56' title='bbox 960 1004 1085 1065; x_wconf 88' lang='lat' dir='ltr'><strong>Christus</strong></span> <span class='ocrx_word' id='word_1_57' title='bbox 1096 1008 1171 1068; x_wconf 88' lang='lat' dir='ltr'><strong>Deus</strong></span> <span class='ocrx_word' id='word_1_58' title='bbox 1179 1021 1268 1068; x_wconf 69' lang='lat' dir='ltr'><strong>nonar</strong></span> <span class='ocrx_word' id='word_1_59' title='bbox 1278 1023 1376 1070; x_wconf 84' lang='lat' dir='ltr'><strong>aeterna</strong></span> <span class='ocrx_word' id='word_1_60' title='bbox 1384 1011 1454 1071; x_wconf 87' lang='lat' dir='ltr'><strong>bena</strong></span> 
     </span>
     <span class='ocr_line' id='line_1_8' title="bbox 711 1083 1455 1173; baseline 0.016 -34"><span class='ocrx_word' id='word_1_61' title='bbox 711 1083 876 1173; x_wconf 71' lang='lat' dir='ltr'><strong>praepararit</strong></span> <span class='ocrx_word' id='word_1_62' title='bbox 899 1083 944 1161; x_wconf 84' lang='lat' dir='ltr'><strong>sis,</strong></span> <span class='ocrx_word' id='word_1_63' title='bbox 967 1084 1014 1162; x_wconf 92' lang='lat' dir='ltr'><strong>qui</strong></span> <span class='ocrx_word' id='word_1_64' title='bbox 1034 1084 1154 1166; x_wconf 78' lang='lat' dir='ltr'><strong>diligunt</strong></span> <span class='ocrx_word' id='word_1_65' title='bbox 1174 1087 1273 1166; x_wconf 89' lang='lat' dir='ltr'><strong>illum;</strong></span> <span class='ocrx_word' id='word_1_66' title='bbox 1295 1111 1355 1169; x_wconf 84' lang='lat' dir='ltr'><strong>quae</strong></span> <span class='ocrx_word' id='word_1_67' title='bbox 1376 1092 1455 1151; x_wconf 86' lang='lat' dir='ltr'><strong>nobis</strong></span> 
     </span>
     <span class='ocr_line' id='line_1_9' title="bbox 711 1160 1455 1251; baseline 0.017 -32"><span class='ocrx_word' id='word_1_68' title='bbox 711 1160 836 1220; x_wconf 82' lang='lat' dir='ltr'><strong>omnihus</strong></span> <span class='ocrx_word' id='word_1_69' title='bbox 848 1163 952 1222; x_wconf 87' lang='lat' dir='ltr'><strong>utinam</strong></span> <span class='ocrx_word' id='word_1_70' title='bbox 963 1165 1087 1245; x_wconf 77' lang='lat' dir='ltr'><strong>consequi</strong></span> <span class='ocrx_word' id='word_1_71' title='bbox 1099 1165 1186 1241; x_wconf 61' lang='lat' dir='ltr'><strong>daur,</strong></span> <span class='ocrx_word' id='word_1_72' title='bbox 1199 1168 1286 1249; x_wconf 75' lang='lat' dir='ltr'><strong>gratia</strong></span> <span class='ocrx_word' id='word_1_73' title='bbox 1298 1170 1455 1251; x_wconf 75' lang='lat' dir='ltr'><strong>etbenigni-</strong></span> 
     </span>
    </p>

    <p class='ocr_par' dir='ltr' id='par_1_5' title="bbox 711 1242 1454 1330">
     <span class='ocr_line' id='line_1_10' title="bbox 711 1242 1454 1330; baseline 0.015 -31"><span class='ocrx_word' id='word_1_74' title='bbox 711 1253 765 1300; x_wconf 89' lang='lat' dir='ltr'><strong>tate</strong></span> <span class='ocrx_word' id='word_1_75' title='bbox 781 1242 891 1302; x_wconf 87' lang='lat' dir='ltr'><strong>Domini</strong></span> <span class='ocrx_word' id='word_1_76' title='bbox 906 1243 992 1304; x_wconf 85' lang='lat' dir='ltr'><strong>nostri</strong></span> <span class='ocrx_word' id='word_1_77' title='bbox 1007 1246 1072 1304; x_wconf 83' lang='lat' dir='ltr'><strong>lesu</strong></span> <span class='ocrx_word' id='word_1_78' title='bbox 1083 1245 1197 1327; x_wconf 81' lang='lat' dir='ltr'><strong>Christi,</strong></span> <span class='ocrx_word' id='word_1_79' title='bbox 1210 1248 1255 1308; x_wconf 89' lang='lat' dir='ltr'><strong>cui</strong></span> <span class='ocrx_word' id='word_1_80' title='bbox 1269 1249 1355 1330; x_wconf 76' lang='lat' dir='ltr'><strong>gloria</strong></span> <span class='ocrx_word' id='word_1_81' title='bbox 1366 1264 1393 1310; x_wconf 85' lang='lat' dir='ltr'><strong>et</strong></span> <span class='ocrx_word' id='word_1_82' title='bbox 1403 1250 1454 1310; x_wconf 90' lang='lat' dir='ltr'><strong>im-</strong></span> 
     </span>
    </p>
   </div>
   <div class='ocr_carea' id='block_1_5' title="bbox 709 1326 1452 1461">
    <p class='ocr_par' dir='ltr' id='par_1_6' title="bbox 709 1326 1452 1461">
     <span class='ocr_line' id='line_1_11' title="bbox 710 1326 1452 1456; baseline 0.015 -77"><span class='ocrx_word' id='word_1_83' title='bbox 710 1341 827 1456; x_wconf 71' lang='lat' dir='ltr'><strong>purium,</strong></span> <span class='ocrx_word' id='word_1_84' title='bbox 840 1343 912 1382; x_wconf 85' lang='lat' dir='ltr'><strong>nuno</strong></span> <span class='ocrx_word' id='word_1_85' title='bbox 925 1335 951 1382; x_wconf 89' lang='lat' dir='ltr'><strong>et</strong></span> <span class='ocrx_word' id='word_1_86' title='bbox 963 1344 1076 1407; x_wconf 81' lang='lat' dir='ltr'><strong>semper,</strong></span> <span class='ocrx_word' id='word_1_87' title='bbox 1091 1338 1117 1384; x_wconf 90' lang='lat' dir='ltr'><strong>et</strong></span> <span class='ocrx_word' id='word_1_88' title='bbox 1131 1326 1159 1385; x_wconf 91' lang='lat' dir='ltr'><strong>in</strong></span> <span class='ocrx_word' id='word_1_89' title='bbox 1173 1328 1270 1387; x_wconf 85' lang='lat' dir='ltr'><strong>saecula</strong></span> <span class='ocrx_word' id='word_1_90' title='bbox 1283 1330 1452 1389; x_wconf 68' lang='lat' dir='ltr'><strong>saeculorum.</strong></span> 
     </span>
     <span class='ocr_line' id='line_1_12' title="bbox 709 1421 801 1461; baseline 0.043 -7"><span class='ocrx_word' id='word_1_91' title='bbox 709 1446 716 1454; x_wconf 92' lang='lat'><strong>.</strong></span> <span class='ocrx_word' id='word_1_92' title='bbox 734 1421 801 1461; x_wconf 86' lang='lat' dir='ltr'><strong>rnen.</strong></span> 
     </span>
    </p>
   </div>
   <div class='ocr_carea' id='block_1_6' title="bbox 436 1790 921 1918">
    <p class='ocr_par' dir='ltr' id='par_1_7' title="bbox 436 1790 921 1918">
     <span class='ocr_line' id='line_1_13' title="bbox 436 1790 921 1918; baseline 0.01 -5"><span class='ocrx_word' id='word_1_93' title='bbox 436 1790 921 1918; x_wconf 82' lang='lat' dir='ltr'><strong>ADMONITIO</strong></span> 
     </span>
    </p>
   </div>
   <div class='ocr_carea' id='block_1_7' title="bbox 513 2046 832 2108">
    <p class='ocr_par' dir='ltr' id='par_1_8' title="bbox 513 2046 832 2108">
     <span class='ocr_line' id='line_1_14' title="bbox 513 2046 832 2108; baseline 0.009 -3"><span class='ocrx_word' id='word_1_94' title='bbox 513 2047 557 2106; x_wconf 81' lang='grc' dir='ltr'><strong>ΙΝ</strong></span> <span class='ocrx_word' id='word_1_95' title='bbox 588 2046 832 2108; x_wconf 80' lang='lat' dir='ltr'>SERMONEM</span> 
     </span>
    </p>
   </div>
   <div class='ocr_carea' id='block_1_8' title="bbox 106 2248 1244 2331">
    <p class='ocr_par' dir='ltr' id='par_1_9' title="bbox 106 2248 1244 2331">
     <span class='ocr_line' id='line_1_15' title="bbox 106 2248 1244 2331; baseline 0.005 -9"><span class='ocrx_word' id='word_1_96' title='bbox 106 2251 169 2323; x_wconf 84' lang='lat' dir='ltr'><strong>DE</strong></span> <span class='ocrx_word' id='word_1_97' title='bbox 194 2248 639 2325; x_wconf 84' lang='lat' dir='ltr'><strong>PSEUDOPROPHETIS</strong></span> <span class='ocrx_word' id='word_1_98' title='bbox 664 2250 729 2322; x_wconf 86' lang='lat' dir='ltr'><strong>ET</strong></span> <span class='ocrx_word' id='word_1_99' title='bbox 755 2249 915 2325; x_wconf 80' lang='lat' dir='ltr'><strong>FAles</strong></span> <span class='ocrx_word' id='word_1_100' title='bbox 940 2252 1244 2331; x_wconf 85' lang='lat' dir='ltr'>DOCTORIBUS.</span> 
     </span>
    </p>
   </div>
   <div class='ocr_carea' id='block_1_9' title="bbox 60 2472 1479 3956">
    <p class='ocr_par' dir='ltr' id='par_1_10' title="bbox 60 2472 1479 3879">
     <span class='ocr_line' id='line_1_16' title="bbox 62 2472 1456 2557; baseline 0.006 -23"><span class='ocrx_word' id='word_1_101' title='bbox 62 2474 162 2534; x_wconf 80' lang='lat' dir='ltr'><strong>tionem</strong></span> <span class='ocrx_word' id='word_1_102' title='bbox 177 2495 193 2532; x_wconf 87' lang='lat' dir='ltr'><strong>a</strong></span> <span class='ocrx_word' id='word_1_103' title='bbox 206 2472 300 2532; x_wconf 86' lang='lat' dir='ltr'><strong>multis</strong></span> <span class='ocrx_word' id='word_1_104' title='bbox 308 2485 416 2532; x_wconf 70' lang='lat' dir='ltr'><strong>aucum</strong></span> <span class='ocrx_word' id='word_1_105' title='bbox 426 2517 434 2546; x_wconf 98' lang='lat'><strong>,</strong></span> <span class='ocrx_word' id='word_1_106' title='bbox 444 2484 615 2531; x_wconf 72' lang='lat' dir='ltr'><strong>retractatam</strong></span> <span class='ocrx_word' id='word_1_107' title='bbox 626 2485 652 2531; x_wconf 91' lang='lat' dir='ltr'><strong>et</strong></span> <span class='ocrx_word' id='word_1_108' title='bbox 664 2485 797 2533; x_wconf 88' lang='lat' dir='ltr'><strong>mutatam</strong></span> <span class='ocrx_word' id='word_1_109' title='bbox 811 2472 893 2534; x_wconf 82' lang='lat' dir='ltr'><strong>luisse</strong></span> <span class='ocrx_word' id='word_1_110' title='bbox 903 2475 1078 2557; x_wconf 83' lang='lat' dir='ltr'><strong>perspicuum</strong></span> <span class='ocrx_word' id='word_1_111' title='bbox 1089 2489 1140 2553; x_wconf 85' lang='lat' dir='ltr'><strong>est,</strong></span> <span class='ocrx_word' id='word_1_112' title='bbox 1155 2497 1243 2556; x_wconf 88' lang='lat' dir='ltr'><strong>neque</strong></span> <span class='ocrx_word' id='word_1_113' title='bbox 1256 2497 1327 2540; x_wconf 87' lang='lat' dir='ltr'><strong>unus</strong></span> <span class='ocrx_word' id='word_1_114' title='bbox 1339 2483 1456 2543; x_wconf 84' lang='lat' dir='ltr'><strong>occurrit</strong></span> 
     </span>
     <span class='ocr_line' id='line_1_17' title="bbox 61 2567 1457 2650; baseline 0.007 -22"><span class='ocrx_word' id='word_1_115' title='bbox 61 2573 201 2650; x_wconf 66' lang='lat' dir='ltr'><strong>suscriptos</strong></span> <span class='ocrx_word' id='word_1_116' title='bbox 214 2567 260 2648; x_wconf 90' lang='lat' dir='ltr'><strong>qui</strong></span> <span class='ocrx_word' id='word_1_117' title='bbox 283 2588 347 2627; x_wconf 90' lang='lat' dir='ltr'><strong>cum</strong></span> <span class='ocrx_word' id='word_1_118' title='bbox 370 2567 425 2626; x_wconf 90' lang='lat' dir='ltr'><strong>alio</strong></span> <span class='ocrx_word' id='word_1_119' title='bbox 446 2567 603 2627; x_wconf 69' lang='lat' dir='ltr'><strong>consentiat.</strong></span> <span class='ocrx_word' id='word_1_120' title='bbox 621 2567 784 2646; x_wconf 79' lang='lat' dir='ltr'><strong>Longiorem</strong></span> <span class='ocrx_word' id='word_1_121' title='bbox 803 2567 946 2629; x_wconf 80' lang='lat' dir='ltr'><strong>homiliam</strong></span> <span class='ocrx_word' id='word_1_122' title='bbox 965 2569 1061 2630; x_wconf 86' lang='lat' dir='ltr'><strong>Latine</strong></span> <span class='ocrx_word' id='word_1_123' title='bbox 1077 2570 1167 2630; x_wconf 89' lang='lat' dir='ltr'><strong>solum</strong></span> <span class='ocrx_word' id='word_1_124' title='bbox 1180 2571 1303 2633; x_wconf 83' lang='lat' dir='ltr'><strong>ediderat</strong></span> <span class='ocrx_word' id='word_1_125' title='bbox 1315 2575 1457 2638; x_wconf 81' lang='lat' dir='ltr'><strong>Gerendus</strong></span> 
     </span>
     <span class='ocr_line' id='line_1_18' title="bbox 60 2659 1457 2746; baseline 0.006 -24"><span class='ocrx_word' id='word_1_126' title='bbox 60 2665 113 2746; x_wconf 86' lang='lat' dir='ltr'><strong>rjus</strong></span> <span class='ocrx_word' id='word_1_127' title='bbox 124 2676 215 2722; x_wconf 90' lang='lat' dir='ltr'><strong>autem</strong></span> <span class='ocrx_word' id='word_1_128' title='bbox 226 2659 441 2744; x_wconf 81' lang='lat' dir='ltr'><strong>interpretationi</strong></span> <span class='ocrx_word' id='word_1_129' title='bbox 454 2661 559 2721; x_wconf 85' lang='lat' dir='ltr'><strong>Latinae</strong></span> <span class='ocrx_word' id='word_1_130' title='bbox 575 2683 610 2721; x_wconf 84' lang='lat' dir='ltr'><strong>ex</strong></span> <span class='ocrx_word' id='word_1_131' title='bbox 622 2662 715 2740; x_wconf 85' lang='lat' dir='ltr'><strong>aliquo</strong></span> <span class='ocrx_word' id='word_1_132' title='bbox 729 2661 880 2743; x_wconf 80' lang='lat' dir='ltr'><strong>exemplari</strong></span> <span class='ocrx_word' id='word_1_133' title='bbox 896 2663 1049 2724; x_wconf 81' lang='lat' dir='ltr'><strong>breviorem</strong></span> <span class='ocrx_word' id='word_1_134' title='bbox 1061 2664 1166 2746; x_wconf 88' lang='lat' dir='ltr'><strong>aptavit</strong></span> <span class='ocrx_word' id='word_1_135' title='bbox 1176 2667 1302 2727; x_wconf 79' lang='lat' dir='ltr'><strong>Graecam</strong></span> <span class='ocrx_word' id='word_1_136' title='bbox 1315 2667 1457 2731; x_wconf 88' lang='lat' dir='ltr'><strong>homiliam</strong></span> 
     </span>
     <span class='ocr_line' id='line_1_19' title="bbox 61 2756 1456 2842; baseline 0.005 -25"><span class='ocrx_word' id='word_1_137' title='bbox 61 2780 116 2818; x_wconf 76' lang='lat' dir='ltr'><strong>arus</strong></span> <span class='ocrx_word' id='word_1_138' title='bbox 123 2802 132 2833; x_wconf 94' lang='lat'><strong>,</strong></span> <span class='ocrx_word' id='word_1_139' title='bbox 147 2756 184 2816; x_wconf 91' lang='lat' dir='ltr'><strong>ita</strong></span> <span class='ocrx_word' id='word_1_140' title='bbox 196 2770 293 2816; x_wconf 89' lang='lat' dir='ltr'><strong>utnon</strong></span> <span class='ocrx_word' id='word_1_141' title='bbox 306 2756 401 2837; x_wconf 85' lang='lat' dir='ltr'><strong>paucis</strong></span> <span class='ocrx_word' id='word_1_142' title='bbox 416 2757 445 2815; x_wconf 94' lang='lat' dir='ltr'><strong>in</strong></span> <span class='ocrx_word' id='word_1_143' title='bbox 458 2757 526 2816; x_wconf 86' lang='lat' dir='ltr'><strong>loeis</strong></span> <span class='ocrx_word' id='word_1_144' title='bbox 538 2756 658 2816; x_wconf 81' lang='lat' dir='ltr'><strong>hiulcam</strong></span> <span class='ocrx_word' id='word_1_145' title='bbox 671 2771 696 2816; x_wconf 85' lang='lat' dir='ltr'><strong>et</strong></span> <span class='ocrx_word' id='word_1_146' title='bbox 708 2757 837 2816; x_wconf 88' lang='lat' dir='ltr'><strong>mutilam</strong></span> <span class='ocrx_word' id='word_1_147' title='bbox 849 2757 946 2818; x_wconf 83' lang='lat' dir='ltr'><strong>seriem</strong></span> <span class='ocrx_word' id='word_1_148' title='bbox 958 2772 1145 2842; x_wconf 65' lang='lat' dir='ltr'><strong>representetq</strong></span> <span class='ocrx_word' id='word_1_149' title='bbox 1161 2774 1187 2819; x_wconf 92' lang='lat' dir='ltr'><strong>et</strong></span> <span class='ocrx_word' id='word_1_150' title='bbox 1201 2775 1289 2823; x_wconf 90' lang='lat' dir='ltr'><strong>tamen</strong></span> <span class='ocrx_word' id='word_1_151' title='bbox 1302 2763 1326 2821; x_wconf 89' lang='lat' dir='ltr'><strong>si</strong></span> <span class='ocrx_word' id='word_1_152' title='bbox 1337 2778 1456 2824; x_wconf 88' lang='lat' dir='ltr'><strong>extrema</strong></span> 
     </span>
     <span class='ocr_line' id='line_1_20' title="bbox 61 2848 1456 2932; baseline 0.004 -21"><span class='ocrx_word' id='word_1_153' title='bbox 61 2853 126 2911; x_wconf 87' lang='lat' dir='ltr'><strong>iatus</strong></span> <span class='ocrx_word' id='word_1_154' title='bbox 137 2848 231 2932; x_wconf 88' lang='lat' dir='ltr'><strong>incipit</strong></span> <span class='ocrx_word' id='word_1_155' title='bbox 242 2896 250 2927; x_wconf 95' lang='lat'><strong>,</strong></span> <span class='ocrx_word' id='word_1_156' title='bbox 260 2872 322 2910; x_wconf 89' lang='lat' dir='ltr'><strong>cnm</strong></span> <span class='ocrx_word' id='word_1_157' title='bbox 332 2849 506 2929; x_wconf 78' lang='lat' dir='ltr'><strong>sequentihus</strong></span> <span class='ocrx_word' id='word_1_158' title='bbox 519 2871 574 2929; x_wconf 92' lang='lat' dir='ltr'><strong>quo</strong></span> <span class='ocrx_word' id='word_1_159' title='bbox 585 2849 699 2926; x_wconf 88' lang='lat' dir='ltr'><strong>desinit,</strong></span> <span class='ocrx_word' id='word_1_160' title='bbox 716 2849 881 2930; x_wconf 81' lang='lat' dir='ltr'><strong>conjungas,</strong></span> <span class='ocrx_word' id='word_1_161' title='bbox 902 2848 973 2909; x_wconf 91' lang='lat' dir='ltr'><strong>nihil</strong></span> <span class='ocrx_word' id='word_1_162' title='bbox 984 2849 1133 2910; x_wconf 86' lang='lat' dir='ltr'><strong>desiderari</strong></span> <span class='ocrx_word' id='word_1_163' title='bbox 1152 2852 1300 2912; x_wconf 79' lang='lat' dir='ltr'><strong>existimes.</strong></span> <span class='ocrx_word' id='word_1_164' title='bbox 1322 2854 1381 2915; x_wconf 88' lang='lat' dir='ltr'><strong>Sub</strong></span> <span class='ocrx_word' id='word_1_165' title='bbox 1397 2855 1456 2916; x_wconf 77' lang='lat' dir='ltr'><strong>haec</strong></span> 
     </span>
     <span class='ocr_line' id='line_1_21' title="bbox 61 2943 1457 3027; baseline 0.002 -19"><span class='ocrx_word' id='word_1_166' title='bbox 61 2945 130 3008; x_wconf 79' lang='lat' dir='ltr'><strong>ciana</strong></span> <span class='ocrx_word' id='word_1_167' title='bbox 144 2960 171 3005; x_wconf 84' lang='lat' dir='ltr'><strong>ct</strong></span> <span class='ocrx_word' id='word_1_168' title='bbox 180 2946 202 3005; x_wconf 87' lang='lat' dir='ltr'>F</span> <span class='ocrx_word' id='word_1_169' title='bbox 204 2944 362 3006; x_wconf 90' lang='lat' dir='ltr'><strong>rontoniaua</strong></span> <span class='ocrx_word' id='word_1_170' title='bbox 370 2945 521 3025; x_wconf 79' lang='lat' dir='ltr'><strong>longiorem</strong></span> <span class='ocrx_word' id='word_1_171' title='bbox 533 2944 679 3005; x_wconf 88' lang='lat' dir='ltr'><strong>orationem</strong></span> <span class='ocrx_word' id='word_1_172' title='bbox 700 2943 787 3004; x_wconf 88' lang='lat' dir='ltr'><strong>edidit</strong></span> <span class='ocrx_word' id='word_1_173' title='bbox 802 2943 940 3021; x_wconf 88' lang='lat' dir='ltr'><strong>Savilius,</strong></span> <span class='ocrx_word' id='word_1_174' title='bbox 951 2944 1000 3005; x_wconf 88' lang='lat' dir='ltr'><strong>sed</strong></span> <span class='ocrx_word' id='word_1_175' title='bbox 1019 2944 1115 3004; x_wconf 88' lang='lat' dir='ltr'><strong>multis</strong></span> <span class='ocrx_word' id='word_1_176' title='bbox 1134 2945 1163 3005; x_wconf 87' lang='lat' dir='ltr'><strong>iu</strong></span> <span class='ocrx_word' id='word_1_177' title='bbox 1180 2946 1247 3008; x_wconf 76' lang='lat' dir='ltr'><strong>loris</strong></span> <span class='ocrx_word' id='word_1_178' title='bbox 1257 2947 1390 3027; x_wconf 81' lang='lat' dir='ltr'><strong>vitiatam.</strong></span> <span class='ocrx_word' id='word_1_179' title='bbox 1399 2951 1457 3011; x_wconf 87' lang='lat' dir='ltr'><strong>Nos</strong></span> 
     </span>
     <span class='ocr_line' id='line_1_22' title="bbox 60 3036 1457 3126; baseline 0.003 -24"><span class='ocrx_word' id='word_1_180' title='bbox 60 3040 156 3102; x_wconf 72' lang='lat' dir='ltr'><strong>[edice</strong></span> <span class='ocrx_word' id='word_1_181' title='bbox 169 3039 335 3101; x_wconf 64' lang='lat' dir='ltr'><strong>coisliniano</strong></span> <span class='ocrx_word' id='word_1_182' title='bbox 349 3040 409 3099; x_wconf 65' lang='grc'><strong>549</strong></span> <span class='ocrx_word' id='word_1_183' title='bbox 426 3039 497 3099; x_wconf 91' lang='lat' dir='ltr'><strong>hanc</strong></span> <span class='ocrx_word' id='word_1_184' title='bbox 510 3051 610 3098; x_wconf 86' lang='lat' dir='ltr'><strong>sartam</strong></span> <span class='ocrx_word' id='word_1_185' title='bbox 623 3051 649 3098; x_wconf 89' lang='lat' dir='ltr'><strong>et</strong></span> <span class='ocrx_word' id='word_1_186' title='bbox 660 3051 757 3098; x_wconf 85' lang='lat' dir='ltr'><strong>tectam</strong></span> <span class='ocrx_word' id='word_1_187' title='bbox 772 3036 937 3119; x_wconf 78' lang='lat' dir='ltr'><strong>proferimus</strong></span> <span class='ocrx_word' id='word_1_188' title='bbox 940 3083 950 3116; x_wconf 91' lang='lat'><strong>,</strong></span> <span class='ocrx_word' id='word_1_189' title='bbox 963 3059 980 3098; x_wconf 86' lang='lat' dir='ltr'><strong>a</strong></span> <span class='ocrx_word' id='word_1_190' title='bbox 998 3038 1178 3101; x_wconf 84' lang='lat' dir='ltr'><strong>Frontoniana</strong></span> <span class='ocrx_word' id='word_1_191' title='bbox 1191 3053 1218 3103; x_wconf 87' lang='lat' dir='ltr'><strong>et</strong></span> <span class='ocrx_word' id='word_1_192' title='bbox 1231 3040 1364 3106; x_wconf 83' lang='lat' dir='ltr'><strong>Vossiana</strong></span> <span class='ocrx_word' id='word_1_193' title='bbox 1377 3042 1457 3126; x_wconf 79' lang='lat' dir='ltr'><strong>longe</strong></span> 
     </span>
     <span class='ocr_line' id='line_1_23' title="bbox 60 3135 1479 3214; baseline -0.009 -17"><span class='ocrx_word' id='word_1_194' title='bbox 60 3151 150 3197; x_wconf 80' lang='lat' dir='ltr'><strong>scum</strong></span> <span class='ocrx_word' id='word_1_195' title='bbox 162 3135 301 3196; x_wconf 87' lang='lat' dir='ltr'><strong>Saviliana</strong></span> <span class='ocrx_word' id='word_1_196' title='bbox 314 3135 402 3214; x_wconf 78' lang='lat' dir='ltr'><strong>magis</strong></span> <span class='ocrx_word' id='word_1_197' title='bbox 410 3147 608 3200; x_wconf 87' lang='lat' dir='ltr'><strong>consonantem.</strong></span> <span class='ocrx_word' id='word_1_198' title='bbox 1476 3204 1479 3209; x_wconf 17' lang='lat' dir='ltr'><strong>j</strong></span> 
     </span>
     <span class='ocr_line' id='line_1_24' title="bbox 61 3222 1454 3310; baseline 0.003 -24"><span class='ocrx_word' id='word_1_199' title='bbox 61 3226 225 3310; x_wconf 76' lang='lat' dir='ltr'><strong>hrysostomi</strong></span> <span class='ocrx_word' id='word_1_200' title='bbox 239 3246 335 3285; x_wconf 88' lang='lat' dir='ltr'><strong>nomen</strong></span> <span class='ocrx_word' id='word_1_201' title='bbox 357 3225 384 3283; x_wconf 92' lang='lat' dir='ltr'><strong>in</strong></span> <span class='ocrx_word' id='word_1_202' title='bbox 398 3224 479 3283; x_wconf 88' lang='lat' dir='ltr'><strong>titulo</strong></span> <span class='ocrx_word' id='word_1_203' title='bbox 503 3222 646 3283; x_wconf 87' lang='lat' dir='ltr'><strong>ementitus</strong></span> <span class='ocrx_word' id='word_1_204' title='bbox 666 3236 721 3301; x_wconf 88' lang='lat' dir='ltr'><strong>est,</strong></span> <span class='ocrx_word' id='word_1_205' title='bbox 744 3244 801 3283; x_wconf 88' lang='lat' dir='ltr'><strong>sese</strong></span> <span class='ocrx_word' id='word_1_206' title='bbox 814 3223 894 3304; x_wconf 81' lang='lat' dir='ltr'><strong>lingit</strong></span> <span class='ocrx_word' id='word_1_207' title='bbox 907 3223 1010 3306; x_wconf 90' lang='lat' dir='ltr'><strong>populo</strong></span> <span class='ocrx_word' id='word_1_208' title='bbox 1037 3246 1086 3286; x_wconf 91' lang='lat' dir='ltr'><strong>suo</strong></span> <span class='ocrx_word' id='word_1_209' title='bbox 1112 3226 1242 3288; x_wconf 89' lang='lat' dir='ltr'><strong>ultimum</strong></span> <span class='ocrx_word' id='word_1_210' title='bbox 1265 3229 1454 3292; x_wconf 82' lang='lat' dir='ltr'><strong>valedicere:</strong></span> 
     </span>
     <span class='ocr_line' id='line_1_25' title="bbox 60 3318 1455 3407; baseline 0.003 -23"><span class='ocrx_word' id='word_1_211' title='bbox 60 3325 197 3384; x_wconf 80' lang='lat' dir='ltr'><strong>elationis</strong></span> <span class='ocrx_word' id='word_1_212' title='bbox 210 3343 280 3382; x_wconf 80' lang='lat' dir='ltr'><strong>nseoe</strong></span> <span class='ocrx_word' id='word_1_213' title='bbox 292 3325 401 3398; x_wconf 82' lang='lat' dir='ltr'><strong>instat,</strong></span> <span class='ocrx_word' id='word_1_214' title='bbox 418 3319 517 3399; x_wconf 88' lang='lat' dir='ltr'><strong>inquit.</strong></span> <span class='ocrx_word' id='word_1_215' title='bbox 535 3319 586 3378; x_wconf 82' lang='lat' dir='ltr'><strong>llic</strong></span> <span class='ocrx_word' id='word_1_216' title='bbox 602 3318 693 3378; x_wconf 89' lang='lat' dir='ltr'><strong>omnia</strong></span> <span class='ocrx_word' id='word_1_217' title='bbox 707 3318 807 3388; x_wconf 75' lang='grc' dir='ltr'>νοθείας</span> <span class='ocrx_word' id='word_1_218' title='bbox 822 3318 900 3400; x_wconf 80' lang='lat' dir='ltr'><strong>signa</strong></span> <span class='ocrx_word' id='word_1_219' title='bbox 917 3340 975 3379; x_wconf 90' lang='lat' dir='ltr'><strong>sese</strong></span> <span class='ocrx_word' id='word_1_220' title='bbox 986 3320 1078 3380; x_wconf 88' lang='lat' dir='ltr'><strong>statim</strong></span> <span class='ocrx_word' id='word_1_221' title='bbox 1091 3321 1217 3383; x_wconf 79' lang='lat' dir='ltr'><strong>offerunt.</strong></span> <span class='ocrx_word' id='word_1_222' title='bbox 1232 3322 1329 3407; x_wconf 79' lang='lat' dir='ltr'><strong>Stylus</strong></span> <span class='ocrx_word' id='word_1_223' title='bbox 1341 3325 1455 3388; x_wconf 89' lang='lat' dir='ltr'><strong>humilis</strong></span> 
     </span>
     <span class='ocr_line' id='line_1_26' title="bbox 61 3413 1456 3504; baseline 0.003 -25"><span class='ocrx_word' id='word_1_224' title='bbox 61 3464 70 3494; x_wconf 91' lang='lat'><strong>,</strong></span> <span class='ocrx_word' id='word_1_225' title='bbox 88 3441 104 3479; x_wconf 92' lang='lat' dir='ltr'><strong>a</strong></span> <span class='ocrx_word' id='word_1_226' title='bbox 118 3415 303 3500; x_wconf 71' lang='lat' dir='ltr'><strong>chrysostomi</strong></span> <span class='ocrx_word' id='word_1_227' title='bbox 320 3414 415 3475; x_wconf 90' lang='lat' dir='ltr'><strong>orandi</strong></span> <span class='ocrx_word' id='word_1_228' title='bbox 430 3435 525 3494; x_wconf 79' lang='lat' dir='ltr'><strong>genere</strong></span> <span class='ocrx_word' id='word_1_229' title='bbox 539 3428 594 3475; x_wconf 90' lang='lat' dir='ltr'><strong>tcto</strong></span> <span class='ocrx_word' id='word_1_230' title='bbox 612 3414 678 3475; x_wconf 80' lang='lat' dir='ltr'><strong>calc</strong></span> <span class='ocrx_word' id='word_1_231' title='bbox 698 3414 845 3476; x_wconf 77' lang='lat' dir='ltr'><strong>diversus:</strong></span> <span class='ocrx_word' id='word_1_232' title='bbox 862 3413 947 3476; x_wconf 89' lang='lat' dir='ltr'><strong>dictio</strong></span> <span class='ocrx_word' id='word_1_233' title='bbox 963 3415 1099 3497; x_wconf 77' lang='lat' dir='ltr'><strong>inelegans</strong></span> <span class='ocrx_word' id='word_1_234' title='bbox 1111 3431 1172 3496; x_wconf 89' lang='lat' dir='ltr'><strong>est,</strong></span> <span class='ocrx_word' id='word_1_235' title='bbox 1188 3419 1371 3498; x_wconf 74' lang='lat' dir='ltr'><strong>grammatica</strong></span> <span class='ocrx_word' id='word_1_236' title='bbox 1383 3422 1456 3504; x_wconf 78' lang='lat' dir='ltr'><strong>leges</strong></span> 
     </span>
     <span class='ocr_line' id='line_1_27' title="bbox 60 3506 1456 3597; baseline 0.001 -23"><span class='ocrx_word' id='word_1_237' title='bbox 60 3513 212 3588; x_wconf 83' lang='lat' dir='ltr'><strong>violantur,</strong></span> <span class='ocrx_word' id='word_1_238' title='bbox 227 3510 344 3593; x_wconf 87' lang='lat' dir='ltr'><strong>epitheta</strong></span> <span class='ocrx_word' id='word_1_239' title='bbox 356 3508 475 3591; x_wconf 88' lang='lat' dir='ltr'><strong>insipida</strong></span> <span class='ocrx_word' id='word_1_240' title='bbox 485 3507 521 3570; x_wconf 86' lang='lat' dir='ltr'><strong>ad</strong></span> <span class='ocrx_word' id='word_1_241' title='bbox 534 3529 662 3569; x_wconf 89' lang='lat' dir='ltr'><strong>nauseam</strong></span> <span class='ocrx_word' id='word_1_242' title='bbox 676 3529 759 3588; x_wconf 85' lang='lat' dir='ltr'><strong>usqne</strong></span> <span class='ocrx_word' id='word_1_243' title='bbox 769 3506 989 3575; x_wconf 66' lang='lat' dir='ltr'><strong>¹{accumulantur¹</strong></span> <span class='ocrx_word' id='word_1_244' title='bbox 1004 3509 1122 3570; x_wconf 88' lang='lat' dir='ltr'><strong>Demum</strong></span> <span class='ocrx_word' id='word_1_245' title='bbox 1134 3510 1283 3595; x_wconf 81' lang='lat' dir='ltr'><strong>Dionysius</strong></span> <span class='ocrx_word' id='word_1_246' title='bbox 1294 3516 1456 3597; x_wconf 79' lang='lat' dir='ltr'><strong>Areopagita</strong></span> 
     </span>
     <span class='ocr_line' id='line_1_28' title="bbox 60 3603 1453 3689; baseline 0.001 -22"><span class='ocrx_word' id='word_1_247' title='bbox 60 3606 239 3667; x_wconf 67' lang='lat' dir='ltr'><strong>celeberrimus</strong></span> <span class='ocrx_word' id='word_1_248' title='bbox 255 3617 427 3664; x_wconf 87' lang='lat' dir='ltr'><strong>memoratur.</strong></span> <span class='ocrx_word' id='word_1_249' title='bbox 448 3604 538 3683; x_wconf 83' lang='lat' dir='ltr'><strong>Hujus</strong></span> <span class='ocrx_word' id='word_1_250' title='bbox 550 3616 640 3663; x_wconf 86' lang='lat' dir='ltr'><strong>tamen</strong></span> <span class='ocrx_word' id='word_1_251' title='bbox 656 3603 774 3684; x_wconf 86' lang='lat' dir='ltr'><strong>scripta,</strong></span> <span class='ocrx_word' id='word_1_252' title='bbox 785 3624 846 3682; x_wconf 81' lang='lat' dir='ltr'><strong>quar</strong></span> <span class='ocrx_word' id='word_1_253' title='bbox 861 3603 953 3686; x_wconf 89' lang='lat' dir='ltr'><strong>spuria</strong></span> <span class='ocrx_word' id='word_1_254' title='bbox 972 3604 1048 3686; x_wconf 90' lang='lat' dir='ltr'><strong>apud</strong></span> <span class='ocrx_word' id='word_1_255' title='bbox 1062 3604 1182 3666; x_wconf 86' lang='lat' dir='ltr'><strong>eruditos</strong></span> <span class='ocrx_word' id='word_1_256' title='bbox 1196 3628 1288 3667; x_wconf 88' lang='lat' dir='ltr'><strong>omnes</strong></span> <span class='ocrx_word' id='word_1_257' title='bbox 1304 3607 1453 3689; x_wconf 85' lang='lat' dir='ltr'><strong>habentur,</strong></span> 
     </span>
     <span class='ocr_line' id='line_1_29' title="bbox 74 3696 1454 3782; baseline 0.001 -20"><span class='ocrx_word' id='word_1_258' title='bbox 74 3716 189 3762; x_wconf 90' lang='lat' dir='ltr'><strong>mortem</strong></span> <span class='ocrx_word' id='word_1_259' title='bbox 206 3698 393 3782; x_wconf 75' lang='lat' dir='ltr'><strong>chrysostomi</strong></span> <span class='ocrx_word' id='word_1_260' title='bbox 407 3699 513 3758; x_wconf 71' lang='lat' dir='ltr'><strong>sarculis</strong></span> <span class='ocrx_word' id='word_1_261' title='bbox 530 3698 647 3758; x_wconf 84' lang='lat' dir='ltr'><strong>coniecta</strong></span> <span class='ocrx_word' id='word_1_262' title='bbox 661 3696 852 3779; x_wconf 74' lang='lat' dir='ltr'><strong>publicamque</strong></span> <span class='ocrx_word' id='word_1_263' title='bbox 864 3709 935 3759; x_wconf 85' lang='lat' dir='ltr'><strong>sunt.</strong></span> <span class='ocrx_word' id='word_1_264' title='bbox 954 3698 1028 3759; x_wconf 91' lang='lat' dir='ltr'><strong>Inter</strong></span> <span class='ocrx_word' id='word_1_265' title='bbox 1046 3698 1186 3762; x_wconf 81' lang='lat' dir='ltr'><strong>haeretiocs</strong></span> <span class='ocrx_word' id='word_1_266' title='bbox 1197 3715 1350 3762; x_wconf 88' lang='lat' dir='ltr'><strong>recensetur</strong></span> <span class='ocrx_word' id='word_1_267' title='bbox 1360 3705 1454 3764; x_wconf 79' lang='lat' dir='ltr'><strong>Nesto</strong></span> 
     </span>
     <span class='ocr_line' id='line_1_30' title="bbox 60 3793 766 3879; baseline -0.007 -22"><span class='ocrx_word' id='word_1_268' title='bbox 60 3798 180 3879; x_wconf 80' lang='lat' dir='ltr'><strong>arguitur</strong></span> <span class='ocrx_word' id='word_1_269' title='bbox 189 3810 288 3876; x_wconf 89' lang='lat' dir='ltr'><strong>quanta</strong></span> <span class='ocrx_word' id='word_1_270' title='bbox 298 3794 379 3854; x_wconf 90' lang='lat' dir='ltr'><strong>fuerit</strong></span> <span class='ocrx_word' id='word_1_271' title='bbox 392 3793 513 3855; x_wconf 76' lang='lat' dir='ltr'><strong>Graeculi</strong></span> <span class='ocrx_word' id='word_1_272' title='bbox 525 3793 609 3875; x_wconf 85' lang='lat' dir='ltr'><strong>hujus</strong></span> <span class='ocrx_word' id='word_1_273' title='bbox 620 3793 766 3876; x_wconf 85' lang='lat' dir='ltr'><strong>imperitia.</strong></span> 
     </span>
    </p>

    <p class='ocr_par' dir='ltr' id='par_1_11' title="bbox 60 3887 635 3956">
     <span class='ocr_line' id='line_1_31' title="bbox 60 3887 635 3956; baseline -0.014 0"><span class='ocrx_word' id='word_1_274' title='bbox 60 3895 173 3956; x_wconf 76' lang='lat' dir='ltr'><strong>itionem</strong></span> <span class='ocrx_word' id='word_1_275' title='bbox 182 3913 282 3954; x_wconf 85' lang='lat' dir='ltr'><strong>noram</strong></span> <span class='ocrx_word' id='word_1_276' title='bbox 294 3889 420 3953; x_wconf 80' lang='lat' dir='ltr'><strong>Latinam</strong></span> <span class='ocrx_word' id='word_1_277' title='bbox 432 3887 635 3951; x_wconf 83' lang='lat' dir='ltr'><strong>adornavimus.</strong></span> 
     </span>
    </p>
   </div>
   <div class='ocr_carea' id='block_1_10' title="bbox 59 4261 1450 4629">
    <p class='ocr_par' dir='ltr' id='par_1_12' title="bbox 59 4261 1450 4629">
     <span class='ocr_line' id='line_1_32' title="bbox 68 4261 1448 4351; baseline 0 -28"><span class='ocrx_word' id='word_1_278' title='bbox 68 4266 307 4351; x_wconf 69' lang='grc' dir='ltr'>ψωδωνροφητῶν,</span> <span class='ocrx_word' id='word_1_279' title='bbox 329 4266 375 4325; x_wconf 76' lang='grc' dir='ltr'><strong>καὶ</strong></span> <span class='ocrx_word' id='word_1_280' title='bbox 398 4262 654 4344; x_wconf 76' lang='grc' dir='ltr'><strong>ψιυδοδιδασκάλων,</strong></span> <span class='ocrx_word' id='word_1_281' title='bbox 707 4261 806 4322; x_wconf 78' lang='lat' dir='ltr'><strong>Sermo</strong></span> <span class='ocrx_word' id='word_1_282' title='bbox 817 4262 1124 4344; x_wconf 76' lang='lat' dir='ltr'><strong>depssudopmphetis,</strong></span> <span class='ocrx_word' id='word_1_283' title='bbox 1136 4262 1260 4346; x_wconf 77' lang='lat' dir='ltr'><strong>etsalst‘s</strong></span> <span class='ocrx_word' id='word_1_284' title='bbox 1270 4263 1448 4335; x_wconf 48' lang='lat' dir='ltr'><strong>doctoribus</strong></span> 
     </span>
     <span class='ocr_line' id='line_1_33' title="bbox 59 4354 1450 4442; baseline -0.003 -24"><span class='ocrx_word' id='word_1_285' title='bbox 59 4386 70 4420; x_wconf 92' lang='grc' dir='ltr'>ν</span> <span class='ocrx_word' id='word_1_286' title='bbox 91 4362 248 4442; x_wconf 77' lang='grc' dir='ltr'>αἱρετικῶν,</span> <span class='ocrx_word' id='word_1_287' title='bbox 263 4356 308 4416; x_wconf 76' lang='grc' dir='ltr'><strong>καὶ</strong></span> <span class='ocrx_word' id='word_1_288' title='bbox 323 4356 384 4435; x_wconf 78' lang='grc' dir='ltr'>περὶ</span> <span class='ocrx_word' id='word_1_289' title='bbox 402 4354 520 4434; x_wconf 76' lang='grc' dir='ltr'>σημείων</span> <span class='ocrx_word' id='word_1_290' title='bbox 532 4358 580 4426; x_wconf 71' lang='grc' dir='ltr'><strong>τῆς</strong></span> <span class='ocrx_word' id='word_1_291' title='bbox 594 4377 654 4412; x_wconf 86' lang='grc' dir='ltr'>συν·</span> <span class='ocrx_word' id='word_1_292' title='bbox 750 4366 779 4414; x_wconf 83' lang='lat' dir='ltr'><strong>et</strong></span> <span class='ocrx_word' id='word_1_293' title='bbox 789 4358 886 4437; x_wconf 81' lang='lat' dir='ltr'><strong>impiis</strong></span> <span class='ocrx_word' id='word_1_294' title='bbox 896 4356 1050 4428; x_wconf 79' lang='lat' dir='ltr'><strong>hoereticis,</strong></span> <span class='ocrx_word' id='word_1_295' title='bbox 1062 4367 1090 4416; x_wconf 83' lang='lat' dir='ltr'><strong>et</strong></span> <span class='ocrx_word' id='word_1_296' title='bbox 1104 4354 1142 4415; x_wconf 78' lang='lat' dir='ltr'><strong>dc</strong></span> <span class='ocrx_word' id='word_1_297' title='bbox 1164 4357 1256 4437; x_wconf 71' lang='lat' dir='ltr'><strong>signis</strong></span> <span class='ocrx_word' id='word_1_298' title='bbox 1268 4376 1450 4415; x_wconf 75' lang='lat' dir='ltr'><strong>comumma·</strong></span> 
     </span>
     <span class='ocr_line' id='line_1_34' title="bbox 59 4447 1450 4531; baseline -0.006 -14"><span class='ocrx_word' id='word_1_299' title='bbox 59 4461 86 4518; x_wconf 75' lang='grc' dir='ltr'><strong>νῦ</strong></span> <span class='ocrx_word' id='word_1_300' title='bbox 106 4460 200 4521; x_wconf 80' lang='grc' dir='ltr'>αἰῶνος</span> <span class='ocrx_word' id='word_1_301' title='bbox 217 4451 317 4513; x_wconf 80' lang='grc' dir='ltr'>τούτου.</span> <span class='ocrx_word' id='word_1_302' title='bbox 341 4449 458 4531; x_wconf 71' lang='grc' dir='ltr'>Ἔῤῥήθη</span> <span class='ocrx_word' id='word_1_303' title='bbox 474 4449 503 4509; x_wconf 69' lang='grc' dir='ltr'><strong>δὲ</strong></span> <span class='ocrx_word' id='word_1_304' title='bbox 518 4448 655 4526; x_wconf 71' lang='grc' dir='ltr'>μέλλοντος</span> <span class='ocrx_word' id='word_1_305' title='bbox 750 4451 839 4508; x_wconf 82' lang='lat' dir='ltr'><strong>tionis</strong></span> <span class='ocrx_word' id='word_1_306' title='bbox 853 4449 954 4508; x_wconf 81' lang='lat' dir='ltr'><strong>soeculi</strong></span> <span class='ocrx_word' id='word_1_307' title='bbox 972 4450 1070 4530; x_wconf 79' lang='lat' dir='ltr'><strong>hujus.</strong></span> <span class='ocrx_word' id='word_1_308' title='bbox 1084 4447 1177 4508; x_wconf 80' lang='lat' dir='ltr'><strong>Dicta</strong></span> <span class='ocrx_word' id='word_1_309' title='bbox 1194 4459 1238 4508; x_wconf 83' lang='lat' dir='ltr'><strong>est</strong></span> <span class='ocrx_word' id='word_1_310' title='bbox 1255 4448 1347 4529; x_wconf 80' lang='lat' dir='ltr'><strong>paulo</strong></span> <span class='ocrx_word' id='word_1_311' title='bbox 1367 4461 1450 4510; x_wconf 84' lang='lat' dir='ltr'><strong>ante·</strong></span> 
     </span>
     <span class='ocr_line' id='line_1_35' title="bbox 59 4541 1280 4629; baseline -0.007 -21"><span class='ocrx_word' id='word_1_312' title='bbox 59 4557 140 4629; x_wconf 67' lang='grc' dir='ltr'><strong>’νιμιῑν</strong></span> <span class='ocrx_word' id='word_1_313' title='bbox 155 4546 269 4608; x_wconf 80' lang='grc' dir='ltr'>ἀπὸτοῦ</span> <span class='ocrx_word' id='word_1_314' title='bbox 284 4544 413 4624; x_wconf 79' lang='grc' dir='ltr'><strong>σώματος.</strong></span> <span class='ocrx_word' id='word_1_315' title='bbox 749 4561 840 4621; x_wconf 87' lang='lat' dir='ltr'><strong>quam</strong></span> <span class='ocrx_word' id='word_1_316' title='bbox 852 4541 1119 4618; x_wconf 81' lang='lat' dir='ltr'><strong>(sanetus)devito</strong></span> <span class='ocrx_word' id='word_1_317' title='bbox 1132 4543 1280 4622; x_wconf 74' lang='lat' dir='ltr'><strong>migraret.</strong></span> 
     </span>
    </p>
   </div>
   <div class='ocr_carea' id='block_1_11' title="bbox 58 4724 1588 5375">
    <p class='ocr_par' dir='ltr' id='par_1_13' title="bbox 58 4724 1588 5375">
     <span class='ocr_line' id='line_1_36' title="bbox 59 4724 1451 4818; baseline -0.006 -22"><span class='ocrx_word' id='word_1_318' title='bbox 59 4763 66 4805; x_wconf 84' lang='lat'><strong>;</strong></span> <span class='ocrx_word' id='word_1_319' title='bbox 79 4739 94 4796; x_wconf 81' lang='lat' dir='ltr'><strong>l</strong></span> <span class='ocrx_word' id='word_1_320' title='bbox 108 4736 126 4794; x_wconf 85' lang='grc' dir='ltr'>λ</span> <span class='ocrx_word' id='word_1_321' title='bbox 186 4731 300 4808; x_wconf 74' lang='grc' dir='ltr'>,καθότι</span> <span class='ocrx_word' id='word_1_322' title='bbox 315 4731 361 4791; x_wconf 80' lang='grc' dir='ltr'><strong>καὶ</strong></span> <span class='ocrx_word' id='word_1_323' title='bbox 375 4731 495 4811; x_wconf 70' lang='grc' dir='ltr'><strong>ἔσχατος,</strong></span> <span class='ocrx_word' id='word_1_324' title='bbox 506 4729 542 4798; x_wconf 78' lang='grc' dir='ltr'><strong>ὥς</strong></span> <span class='ocrx_word' id='word_1_325' title='bbox 557 4754 602 4809; x_wconf 81' lang='grc' dir='ltr'><strong>μοι</strong></span> <span class='ocrx_word' id='word_1_326' title='bbox 615 4731 655 4788; x_wconf 79' lang='grc' dir='ltr'><strong>δι·</strong></span> <span class='ocrx_word' id='word_1_327' title='bbox 750 4728 778 4785; x_wconf 83' lang='grc'><strong>1.</strong></span> <span class='ocrx_word' id='word_1_328' title='bbox 804 4724 942 4806; x_wconf 81' lang='lat' dir='ltr'><strong>Lugubris</strong></span> <span class='ocrx_word' id='word_1_329' title='bbox 956 4725 1060 4803; x_wconf 88' lang='lat' dir='ltr'><strong>oratio,</strong></span> <span class='ocrx_word' id='word_1_330' title='bbox 1083 4739 1177 4809; x_wconf 86' lang='lat' dir='ltr'><strong>utpote</strong></span> <span class='ocrx_word' id='word_1_331' title='bbox 1199 4726 1360 4818; x_wconf 43' lang='lat' dir='ltr'><strong>ultima,·ut</strong></span> <span class='ocrx_word' id='word_1_332' title='bbox 1382 4728 1451 4788; x_wconf 88' lang='lat' dir='ltr'><strong>mihi</strong></span> 
     </span>
     <span class='ocr_line' id='line_1_37' title="bbox 59 4800 1450 4892; baseline -0.006 -16"><span class='ocrx_word' id='word_1_333' title='bbox 59 4814 101 4878; x_wconf 66' lang='grc' dir='ltr'><strong>ιλᾶ</strong></span> <span class='ocrx_word' id='word_1_334' title='bbox 114 4840 149 4874; x_wconf 81' lang='grc' dir='ltr'><strong>κα</strong></span> <span class='ocrx_word' id='word_1_335' title='bbox 174 4815 275 4883; x_wconf 80' lang='grc' dir='ltr'>πολλῆς</span> <span class='ocrx_word' id='word_1_336' title='bbox 311 4800 486 4892; x_wconf 47' lang='grc' dir='ltr'><strong>αρᾶςγέιιων.</strong></span> <span class='ocrx_word' id='word_1_337' title='bbox 511 4808 655 4889; x_wconf 80' lang='grc' dir='ltr'>Ὀδυνηρὸς</span> <span class='ocrx_word' id='word_1_338' title='bbox 708 4805 890 4886; x_wconf 76' lang='lat' dir='ltr'><strong>significatum</strong></span> <span class='ocrx_word' id='word_1_339' title='bbox 914 4819 1096 4866; x_wconf 74' lang='lat' dir='ltr'><strong>estrattamen</strong></span> <span class='ocrx_word' id='word_1_340' title='bbox 1118 4827 1217 4887; x_wconf 79' lang='lat' dir='ltr'><strong>magno</strong></span> <span class='ocrx_word' id='word_1_341' title='bbox 1240 4806 1341 4888; x_wconf 84' lang='lat' dir='ltr'><strong>gaudto</strong></span> <span class='ocrx_word' id='word_1_342' title='bbox 1362 4807 1450 4888; x_wconf 86' lang='lat' dir='ltr'><strong>plena.</strong></span> 
     </span>
     <span class='ocr_line' id='line_1_38' title="bbox 58 4884 1452 4979; baseline -0.007 -24"><span class='ocrx_word' id='word_1_343' title='bbox 58 4893 252 4965; x_wconf 71' lang='grc' dir='ltr'>κῖτιλαλήσω</span> <span class='ocrx_word' id='word_1_344' title='bbox 266 4916 288 4952; x_wconf 76' lang='grc' dir='ltr'>π</span> <span class='ocrx_word' id='word_1_345' title='bbox 320 4895 431 4969; x_wconf 62' lang='lat' dir='ltr'><strong>ripae·</strong></span> <span class='ocrx_word' id='word_1_346' title='bbox 446 4891 546 4962; x_wconf 81' lang='grc' dir='ltr'>πολλῆς</span> <span class='ocrx_word' id='word_1_347' title='bbox 560 4888 589 4949; x_wconf 73' lang='grc' dir='ltr'><strong>δὲ</strong></span> <span class='ocrx_word' id='word_1_348' title='bbox 604 4912 654 4969; x_wconf 87' lang='grc' dir='ltr'><strong>χα-</strong></span> <span class='ocrx_word' id='word_1_349' title='bbox 709 4884 865 4965; x_wconf 79' lang='lat' dir='ltr'><strong>Lugubris,</strong></span> <span class='ocrx_word' id='word_1_350' title='bbox 880 4885 943 4964; x_wconf 88' lang='lat' dir='ltr'><strong>quia</strong></span> <span class='ocrx_word' id='word_1_351' title='bbox 970 4907 1024 4946; x_wconf 91' lang='lat' dir='ltr'><strong>non</strong></span> <span class='ocrx_word' id='word_1_352' title='bbox 1047 4886 1119 4946; x_wconf 85' lang='lat' dir='ltr'><strong>ultra</strong></span> <span class='ocrx_word' id='word_1_353' title='bbox 1139 4907 1189 4948; x_wconf 82' lang='lat' dir='ltr'><strong>vos</strong></span> <span class='ocrx_word' id='word_1_354' title='bbox 1208 4886 1346 4979; x_wconf 73' lang='lat' dir='ltr'><strong>alloquar,</strong></span> <span class='ocrx_word' id='word_1_355' title='bbox 1366 4887 1452 4979; x_wconf 78' lang='lat' dir='ltr'><strong>multo</strong></span> 
     </span>
     <span class='ocr_line' id='line_1_39' title="bbox 58 4964 1449 5058; baseline -0.006 -24"><span class='ocrx_word' id='word_1_356' title='bbox 58 4975 98 5038; x_wconf 69' lang='lat' dir='ltr'><strong>hri</strong></span> <span class='ocrx_word' id='word_1_357' title='bbox 114 4971 256 5055; x_wconf 69' lang='grc' dir='ltr'><strong>ἔφίσιηιίν</strong></span> <span class='ocrx_word' id='word_1_358' title='bbox 271 4995 321 5050; x_wconf 75' lang='grc' dir='ltr'><strong>μου</strong></span> <span class='ocrx_word' id='word_1_359' title='bbox 337 4975 351 5030; x_wconf 81' lang='grc' dir='ltr'>ὁ</span> <span class='ocrx_word' id='word_1_360' title='bbox 365 4971 457 5052; x_wconf 72' lang='grc' dir='ltr'>καιρὸς</span> <span class='ocrx_word' id='word_1_361' title='bbox 472 4967 548 5038; x_wconf 80' lang='grc' dir='ltr'>εἰςτὸ</span> <span class='ocrx_word' id='word_1_362' title='bbox 560 4971 655 5029; x_wconf 51' lang='lat' dir='ltr'><strong>aivald</strong></span> <span class='ocrx_word' id='word_1_363' title='bbox 709 4964 809 5044; x_wconf 78' lang='lat' dir='ltr'><strong>gaudio</strong></span> <span class='ocrx_word' id='word_1_364' title='bbox 823 4965 916 5046; x_wconf 87' lang='lat' dir='ltr'><strong>plena,</strong></span> <span class='ocrx_word' id='word_1_365' title='bbox 938 4964 1002 5045; x_wconf 91' lang='lat' dir='ltr'><strong>quia</strong></span> <span class='ocrx_word' id='word_1_366' title='bbox 1019 4978 1126 5048; x_wconf 87' lang='lat' dir='ltr'><strong>tempus</strong></span> <span class='ocrx_word' id='word_1_367' title='bbox 1139 4966 1311 5058; x_wconf 68' lang='lat' dir='ltr'><strong>resolutionis</strong></span> <span class='ocrx_word' id='word_1_368' title='bbox 1326 4987 1391 5057; x_wconf 62' lang='lat' dir='ltr'><strong>mee</strong></span> <span class='ocrx_word' id='word_1_369' title='bbox 1407 4987 1449 5026; x_wconf 92' lang='lat' dir='ltr'><strong>m·</strong></span> 
     </span>
     <span class='ocr_line' id='line_1_40' title="bbox 58 5038 1451 5136; baseline -0.006 -22"><span class='ocrx_word' id='word_1_370' title='bbox 58 5056 86 5115; x_wconf 73' lang='lat' dir='ltr'><strong>‘av</strong></span> <span class='ocrx_word' id='word_1_371' title='bbox 106 5054 216 5136; x_wconf 72' lang='grc' dir='ltr'><strong>Χριστῷ</strong></span> <span class='ocrx_word' id='word_1_372' title='bbox 237 5043 303 5111; x_wconf 79' lang='grc' dir='ltr'>εἶναί</span> <span class='ocrx_word' id='word_1_373' title='bbox 326 5073 377 5128; x_wconf 75' lang='grc' dir='ltr'><strong>με·</strong></span> <span class='ocrx_word' id='word_1_374' title='bbox 396 5050 442 5110; x_wconf 77' lang='grc' dir='ltr'><strong>καὶ</strong></span> <span class='ocrx_word' id='word_1_375' title='bbox 456 5047 544 5117; x_wconf 79' lang='grc' dir='ltr'><strong>καθὼς</strong></span> <span class='ocrx_word' id='word_1_376' title='bbox 557 5038 656 5109; x_wconf 70' lang='lat' dir='ltr'><strong>elcesi</strong></span> <span class='ocrx_word' id='word_1_377' title='bbox 709 5057 778 5122; x_wconf 89' lang='lat' dir='ltr'><strong>stat,</strong></span> <span class='ocrx_word' id='word_1_378' title='bbox 791 5058 822 5104; x_wconf 90' lang='lat' dir='ltr'><strong>ut</strong></span> <span class='ocrx_word' id='word_1_379' title='bbox 831 5043 884 5104; x_wconf 90' lang='lat' dir='ltr'><strong>sim</strong></span> <span class='ocrx_word' id='word_1_380' title='bbox 893 5045 1090 5122; x_wconf 81' lang='lat' dir='ltr'><strong>cumChristo3</strong></span> <span class='ocrx_word' id='word_1_381' title='bbox 1101 5066 1132 5105; x_wconf 88' lang='lat' dir='ltr'><strong>ac</strong></span> <span class='ocrx_word' id='word_1_382' title='bbox 1142 5059 1213 5105; x_wconf 79' lang='lat' dir='ltr'><strong>sicut</strong></span> <span class='ocrx_word' id='word_1_383' title='bbox 1224 5044 1451 5122; x_wconf 69' lang='lat' dir='ltr'><strong>drmsDommus,</strong></span> 
     </span>
     <span class='ocr_line' id='line_1_41' title="bbox 58 5123 1588 5217; baseline -0.007 -22"><span class='ocrx_word' id='word_1_384' title='bbox 58 5135 126 5196; x_wconf 73' lang='grc' dir='ltr'><strong>’νιίτι</strong></span> <span class='ocrx_word' id='word_1_385' title='bbox 147 5131 258 5204; x_wconf 78' lang='grc' dir='ltr'>λαλήσω</span> <span class='ocrx_word' id='word_1_386' title='bbox 279 5130 337 5209; x_wconf 78' lang='grc' dir='ltr'><strong>μεθ’</strong></span> <span class='ocrx_word' id='word_1_387' title='bbox 361 5134 445 5208; x_wconf 65' lang='grc' dir='ltr'>ὑμῶν.</span> <span class='ocrx_word' id='word_1_388' title='bbox 482 5126 546 5188; x_wconf 72' lang='lat' dir='ltr'><strong>&#39;Eri</strong></span> <span class='ocrx_word' id='word_1_389' title='bbox 565 5126 593 5188; x_wconf 76' lang='grc' dir='ltr'><strong>δὲ</strong></span> <span class='ocrx_word' id='word_1_390' title='bbox 610 5133 654 5187; x_wconf 80' lang='grc' dir='ltr'><strong>νῦν</strong></span> <span class='ocrx_word' id='word_1_391' title='bbox 672 5173 696 5212; x_wconf 66' lang='lat'><strong>7,</strong></span> <span class='ocrx_word' id='word_1_392' title='bbox 710 5126 779 5184; x_wconf 88' lang='lat' dir='ltr'><strong>Non</strong></span> <span class='ocrx_word' id='word_1_393' title='bbox 801 5124 929 5204; x_wconf 66' lang='lat' dir='ltr'><strong>ampliter</strong></span> <span class='ocrx_word' id='word_1_394' title='bbox 943 5125 1051 5207; x_wconf 84' lang='lat' dir='ltr'><strong>loquar</strong></span> <span class='ocrx_word' id='word_1_395' title='bbox 1072 5128 1227 5186; x_wconf 71' lang='lat' dir='ltr'><strong>vobiscum</strong></span> <span class='ocrx_word' id='word_1_396' title='bbox 1243 5123 1340 5185; x_wconf 82' lang='lat' dir='ltr'><strong>sdhuc</strong></span> <span class='ocrx_word' id='word_1_397' title='bbox 1362 5137 1530 5217; x_wconf 63' lang='lat' dir='ltr'><strong>tamenJm,</strong></span> <span class='ocrx_word' id='word_1_398' title='bbox 1550 5155 1588 5212; x_wconf 81' lang='lat' dir='ltr'><strong>¹i·</strong></span> 
     </span>
     <span class='ocr_line' id='line_1_42' title="bbox 87 5203 1501 5294; baseline -0.009 -20"><span class='ocrx_word' id='word_1_399' title='bbox 87 5212 167 5284; x_wconf 81' lang='grc' dir='ltr'>ὀδύνη</span> <span class='ocrx_word' id='word_1_400' title='bbox 195 5209 305 5294; x_wconf 78' lang='grc' dir='ltr'>καρδίας</span> <span class='ocrx_word' id='word_1_401' title='bbox 335 5209 396 5271; x_wconf 72' lang='lat' dir='ltr'><strong>rel</strong></span> <span class='ocrx_word' id='word_1_402' title='bbox 426 5212 480 5268; x_wconf 81' lang='grc' dir='ltr'><strong>τῶν</strong></span> <span class='ocrx_word' id='word_1_403' title='bbox 506 5208 655 5290; x_wconf 66' lang='lat' dir='ltr'><strong>peudoapo-</strong></span> <span class='ocrx_word' id='word_1_404' title='bbox 674 5229 692 5276; x_wconf 71' lang='grc' dir='ltr'><strong>,ι</strong></span> <span class='ocrx_word' id='word_1_405' title='bbox 709 5224 783 5265; x_wconf 91' lang='lat' dir='ltr'><strong>nunc</strong></span> <span class='ocrx_word' id='word_1_406' title='bbox 794 5203 1245 5283; x_wconf 84' lang='lat' dir='ltr'><strong>loquarindoloreeordisdelalsis</strong></span> <span class='ocrx_word' id='word_1_407' title='bbox 1254 5203 1405 5285; x_wconf 77' lang='lat' dir='ltr'><strong>prophetis,</strong></span> <span class='ocrx_word' id='word_1_408' title='bbox 1415 5204 1450 5266; x_wconf 93' lang='lat' dir='ltr'><strong>de</strong></span> <span class='ocrx_word' id='word_1_409' title='bbox 1461 5217 1501 5264; x_wconf 76' lang='lat' dir='ltr'><strong>to.</strong></span> 
     </span>
     <span class='ocr_line' id='line_1_43' title="bbox 59 5232 1454 5375; baseline -0.006 -21"><span class='ocrx_word' id='word_1_410' title='bbox 59 5278 321 5375; x_wconf 52' lang='grc' dir='ltr'><strong>ψιυδοὲιδααᾶλων,</strong></span> <span class='ocrx_word' id='word_1_411' title='bbox 339 5232 385 5350; x_wconf 71' lang='lat' dir='ltr'><strong>acl</strong></span> <span class='ocrx_word' id='word_1_412' title='bbox 400 5288 484 5351; x_wconf 71' lang='grc' dir='ltr'>ἀθέων</span> <span class='ocrx_word' id='word_1_413' title='bbox 507 5291 655 5370; x_wconf 63' lang='lat' dir='ltr'><strong>tripartita,</strong></span> <span class='ocrx_word' id='word_1_414' title='bbox 710 5283 784 5345; x_wconf 77' lang='lat' dir='ltr'><strong>salsis</strong></span> <span class='ocrx_word' id='word_1_415' title='bbox 795 5282 967 5360; x_wconf 76' lang='lat' dir='ltr'><strong>doctoribus,</strong></span> <span class='ocrx_word' id='word_1_416' title='bbox 978 5297 1005 5345; x_wconf 85' lang='lat' dir='ltr'><strong>et</strong></span> <span class='ocrx_word' id='word_1_417' title='bbox 1024 5283 1059 5345; x_wconf 83' lang='lat' dir='ltr'><strong>dc</strong></span> <span class='ocrx_word' id='word_1_418' title='bbox 1072 5283 1164 5367; x_wconf 76' lang='lat' dir='ltr'><strong>impiis</strong></span> <span class='ocrx_word' id='word_1_419' title='bbox 1182 5282 1375 5357; x_wconf 71' lang='lat' dir='ltr'><strong>haemtlels‚de</strong></span> <span class='ocrx_word' id='word_1_420' title='bbox 1391 5285 1454 5365; x_wconf 86' lang='lat' dir='ltr'><strong>qttl·</strong></span> 
     </span>
    </p>
   </div>
   <div class='ocr_carea' id='block_1_12' title="bbox 0 0 1880 5940">
    <p class='ocr_par' dir='ltr' id='par_1_14' title="bbox 0 0 1880 5940">
     <span class='ocr_line' id='line_1_44' title="bbox 0 0 1880 5940; baseline 0 1"><span class='ocrx_word' id='word_1_421' title='bbox 0 0 1880 5940; x_wconf 95' lang='lat' dir='ltr'><strong> </strong></span> 
     </span>
    </p>
   </div>
  </div>
 </body>
</html>
