3750 5940
70 520 76 534 .
108 487 228 535 cxxvi.
258 462 305 534 al.
335 481 439 534 cxxv.
772 459 836 530 511

67 616 85 663 C
103 613 172 671 Nam
191 611 322 692 discipuli
342 609 491 671 atbuudum
511 607 600 667 timidi
614 623 845 687 crautantequam

102 703 132 763 id
145 703 217 783 quod
233 725 284 785 par
306 718 363 763 erat
389 703 557 779 ediscerent,
581 715 606 761 et
629 701 702 761 douo
725 701 886 797 spiritusqt

102 796 186 855 sancti
204 795 402 876 dignarentur.
420 747 596 877 postmodium
630 814 694 856 vcro
722 763 885 858 leonibusii

102 889 257 949 audaciores
276 889 392 948 suerunt.
408 889 443 948 Et
458 889 562 965 Petrus,
576 909 624 967 qur
616 886 739 969 'puellae
759 887 886 947 minasm‘

104 987 274 1060 nontulerat,
291 986 397 1047 inverso
412 986 507 1066 eapite
523 1004 665 1066 appensus,
682 997 708 1043 et
721 982 847 1044 verbera·

102 1091 157 1155 tus,
183 1078 309 1157 milleque
332 1077 460 1160 periculis
484 1077 634 1159 expositus,
658 1097 710 1135 uon
734 1075 847 1152 tacebat,

102 1173 151 1232 sed
161 1174 239 1252 quasi
253 1174 311 1233 haec
325 1195 374 1255 per
388 1172 523 1232 somnium
546 1184 694 1253 pateretur,
708 1169 749 1230 sic
761 1171 848 1230 libere

102 1264 262 1344 loquebatur
268 1290 277 1347 5
295 1265 343 1326 sed
364 1288 417 1326 nou
431 1279 493 1324 ante
507 1285 622 1324 crucem.
646 1262 710 1323 ldeo
724 1263 849 1324 Christus

103 1356 228 1416 dicebat:
253 1359 377 1439 Surgite,
399 1378 499 1418 eamus
515 1359 594 1417 irinc.
624 1358 687 1430 Qua
705 1355 741 1416 de
756 1377 847 1431 cansa,

103 1450 221 1529 quaeso?
244 1472 277 1527 an
302 1451 443 1531 ignorabat
455 1450 550 1510 horam
564 1470 618 1529 quo
638 1463 850 1530 superventurus

103 1554 160 1598 erat
174 1541 283 1602 Judas?
298 1564 331 1601 an
357 1541 470 1601 timebat
497 1562 531 1600 ne
544 1540 699 1617 adveniens,
724 1562 787 1600 suos
802 1563 850 1622 ap·

104 1632 288 1711 prehenderet,
296 1633 627 1713 etanthuamdoctrinam
635 1632 710 1692 ittam
720 1632 850 1714 optimam

70 1735 89 1781 t)
105 1725 260 1806 compleret,
278 1726 450 1785 insidiatores
465 1726 664 1807 irrumperent?
680 1724 777 1784 Absit:
794 1725 851 1785 haec

105 1818 200 1898 procul
221 1820 256 1877 ab
272 1819 358 1900 ipsius
372 1818 504 1898 dignitate
528 1832 602 1877 sunt.
615 1818 646 1879 Si
660 1838 713 1877 non
730 1819 851 1895 timebat,

106 1933 155 1970 eur
166 1911 244 1971 istinc
264 1912 375 1972 abducit
388 1933 441 1989 eos,
453 1926 480 1971 et
496 1912 628 1991 completo
639 1931 770 1989 sermone,
788 1925 853 1970 tunc

106 2004 141 2063 ad
158 2004 266 2064 hortum
289 2004 368 2067 Judae
387 2018 481 2085 notum
504 2004 638 2064 adducit?
660 2002 774 2063 Etiamsi
788 2025 854 2064 vero

106 2097 192 2158 iudas
206 2096 370 2174 advenisset,
387 2119 475 2157 annon
490 2110 594 2179 poterat
617 2096 738 2177 ipsorum
762 2096 854 2157 ocrrlos

107 2211 241 2250 excecare
250 2214 260 2268 3
279 2190 309 2250 id
323 2189 395 2270 qnod
412 2191 471 2272 ipso
485 2211 537 2249 non
551 2203 680 2271 prasente
699 2188 791 2248 fecit?
807 2211 856 2249 cur

107 2303 172 2363 ergo
196 2283 337 2343 discedit?
360 2286 400 2344 Ut
422 2282 561 2343 modicum
576 2281 723 2364 respirandi
750 2296 856 2366 tempus

109 2375 252 2457 discipulis
266 2375 321 2435 det.
338 2375 497 2437 Verisimile
509 2375 610 2457 quippe
624 2389 681 2434 erat
694 2396 749 2451 eos,
764 2388 856 2456 utpote

109 2468 136 2526 in
151 2468 252 2548 patenti
263 2468 331 2543 loco,
348 2467 488 2529 tremuisse
503 2481 528 2527 et
538 2465 706 2544 formidasse,
723 2480 749 2525 ct
763 2480 857 2527 atem·

107 2580 181 2639 pore,
195 2574 221 2618 et
232 2582 248 2617 a
259 2559 327 2619 loco.
344 2562 407 2620 Nox
416 2561 517 2642 quippe
526 2573 582 2619 erat
592 2557 738 2641 profunda,
751 2580 799 2618 nec
809 2581 857 2641 po·

106 2665 194 2710 terant
208 2652 288 2711 dictis
302 2653 449 2730 attendere,
463 2675 526 2712 cum
540 2674 644 2734 semper
664 2652 754 2712 auimo
768 2674 857 2713 versa·

75 2754 166 2802 Erent
188 2765 242 2820 eos,
266 2745 313 2832 spii
334 2765 362 2803 se
384 2745 503 2805 invasuri
529 2758 626 2817 esseut,
648 2765 712 2804 cum
740 2745 859 2805 maxime

109 2835 234 2915 Magistri
256 2858 343 2895 sermo
374 2837 444 2895 mala
467 2837 646 2918 exspectanda
662 2857 717 2895 esse
741 2837 857 2896 doceret.

110 2928 221 2987 Adbuc
237 2930 394 3000 modicum,
411 2928 507 3007 inquit,
523 2942 548 2987 et
568 2949 619 2987 non
635 2949 680 2987 ero
693 2928 834 2990 vobiscum
846 2938 886 3007 ,t

111 3034 147 3093 et,
165 3023 251 3079 Venit
264 3025 400 3101 princeps
412 3023 498 3102 huius
513 3021 623 3078 mundi.
636 3021 707 3079 Cum
719 3019 784 3079 talia
795 3041 859 3101 ergo
873 3012 886 3056 '²

61 3150 62 3153 =
112 3113 251 3172 audientes
264 3113 446 3190 turbarentur,
460 3134 491 3172 ac
506 3113 528 3172 si
543 3135 608 3172 mox
626 3114 747 3194 capiendi
762 3129 858 3187 essem,

112 3205 138 3264 in
151 3205 236 3264 alium
251 3205 312 3264 illos
324 3204 401 3265 ducit
413 3207 517 3281 locum;
533 3220 563 3264 ut
573 3219 699 3286 putantes
712 3228 741 3266 se
760 3208 819 3288 jam
830 3207 858 3268 iu

61 3347 62 3352 ,
112 3312 170 3357 tntu
184 3321 250 3375 csse,
265 3300 349 3358 iibere
359 3301 469 3360 demum
483 3299 626 3360 audirent:
648 3321 745 3380 magna
758 3302 860 3384 quippe

112 3393 240 3473 dogmata
254 3394 374 3454 audituri
388 3394 545 3454 erantldeo
559 3394 597 3453 ait
609 3418 615 3452 :
627 3396 751 3475 Surgite,
760 3417 859 3456 eamus

61 3519 62 3522 ¹
112 3489 182 3545 irinc
193 3485 309 3546 :deinde
320 3487 431 3569 adjicit:
442 3490 542 3569 t.Ego
554 3509 618 3546 suin
630 3491 714 3559 uitis,
724 3509 779 3548 vos
790 3490 886 3568 pal-c

70 3623 104 3663 ω
112 3584 203 3637 mites.
211 3579 286 3650 Quid
295 3580 355 3639 vult
365 3602 414 3661 per
425 3580 495 3639 hanc
506 3580 664 3661 parabolam
676 3579 861 3641 subindicare?

78 3681 95 3724 Λ
114 3671 185 3728 Eum
199 3672 246 3750 qui
261 3694 313 3730 nou
331 3671 412 3731 dictis
423 3672 545 3731 attendat
565 3673 657 3734 vivere
669 3692 721 3731 non
735 3693 823 3753 posse,
834 3688 861 3733 ct

111 3763 203 3821 sutura
226 3764 332 3843 siguaa
357 3763 457 3823 Christi
479 3764 580 3824 virtute
604 3778 767 3845 proventura
791 3786 857 3825 esse.

111 3856 205 3913 Pater
224 3877 304 3914 meus
318 3857 452 3936 agricola
467 3869 518 3915 est.
548 3856 623 3928 Quid
639 3856 744 3935 igitur?
757 3856 860 3916 arixilio

112 3965 171 4028 cget
190 3951 300 4010 Filius?
318 3951 416 4009 Absit:
436 3951 488 4009 hoc
503 3950 658 4031 exemplum
678 3949 707 4009 id
723 3970 775 4008 non
790 3949 860 4020 indi-

113 4058 164 4101 cat.
180 4044 252 4106 Vide
267 4066 348 4123 quam
366 4043 510 4124 diligenter
523 4042 592 4101 banc
612 4042 768 4123 parabolam
782 4064 859 4103 exse·

113 4151 223 4214 quatur.
241 4139 300 4196 Non
324 4137 394 4195 eninr
423 4136 501 4213 dicit,
516 4134 634 4195 radicem
655 4136 779 4215 agricolae
797 4158 860 4196 cura

113 4230 178 4306 frui,
195 4229 241 4288 sed
262 4228 395 4309 palmites.
410 4227 500 4286 Radix
511 4227 583 4286 enirn
600 4248 653 4286 non
672 4227 718 4287 hic
729 4248 861 4289 memora·

115 4338 169 4398 tur,
186 4323 232 4381 sed
255 4323 333 4381 docet
348 4321 417 4381 nihil
438 4342 516 4402 posse
531 4320 593 4380 illos
611 4312 716 4401 operari
733 4321 791 4382 sine
806 4345 861 4384 suae

115 4414 224 4473 virtutis
246 4413 362 4491 auxilio,
385 4426 410 4471 et
435 4412 471 4472 ita
494 4412 566 4494 ipsos
582 4412 635 4472 sibi
651 4411 706 4473 tide
735 4416 861 4496 conjungi

114 4520 247 4586 oportere,
274 4516 303 4564 ut
325 4505 431 4587 palmus
452 4505 502 4564 viti
525 4505 660 4585 jungitur.
686 4510 715 4566 Ἃ.
740 4511 862 4568 Omnem

112 4604 266 4682 palmitem
280 4607 312 4659 in
325 4624 370 4661 me
385 4622 444 4659 non
455 4603 606 4683 serentem
613 4605 762 4685 fructum,
779 4606 861 4665 tollet

114 4718 178 4754 eum
191 4698 290 4754 Pater.
306 4695 358 4754 Hic
372 4695 458 4755 uitam
469 4694 633 4770 subindicat,
643 4694 790 4773 declarans,
809 4719 862 4756 non

79 4786 96 4831 Β
115 4809 191 4867 posse
204 4787 359 4867 quempiam
380 4785 438 4844 sine
461 4786 588 4867 operibus
608 4786 635 4845 iu
655 4787 713 4867 ipso
735 4779 800 4847 esse.
821 4791 851 4848 Ε
855 4802 866 4848 t

118 4902 232 4938 omnem
251 4884 302 4961 qui
317 4882 384 4962 sert
395 4881 544 4961 fructum,
568 4884 705 4961 purgabit
729 4902 795 4940 eum
803 4905 816 4955 ,·
834 4881 864 4940 id

61 4990 63 5013 ι
118 4988 167 5046 cst,
188 4972 277 5030 Multo
294 4972 346 5030 frui
362 4971 437 5031 cultu
451 4971 566 5030 curabit.
585 4973 666 5050 Atqui
686 4972 767 5032 radix
788 4972 864 5053 prius

61 5115 65 5138 ‚
117 5088 199 5143 quam
222 5065 347 5146 palmites
367 5086 430 5124 cura
455 5086 523 5146 opus
546 5064 644 5138 balict3
659 5064 816 5125 circumfodi
838 5079 866 5124 et

106 5241 152 5304 ta]

142 5328 150 5347 ‘
165 5315 248 5366 Morti.
263 5327 394 5382 ἀπαγαγών.
