3750 5940
68 442 187 494 xtvttn
213 421 261 495 ai.
289 445 396 494 xnvrr.
773 424 848 520 329'

99 589 163 650 ergo
184 570 237 628 non
255 568 314 650 ipse
335 567 474 628 ascendit?
492 567 523 628 Si
542 567 614 628 enim
632 574 686 629 noo
706 567 843 646 ascendit,

100 659 174 740 quod
182 660 305 721 nondum
313 675 420 743 tempus
429 674 510 738 esset,
518 680 571 721 nou
582 661 722 742 oportebat
733 661 845 722 omnino

56 756 64 767 '
99 751 248 815 ascendere.
263 757 370 817 Verum
381 775 435 816 non
446 754 509 815 ideo
521 753 683 815 aseendit-ut
695 768 844 837 pateretur,

100 847 149 906 sed
166 860 197 906 ut
215 845 277 934 illos
297 847 427 923 erudiret.
446 847 502 907 Cur
521 846 593 907 elam
617 847 756 909 ascendit?
773 849 848 909 Nam

100 954 204 1021 poterat
219 940 311 1022 pdam
326 940 468 1001 mcendere
484 953 510 999 et
529 940 558 999 in
579 939 670 1000 medio
687 940 842 1019 consistere,
869 970 870 974 ¹

100 1030 301 1111 violentumque
315 1028 426 1107 illorum
440 1031 571 1114 impetum
587 1052 718 1110 coercere,
731 1046 763 1093 ut
774 1042 844 1115 saepe

99 1124 172 1184 iecit.
192 1126 248 1186 Sed
263 1126 371 1187 nolebat
383 1126 414 1186 id
429 1125 596 1205 frequentius
615 1126 716 1186 iacere.¹
728 1126 800 1187 Nam
819 1124 844 1186 si

99 1216 190 1298 palam
211 1218 386 1297 ascendisset,
411 1239 559 1296 rursusque
580 1215 642 1278 illos
664 1217 741 1297 qausi
760 1238 844 1278 caeos

99 1308 285 1388 continuisset,
297 1310 470 1371 divinitatem
482 1330 559 1370 suam
568 1309 667 1370 &rius
676 1309 845 1371 exhibuisset

99 1415 161 1461 ante
171 1416 290 1484 tempos,
307 1417 334 1463 et
346 1402 433 1484 magis
450 1401 514 1463 inde
529 1403 672 1464 revelasset
688 1423 757 1462 eam
774 1403 843 1463 Gom
932 1398 937 1404 ’

64 1495 164 1554 Bvero
186 1508 313 1576 putarent
329 1495 371 1555 illi
391 1495 482 1577 ipsum
503 1503 581 1556 metu
599 1493 732 1568 detineri,
753 1507 843 1557 oontm

68 1586 76 1593 '
99 1587 215 1648 ostendit
228 1609 256 1648 se
268 1602 295 1649 et
305 1587 420 1649 tidenter
433 1595 460 1650 et
472 1587 621 1681 prudenter
635 1609 728 1670 agae,
738 1602 765 1649 et
777 1609 845 1670 gna-

99 1701 162 1739 rum
173 1680 301 1762 temporis
311 1702 365 1760 quo
373 1701 504 1763 passurus
514 1693 582 1742 esset
588 1703 598 1758 ;
609 1679 658 1741 illo
669 1679 841 1760 adveniente,

99 1792 127 1830 se
151 1772 223 1832 ultro
247 1772 445 1854 ierosolymam
471 1793 662 1833 concessurum
684 1784 749 1834 esse.
771 1771 844 1832 Mihi

100 1884 180 1944 porro
205 1863 316 1924 videmr
339 1864 425 1942 illud,
451 1867 508 1924 Vos
529 1866 688 1938 ascendite,
716 1863 769 1925 boc
790 1863 845 1924 sibi

99 1955 189 2015 teile:
204 1957 244 2016 Ne
254 1958 354 2038 putetis
366 1978 410 2016 me
424 1977 473 2018 vos
488 1976 583 2037 cogere
593 1970 624 2016 ut
639 1976 746 2016 mecum
765 1955 845 2017 inviti

99 2050 247 2111 maneatis:
261 2072 323 2112 oum
336 2066 426 2112 autem
442 2049 530 2128 addit,
544 2051 684 2112 Nondum
695 2051 846 2132 impletum

100 2156 143 2203 est
154 2155 266 2225 tempus
277 2165 383 2220 meum,
400 2144 453 2204 boc
469 2143 639 2224 siguificare,
655 2143 730 2223 quod
744 2142 846 2206 sciiioet

99 2250 220 2317 oporteat
234 2236 312 2317 signa
324 2236 396 2315 fieri,
409 2249 436 2296 et
446 2235 587 2297 conciones
596 2235 703 2315 baberi,
716 2234 755 2297 ita'
768 2249 798 2297 ot
811 2257 847 2298 ex

100 2328 202 2408 populo
216 2328 302 2389 multo
312 2329 406 2410 plures
415 2327 566 2407 crederent,
577 2341 604 2388 et
612 2326 743 2410 discipuli
751 2327 847 2390 viden-

100 2432 139 2480 tes
156 2421 332 2482 constantirm
347 2421 529 2502 fiduciamque
546 2420 674 2502 Magistri
692 2420 746 2503 sui,
764 2424 848 2502 atque

100 2535 144 2574 eos
158 2536 226 2594 quos
237 2530 381 2598 passuseu
390 2514 537 2595 modam,
548 2515 683 2578 firmiores
691 2514 843 2579 madumt.

140 2610 170 2668 5.
194 2608 238 2668 Ex
258 2631 338 2691 supra
360 2608 441 2669 dictis
466 2629 548 2691 porro
570 2609 628 2689 ejus
651 2607 845 2690 benignitatem
871 2621 998 2682 &argutos

99 2715 125 2759 et
146 2701 378 2762 mansuetudinem
402 2702 553 2764 edissamm
574 2725 582 2759 z
603 2703 719 2763 Discite
741 2723 762 2763 a
787 2684 996 2793 mmfflntnt-

63 2800 170 2874 cqoia
191 2799 269 2856 mitis
289 2817 354 2857 sum
372 2810 401 2856 et
416 2798 536 2857 humilis
554 2797 641 2856 corde
659 2818 668 2853 .·
687 2809 996 2876 ommutescere.

99 2889 271 2948 acerbitatem
287 2889 486 2949 exscindamus.
506 2888 537 2949 Si
554 2887 616 2967 quis
634 2887 714 2949 nobis
732 2888 847 2950 insulta·
857 2883 896 2933 ’⁹‘

99 2982 185 3057 verit,
211 3003 260 3041 nos
282 2982 426 3042 humiliter
446 3002 575 3062 agamus,
596 2981 620 3041 si
639 2980 701 3060 quis
722 2981 848 3042 ferociter

99 3073 198 3152 egerit,
214 3074 304 3155 ipsum
323 3073 495 3154 mitigemus,
511 3073 535 3134 si
549 3071 737 3152 momorderit,
752 3072 848 3133 tradu-

100 3166 172 3226 xerit
188 3180 214 3227 et
232 3166 367 3243 deriserit,
383 3186 417 3225 ne
431 3164 603 3248 dejiciamur,
618 3183 687 3227 neve
705 3163 847 3226 ricemre·

99 3258 354 3342 pendereaggressi,
365 3278 415 3317 nos
422 3256 495 3339 ipsos
503 3255 658 3338 ponderum.
668 3256 736 3317 Feta
744 3254 848 3338 quippe

101 3365 140 3413 est
153 3352 204 3429 ira,
217 3352 274 3411 iera
285 3350 428 3412 vehemens
437 3362 463 3409 et
476 3348 584 3410 ardeam
598 3350 744 3410 (hatenus
757 3347 849 3427 itaque

100 3443 179 3504 nobis
205 3443 308 3504 divina
338 3442 485 3524 Scriptura
509 3441 641 3520 carmina,
664 3454 691 3501 et
710 3439 847 3501 dicamus:

101 3536 188 3596 Terra
200 3550 227 3596 et
239 3534 306 3595 cinis
319 3556 359 3612 es,
377 3536 456 3613 Quid
467 3537 595 3615 superbit
616 3546 695 3594 term
706 3545 738 3594 'et
747 3535 822 3592 cirris
833 3537 847 3590 t
859 3543 947 3592 oona.
963 3559 999 3609 ¹9·

101 3644 138 3707 et,
153 3633 282 3710 Impetus
297 3633 360 3702 irre,
374 3633 463 3688 ruina
476 3641 520 3688 est
533 3628 593 3699 ills}
608 3639 646 3706 et,
663 3629 716 3687 Vir
728 3605 893 3686 bacun-¹⁶·
910 3607 947 3657 ¹⁸·
959 3623 999 3670 ²⁷·

100 3723 167 3795 dus,
186 3744 245 3781 non
259 3723 405 3780 modestus
416 3733 470 3780 est.
483 3719 561 3779 Nihil
572 3719 643 3779 enim
656 3718 764 3800 turpius
778 3715 846 3776 furi·
855 3679 998 3789 mizi

100 3815 194 3874 bundo
207 3830 327 3896 aspectu,
347 3812 416 3873 nihil
431 3812 574 3892 ingratius.
591 3811 674 3885 Quod
689 3811 845 3892 simpectu,
856 3801 915 3861 (²¹)-

64 3925 84 3972 ι)
101 3908 287 3986 multomagis
305 3905 406 3965 animo.
424 3904 662 3979 Quemadmodum
679 3901 752 3962 enim
771 3922 846 3961 oom-
858 3868 930 3974 ism
945 3876 982 3914 ¹¹⁹

100 4015 172 4061 moto
187 4022 262 4059 ooeno
284 4000 361 4057 soetor
381 3996 543 4056 etfronditur:
557 3996 596 4056 sic
615 3995 706 4063 animo
728 3994 768 4053 ira
785 4014 848 4074 per·

100 4109 183 4173 moto,
208 4095 293 4154 multa
315 4093 418 4151 orietur
436 4088 577 4172 turpitudo
598 4104 624 4149 et
646 4087 777 4148 molestia.
798 4089 845 4165 tt,

99 4189 215 4267 inquies,
227 4209 279 4247 non
289 4188 345 4245 sero
353 4183 542 4243 contumeliam
553 4182 588 4241 ab
599 4181 717 4241 inimicis
728 4179 843 4240 illatam.

100 4283 173 4341 Cur?
186 4302 284 4360 quaeso.
299 4281 368 4338 Nam
382 4276 405 4336 si
419 4297 483 4336 vere
495 4275 574 4354 dicit,
589 4275 672 4335 efiam
687 4290 779 4335 coram
796 4273 846 4334 illo

99 4374 244 4454 compungi
260 4384 405 4452 oporteret,
423 4382 449 4428 et
466 4367 582 4449 gratiam
600 4368 654 4450 ipsi
671 4368 789 4446 babere;
803 4367 846 4427 s'in

100 4488 162 4524 voro
187 4464 327 4540 mentitur,
351 4462 381 4520 id
403 4474 552 4520 contemne.
573 4462 722 4542 Pauperem
745 4459 845 4521 vocat?

101 4558 179 4617 Ride.
193 4555 344 4635 lgnobilem
357 4553 400 4614 vel
415 4552 529 4612 stultum
541 4552 682 4635 appellat?
698 4551 845 4634 lngemisoe

99 4673 150 4733 pro
162 4651 217 4709 illo.
229 4651 310 4726 Nam,
328 4648 387 4726 Qui
398 4648 469 4705 dicit
477 4647 570 4727 fratri
579 4667 642 4720 suo,
657 4649 764 4721 Fatue,
777 4667 844 4705 reus
856 4652 939 4697 Maub-
953 4652 977 4700 5·

100 4748 153 4803 erit
163 4745 304 4825 gehennoe
321 4743 406 4820 ignis.
424 4738 453 4797 Si
467 4737 659 4798 contumeliam
676 4738 782 4817 insuat,
799 4759 845 4798 co-
855 4734 894 4767 ²²·

99 4839 154 4917 gito
175 4833 340 4915 supplicium
358 4828 431 4909 quod
455 4830 544 4910 ipsum
571 4843 670 4908 manet,
694 4851 742 4890 nec
761 4829 842 4890 modo

79 5033 131 5075 rdet
141 5027 253 5087 μάλιστα·

113 5116 123 5137 0
142 5098 187 5150 Alii
201 5106 339 5166 ὶκκόψωμεν.

114 5178 125 5211 ⁴
143 5178 189 5228 Alii
201 5181 328 5243 κενουμένου
340 5178 461 5245 βορόὸρου.
