3750 5940
334 431 368 478 ιυ
394 431 664 480 υκκυτιτιοιιιτνι
690 429 907 480 vnunnnuon
934 434 1064 483 crucis.
1398 402 1482 515 ⁸875

65 554 216 633 ὠνόμασεν,
227 553 382 634 Ἀπαγγελῶ
403 554 434 613 τὸ
455 554 500 614 όνσ
567 575 615 613 σαι
636 562 690 620 τοῖς
740 553 812 612 tiono
829 553 1007 635 abstinentur,
1020 554 1162 617 sedetiam
1179 558 1286 640 nuptias
1305 559 1482 643 despicimus,

61 656 112 710 ιω,
126 632 267 714 λίγων.“0
303 634 490 711 ςπόσηνμετα
539 633 571 706 ὴν
586 639 691 694 θσταυ-
739 631 924 718 virginitatem
936 640 1105 774 νσγῇυιρυιιυ
1124 657 1177 697 non
1192 658 1362 720 noveramus,
1375 664 1420 702 om
1439 643 1482 703 lc-

61 715 188 796 ργείσατο;
208 713 266 773 Ἵνα
303 712 420 793 ὲμοίθῃς
441 713 627 796 όκριύόσττρον
641 713 689 784 τὸν
740 725 849 789 etentes,
875 714 952 792 quasi
979 722 1014 774 no
1034 736 1056 776 rs
1075 716 1216 797 propriam
1237 717 1383 781 smvamus.
1437 746 1483 782 um
1526 715 1531 724 ⁵

61 800 98 853 τού
128 797 259 873 σταυρῶ,
287 794 450 866 κατανόησον
473 793 500 853 τί
530 793 583 874 πρὸ
610 814 690 852 σταυ-
741 811 809 851 crux
836 791 956 853 nondum
985 794 1193 874 prediceretur,
1222 795 1348 859 diabolus
1373 801 1482 863 Judaeos

65 873 92 932 τί
107 871 175 950 μετὰ
190 871 319 972 σταυρὸν,
342 873 389 931 καί
410 877 439 933 ιθ
457 871 530 945 ήσεις
550 878 598 934 τοῦ
611 895 690 934 σταυ-
705 888 724 934 υ
740 885 832 930 contra
844 872 985 932 Christum
998 874 1119 954 collegit3
1131 875 1212 935 hodie
1225 897 1295 936 crux
1308 879 1480 958 predicatur,

61 952 192 1033 ἶνίργιιαν.
217 954 277 1032 Προ
298 957 413 1034 σταυροῦ
436 897 500 1021 iu<
519 956 567 1012 οὐκ
591 944 624 1026 ἦν
646 975 689 1031 γι-
739 951 1318 1034 ctapostoliiudaeosperiidemreducunt.
1331 959 1401 1019 Cum
1414 982 1483 1021 crux

61 1058 98 1109 ις,
126 1031 241 1113 σήμαρον
270 1037 384 1111 σταυροῦ
406 1031 601 1114 κηρυττομένου
627 1031 690 1098 Υίὸς
739 1028 1397 1116 nondumpraediruretur,emortedctinebsmur;
1412 1060 1484 1100 nune.

63 1137 89 1187 t,
109 1111 156 1170 καί
173 1109 270 1189 Πατὴρ
293 1112 327 1170 δι’
353 1111 417 1171 ltro
444 1114 615 1195 γνωρίζεται·
637 1112 690 1191 πρὸ
739 1130 807 1169 crux
820 1111 992 1192 prodimur,
1004 1127 1031 1172 et
1043 1128 1157 1173 mortem
1170 1115 1246 1205 quasi
1257 1136 1308 1174 που
1318 1131 1385 1177 essct
1394 1117 1484 1200 despi-

61 1190 172 1257 διόύολος
194 1197 397 1271 προσικυνεῖτο,
423 1199 467 1251 νῦν
495 1197 608 1271 σταυροῦ
637 1214 689 1264 κη·
738 1188 836 1266 cimus,
848 1192 1118 1272 aetmnamquevitom
1126 1192 1318 1254 desideramus.
1335 1198 1407 1257 Cum
1416 1219 1483 1258 crux

61 1295 73 1330 u
93 1269 214 1349 διάβολος
230 1268 369 1340 πίπιωκι,
390 1269 437 1329 καί
461 1270 582 1344 δαίμονες
607 1293 689 1351 φυγα-
739 1268 862 1329 υουόυυι
873 1270 1077 1351 praedicaretur,
1092 1273 1246 1353 nperadiso
1261 1274 1342 1335 alieni
1356 1297 1481 1353 eramus,

61 1349 111 1431 πρὸ
124 1354 237 1430 σταυροῦ
250 1349 383 1429 πορνσίσις
393 1349 440 1409 καί
450 1350 599 1429 ἀσελγείαις
611 1354 690 1429 ίσχο-
739 1363 884 1430 apparente
894 1371 973 1411 cruce
982 1352 1074 1412 statim
1088 1351 1158 1411 istro
1167 1353 1426 1435 peradisodiguatus
1434 1370 1481 1416 est.

61 1437 95 1490 νῦν
109 1427 137 1486 δὲ
151 1434 264 1566 σταυρρῶ
279 1428 472 1532 κηροτμομίνσυ
486 1426 516 1490 id
530 1429 609 1508 μόνω
623 1452 691 1511 πορ-
739 1428 765 1487 Ο
779 1449 906 1566 ιυκὶμτιυ
921 1430 978 1492 vim
996 1431 1246 1552 ,cmcisi'quantam
1260 1435 1437 1527 mutationem
1455 1437 1483 1496 in

61 1508 691 1667 ressurrectio:
740 1513 1482 1666 umnffl

67 1671 127 1727 Οὔκ
136 1658 168 1740 ἦν
179 1665 289 1749 σταυρὸς
298 1665 504 1746 κηρυττόμενος,
514 1667 560 1727 καὶ
571 1610 692 1737 διόόολὸς
708 1676 727 1721 Ι)
740 1665 873 1747 piternam
883 1670 1061 1744 revocamur
1076 1670 1246 1751 corruptione
1259 1671 1288 1731 in
1298 1672 1482 1764 incorruptio-

61 1747 129 1815 κίως
143 1745 271 1806 κατὸιτοῦ
285 1747 400 1827 Χριστῶ
415 1747 480 1819 ouri
516 1747 691 1827 γι·σήμιρον
741 1747 962 1817 norntreostniit.
975 1751 1036 1809 Non
1048 1750 1121 1809 ultra
1129 1749 1202 1809 enim
1214 1751 1304 1812 cordis
1319 1752 1416 1811 oeulir
1436 1775 1483 1813 no·

61 1829 217 1907 ηρύσσεται,
232 1826 278 1885 καί
291 1828 315 1884 oi
330 1825 474 1885 ἀπόστολοι
498 1826 629 1894 Ιουὸαίους
648 1827 691 1887 διὸ
740 1826 833 1885 rantiae
848 1826 965 1887 tenebris
979 1829 1158 1903 offuscantur,
1173 1828 1221 1888 sed
1233 1850 1284 1910 per
1295 1849 1402 1891 crucem
1417 1773 1484 1892 inco

61 1896 691 2066 iteruri-„Stipite”turp
739 1905 1219 2046 υυυωίυτυωυ.
1235 1909 1484 2051 sturni

61 2089 92 2137 ιι,
108 2063 154 2123 καὶ
175 2067 211 2130 ῶς
233 2063 270 2143 μὴ
292 2064 366 2131 όντσς
392 2064 506 2124 θανάτου
527 2066 691 2147 κατεφρονή-
740 2063 1010 2125 audierumtverbum
1024 2066 1146 2141 Domini,
1159 2080 1186 2125 et
1198 2067 1263 2126 caeci
1276 2013 1484 2152 visumrcceie-

61 2143 86 2215 iu
110 2144 137 2203 δὲ
161 2142 265 2203 αἰῶνιον
288 2142 358 2216 ζωὴν
378 2143 554 2222 ίποθήσαμιν.
579 2148 640 2206 oon
658 2139 691 2219 ἦν
740 2157 815 2220 nunt,
831 2157 862 2203 ut
883 2143 1006 2205 riderent
1029 2146 1143 2224 gloriam
1161 2146 1297 2206 Deiflaec
1316 2162 1380 2209 sunt
1396 2150 1485 2210 crucis

61 2225 258 2303 ιηρυττόμενος,
288 2222 334 2281 καί
367 2224 529 2302 παραδείσω
557 2224 691 2307 ἀλλότριοι
805 2244 832 2299 a,
845 2222 995 2283 haeenobie
1009 2246 1058 2306 per
1080 2246 1188 2286 crucem
1207 2225 1305 2285 ooilsta
1323 2242 1386 2287 sunt
1399 2227 1482 2289 dono.

61 2309 140 2381 σοροῦ
173 2301 201 2362 ii
234 2300 360 2406 ρσνέντος
391 2309 560 2384 παραχρῆμα
589 2304 691 2383 λῃστὴς
768 2302 814 2361 uid
830 2302 902 2363 enim
920 2302 987 2362 boni
1000 2324 1054 2363 non
1075 2325 1092 2363 a
1114 2325 1193 2364 eruco
1212 2306 1291 2365 uobis
1305 2305 1401 2366 dotum
1419 2310 1484 2367 est?

61 2406 74 2441 u
100 2382 209 2454 ἠξιώθη.
248 2385 275 2442 Ω
305 2381 423 2462 μαγσίλης
447 2384 583 2462 δυνάμεως
606 2407 690 2442 σταυ-
739 2380 885 2461 quidboni
897 2400 981 2443 nonu
1001 2404 1080 2442 cruoe
1099 2383 1178 2443 nobis
1194 2385 1343 2464 perfeetum
1358 2388 1417 2445 est?
1433 2389 1485 2448 Per

81 2461 231 2540 μεταύολὴν
249 2465 287 2542 τῷ
310 2460 381 2540 γίντι
399 2466 452 2521 τῶν
472 2462 617 2543 ἀνθρώπων
639 2487 689 2523 κει-
739 2480 847 2521 oruoom
858 2462 995 2544 picagere
1003 2461 1160 2541 didicimus,
1176 2462 1429 2525 etdivinaenaturae

61 2563 80 2600 ο.
90 2541 153 2601 Ἀπὸ
166 2541 290 2602 τοσούτου
306 2540 412 2608 σκύτους
427 2544 464 2607 είς
496 2546 529 2610 ”ς
543 2541 690 2625 ἀπέραντον
739 2541 850 2600 tentiam
864 2541 1100 2622 agnovimuoeper
1113 2563 1220 2601 crucem
1228 2544 1363 2622 justitiam
1371 2488 1485 2605 Deidd

61 2647 86 2691 ν,
109 2622 161 2680 ἀπὸ
181 2622 292 2681 θανάτου
308 2623 344 2687 τίς
357 2620 546 2701 ζωὴναίιυνιον
563 2622 689 2683 δνεκσλί·
739 2636 850 2698 oemur,
875 2635 902 2680 ot
918 2622 1099 2712 temperantior
1118 2622 1417 2713 virtutemnsequimur:
1433 2647 1484 2705 per

61 2699 689 2859 ,digri‘diffiditisiii:
738 2703 1483 2862 3533assistitisgittzflfftisffits

61 2883 105 2929 σε,
120 2857 188 2919 ἀλλὰ
199 2859 242 2918 διὸ
255 2863 369 2938 σταυροῦ
379 2864 418 2940 τῷ
429 2860 496 2939 puri
507 2864 555 2931 τῆς
565 2859 688 2939 γνώσεως
739 2857 906 2938 dignamur:
919 2881 968 2940 per
978 2879 1085 2918 crucem
1095 2859 1153 2918 vim
1174 2859 1294 2920 caritatis
1306 2860 1445 2937 novimus,
1457 2876 1483 2923 et

61 2963 137 2998 νται·
149 2940 196 2997 οὐκ
206 2939 245 2998 ίτι
258 2928 315 2998 cirre
329 2941 425 3020 κωρῶν
438 2939 490 2999 ύπὸ
504 2939 629 3008 ἀπιστίας
638 2940 687 2999 κύ·
740 2959 789 3030 pro
809 2938 871 3009 eliis
884 2937 954 2998 mori
974 2959 1027 2998 non
1041 2958 1216 2998 recusamus:
1232 2960 1280 3020 per
1302 2960 1410 3001 crucem
1423 2962 1484 3020 qim

61 3018 181 3099 οίκωροδ
193 3019 246 3100 γὰρ
255 3018 371 3090 ἥκουσαν
385 3017 462 3098 λόγον
476 3019 593 3098 Κυρίου,
609 3019 655 3078 καὶ
664 3024 689 3078 οἱ
739 3037 768 3076 tn
781 3016 883 3078 mundo
892 3031 955 3077 sunt
968 3017 1059 3077 omnia
1074 3017 1268 3077 contemnimus
1283 3032 1309 3077 et
1325 3040 1375 3100 pro
1396 3020 1484 3081 nihilo

61 3097 111 3158 ἷόλε
178 3106 224 3159 τοῦ
232 3099 295 3158 ἰδεῖν
305 3101 355 3169 τὴν
365 3096 442 3166 δόξαν
450 3105 496 3157 τοῦ
504 3101 587 3158 Θεοῦ.
596 3100 690 3158 Ταῦτα
739 3096 948 3172 habemus,dum
960 3096 997 3156 ad
1008 3099 1100 3156 futura
1108 3096 1179 3156 bona
1192 3097 1336 3176 tendimns,
1349 3111 1376 3158 et
1389 3099 1484 3161 invisi-

61 3186 88 3238 οῦ
100 3201 116 3234 τ
148 3176 358 3256 κατορθώματα,
372 3183 457 3236 ταῦτα
468 3183 533 3256 ἡμῖν
548 3177 591 3237 διὸ
605 3201 689 3238 σταυ-
740 3175 806 3236 bilia
813 3178 889 3255 qnasi
901 3176 1021 3238 visibilia
1032 3175 1217 3256 adipiscimur.
1223 3177 1299 3236 Crux
1312 3177 1483 3258 prodimur,

61 3257 177 3337 ρήματα.
193 3257 229 3317 Τί
240 3257 292 3338 γὰρ
304 3255 384 3316 καλὸν
395 3261 460 3335 ἡμῖν
471 3261 519 3317 ούκ
535 3257 589 3317 ἀπὸ
608 3280 690 3317 σταυ-
740 3269 766 3315 et
774 3255 841 3315 fidos
855 3257 883 3316 in
892 3258 981 3316 Deum
994 3255 1023 3315 in
1036 3256 1155 3315 confesso
1166 3254 1292 3330 habetur,
1303 3278 1335 3317 ac
1345 3258 1483 3319 veritosin

61 3360 147 3410 γητος
163 3336 231 3396 τίδὲ
258 3336 354 3417 ἀγαθὸν
378 3339 407 3396 ού
427 3334 471 3396 διὸ
493 3342 606 3419 σταυροῦ
625 3343 690 3416 ἡμῖν
707 3343 725 3389 Β
741 3348 798 3394 toto
806 3335 1046 3396 orbeadmittiturr
1058 3356 1131 3394 crux-
1155 3334 1484 3419 raedieetur,etmertyres

61 3438 102 3491 ot,
118 3415 171 3475 Διὰ
189 3422 301 3517 σταυρῶ
316 3415 430 3476 εύσεόεῖν
443 3416 629 3497 ἐδιδόχθημεν,
643 3418 689 3478 καὶ
740 3415 914 3492 exhibentur,
931 3434 963 3475 ne
975 3415 1105 3474 ooniessio
1159 3414 1218 3474 risti
1235 3415 1384 3476 'roboratur
1394 3440 1401 3474 ι
1413 3439 1483 3477 crux

63 3494 164 3574 φύσεως
177 3495 226 3567 τὴν
238 3498 348 3573 δυναμιν
365 3495 530 3574 ἐπέγνωμεν·
551 3496 593 3555 διὸ
612 3520 690 3557 σταυ-
741 3494 915 3576 praedicutur,
927 3508 954 3554 et
963 3493 1298 3569 rememoremini,
1312 3495 1414 3578 sorita
1428 3518 1484 3556 ma·

61 3574 142 3648 σύνην
159 3578 230 3636 Θεοῦ
248 3574 443 3654 παιδευόμεθα,
460 3574 506 3634 καί
521 3574 691 3658 σωφροσύνης
741 3574 893 3650 nifestntur,
905 3595 1072 3656 regnumque
1079 3574 1207 3634 caelorum
1219 3574 1339 3635 creditur
1352 3599 1359 3632 :
1373 3576 1422 3654 qui
1437 3576 1484 3637 in-

61 3654 235 3732 ιθιδιύικομεν·
245 3653 288 3714 διὸ
298 3661 412 3736 σταυροῦ
420 3654 550 3728 ἀλλήλους
562 3656 688 3736 γνωρίζο-
740 3654 846 3716 creduli
856 3667 933 3715 ermt
946 3655 1021 3714 cruci
1029 3653 1151 3731 eredunt,
1169 3668 1195 3714 ct
1208 3653 1228 3713 ii
1239 3654 1285 3734 qui
1295 3669 1386 3714 contro
1398 3655 1484 3716 vitam

61 3733 197 3814 ιίμσκρὸιν
221 3735 294 3800 όντες
318 3736 425 3835 Χριστῷ
447 3735 632 3835 συνήρθημιν,
645 3735 691 3796 καὶ
741 3733 1054 3814 erueemexoogiturunt,
1068 3733 1182 3794 salutem
1191 3746 1396 3811 consequuntur.
1408 3736 1484 3793 Crux

61 3835 86 3880 ος
106 3819 152 3873 τοῦ
180 3812 255 3893 ἁγίου
280 3816 436 3892 Πνευματος
462 3813 561 3887 ἠξιωθη
585 3837 626 3874 εν·
647 3814 690 3875 διὸ
740 3812 897 3874 ὸαοοιυυὶι
910 3813 989 3873 nobis
1010 3811 1174 3889 conciliarit,
1187 3832 1219 3870 ae
1233 3832 1281 3892 per
1300 3833 1407 3872 crucem
1422 3834 1485 3872 ean-

61 3891 144 3972 γύπης
156 3893 205 3965 τὴν
215 3892 326 3973 δύναμιν
337 3892 463 3972 ἔγνωμεν,
473 3893 518 3951 καί
528 3839 596 3975 ύπδρ
608 3895 690 3968 atit-
741 3906 801 3951 tum
814 3893 967 3953 didicimus.
978 3889 1054 3967 Quid
1069 3911 1134 3971 ergo
1154 3912 1232 3951 cruce
1250 3890 1405 3971 pretiosius,
1417 3891 1486 3970 quid

61 3981 122 4031 ινεῖν
140 3977 169 4033 ού
189 3972 403 4053 παραιτούμεθα·
418 3972 462 4031 διὸ
485 3978 598 4052 σταυροῦ
621 3975 691 4034 πάν-
741 3972 884 4031 animabus
896 3971 995 4030 nostris
1015 3970 1132 4030 utilius?
1156 3972 1195 4029 Ne
1221 3971 1486 4060 ergoerubeseumus

63 4078 76 4110 ν
88 4056 128 4122 τῶ
139 4051 233 4133 κόσμῳ
244 4051 527 4134 καταπεφρονήκαμεν,
538 4052 584 4110 καί
597 4056 633 4121 ῶς
646 4058 692 4113 οὗ·
743 4072 849 4111 crucem
863 4050 1018 4126 nominare,
1031 4049 1078 4109 sod
1102 4066 1165 4108 oum
1186 4069 1259 4108 omni
1284 4048 1385 4110 fiducia
1409 4050 1486 4110 illum

68 4111 135 4190 είνόιι
150 4130 320 4210 ἡγησόμεθα,
338 4136 391 4191 τῶν
413 4130 563 4210 μελλόντων
585 4136 690 4213 ἀγαθῶν
743 4131 929 4209 confiteamur,
943 4149 991 4210 per
1007 4149 1089 4208 quum
1102 4128 1138 4187 ad
1151 4128 1265 4190 salutem
1275 4130 1365 4189 vocati
1379 4150 1485 4204 sumus,

61 4235 78 4284 ι,
90 4212 136 4269 καί
149 4214 202 4269 τῶν
212 4212 332 4290 ἀοράτων
345 4216 381 4279 ὡς
391 4209 531 4291 ὀρινομένων
541 4211 692 4272 ἀντιποιού-
742 4223 769 4270 et
778 4209 814 4270 ud
827 4224 953 4270 aeterntm
965 4208 1051 4269 vitam
1065 4207 1390 4270 transmittimur.Viden’
1401 4229 1486 4287 quan-

61 4290 141 4371 αυρὸς
167 4289 342 4370 κηρύττεται,
365 4292 411 4351 καλ
426 4290 549 4364 πίστιςὴ
571 4294 607 4359 είς
622 4292 690 4352 Θεὸν
743 4304 777 4349 tae
796 4287 951 4350 oeoonomiae
965 4310 1034 4349 crux
1047 4287 1152 4347 mundo
1164 4309 1244 4346 cause
1257 4287 1488 4348 fuerintnluuvit

61 4393 97 4443 ιι,
108 4370 154 4429 καί
169 4369 279 4443 ἀλήθεια
293 4373 329 4437 είς
348 4368 453 4432 ἅπασαν
468 4369 516 4444 τὴν
536 4372 690 4450 οίκουμίνςν
743 4370 802 4429 e'us
813 4369 1013 4462 iniqua‚opere,
1029 4367 1165 4448 impiaque
1184 4366 1320 4458 dogmata.
1334 4368 1395 4426 Non
1417 4367 1488 4427 ultra

61 4472 93 4507 ιι·
108 4446 220 4532 σταυρὸς
233 4451 408 4528 κηρύττεται,
422 4449 469 4510 καί
484 4451 615 4532 μάρτυρες
625 4455 691 4511 ἀνα·
698 4473 736 4511 τοι
744 4392 887 4510 diabolicis
899 4449 1010 4530 legibus
1021 4447 1133 4521 utimur,
1151 4467 1207 4506 non
1223 4467 1251 4505 in
1273 4445 1420 4507 mortiferis
1440 4447 1488 4505 de·

67 4573 75 4601 ,
94 4529 140 4588 xcii
153 4535 171 4601 ἡ
186 4530 223 4596 εἰς
243 4530 356 4631 Χριστὸν
377 4529 504 4609 ὁμολογία
519 4530 690 4612 κρατύνεται·
709 4530 728 4574 Λ
744 4529 823 4588 cretis
834 4548 984 4589 versamur.
1000 4529 1075 4587 Deus
1092 4525 1165 4585 enim
1187 4525 1260 4607 opud
1282 4546 1330 4586 nos
1354 4526 1439 4602 venit,
1462 4540 1489 4586 et

61 4607 218 4687 ηρύττεται,
238 4613 313 4681 καιὴ
335 4609 478 4676 ἀνάστασις
491 4609 691 4685 ἀναδείκνυται,
743 4608 900 4689 passionom
910 4621 1022 4668 cestrum
1030 4605 1144 4683 excidit,
1157 4606 1279 4688 proprios
1292 4606 1363 4686 leges
1375 4606 1450 4683 tulit,-
1463 4620 1490 4665 et

61 4687 283 4767 ,περανίρωτσι,
308 4689 387 4761 καλή
408 4693 460 4747 τῶν
476 4692 593 4771 οὐρανῶν
612 4693 691 4769 βασι·
743 4688 821 4747 utilia
834 4687 898 4748 nobi
932 4709 966 4747 ue
978 4686 1152 4766 congruentia
1164 4685 1265 4746 docuit.
1277 4687 1411 4765 Dogmata
1425 4706 1489 4745 coo·

61 4767 222 4839 πιστεύεται,
236 4767 282 4828 καλ
300 4773 326 4827 οἱ
339 4768 447 4829 ἄπιστοι
460 4773 498 4851 τῷ
520 4773 625 4850 σταυρῷ
642 4792 689 4829 πι-
742 4767 900 4827 tinentimd
935 4767 965 4844 it,
978 4780 1006 4827 et
1022 4766 1191 4848 voluptatem
1205 4765 1375 4856 amputavit:
1389 4764 1490 4824 sanco-

65 4845 112 4905 καί
132 4847 265 4927 σωτηρίας
281 4849 454 4928 τυγχάνουσιν
470 4854 495 4908 σί
517 4849 560 4909 τὸν
577 4848 689 4928 σταυρὸν
742 4848 806 4907 tatis
820 4847 927 4908 decreto
941 4846 1040 4927 posuit,
1053 4859 1079 4905 et
1101 4846 1186 4926 legem
1201 4845 1332 4905 eastitatis
1346 4843 1489 4903 concinnu-

61 4927 126 4996 ζωῆς
141 4926 335 4998 ἐπινοήσαντες.
357 4926 477 5006 Σταυρὸς
487 4928 587 4986 τούτων
600 4928 689 4988 indu·
743 4927 804 5003 rit,
828 4940 909 5007 atque
931 4925 1051 5005 iniquum
1078 4924 1281 4985 fornicationem
1304 4922 1487 5004 profligavit:

61 5027 80 5062 π
103 5002 110 5023 ’
125 5028 180 5072 cuo<
190 5007 296 5087 γέγονε,
308 5006 353 5065 καλ
369 5006 412 5066 διὸ
427 5014 540 5088 σταυροῦ
555 5008 626 5067 όδειν
641 5009 691 5068 ἕδι-
743 5005 926 5088 temperantior
938 5005 1061 5086 regulam
1072 5005 1172 5086 posuit,
1187 5018 1213 5064 et
1227 5003 1396 5083 voluptatum
1406 5001 1490 5093 impo-

74 5086 82 5105 '
103 5083 211 5143 ίτοίνυν
223 5092 337 5165 σταυροῦ
350 5085 523 5188 τιμιύντερονς
539 5068 568 5147 τί
585 5087 613 5148 δὲ
632 5087 692 5148 τού·
743 5085 817 5146 rium
831 5085 965 5146 subvertit
983 5109 989 5141 :
1007 5083 1103 5145 divino
1130 5083 1237 5143 decreto
1262 5080 1490 5162 concupiscentie-

61 5162 203 5245 ἡμετέραις
262 5175 324 5246 χαῖς
344 5166 563 5247 ὠρελιρωτερονς
585 5167 633 5239 Μὴ
648 5158 691 5228 σύν
744 5185 920 5247 rumorgann
934 5165 1078 5239 evulsit,ct
1093 5184 1172 5223 omne
1192 5174 1390 5243 peecatumper
1408 5160 1490 5221 volu-

61 5245 133 5319 ῶμεν
148 5266 214 5302 στσυ
246 5245 460 5322 νύνομάζοντες,
473 5246 542 5308 ἀλλὰ
563 5244 693 5324 μετὸποί-
744 5258 846 5326 ptutem
867 5243 1010 5305 inductum
1030 5241 1175 5303 imminuit.
1190 5241 1261 5314 Quia
1286 5239 1359 5299 enim
1382 5239 1489 5299 initium

1299 5336 1347 5394 5⁷.
