3750 5940
403 430 438 479 ru
462 430 623 479 rosunum
649 430 772 479 nonu..
801 433 874 481 xrx.
901 411 950 482 ui.
979 435 1075 484 xvru.
1460 416 1519 485 131

61 555 241 637 ερσηοὸμιὸα,
251 555 324 615 ὥστε
336 553 375 634 μὴ
385 553 492 636 ύὸρίοαι
502 556 547 616 τὸν
557 555 729 635 τιμήσαντο,
783 576 832 617 nos
845 558 898 618 hoo
911 558 1013 619 honore
1024 559 1123 635 affecit,
1135 558 1294 621 oontumelia
1306 559 1459 621 afficiatur?
1473 563 1527 621 Au·

61 670 77 709 ι
92 646 132 707 κά
142 648 320 727 τύγματατά
334 649 460 728 βασιλεκά
472 653 526 708 τῶν
542 649 730 733 ἀσπιδηράρων
783 669 838 709 non
861 649 1048 733 imperatorios
1062 651 1171 713 ordines
1182 652 1275 729 nostis,
1287 666 1465 729 scutatorum,
1478 652 1528 712 ha-

61 740 174 824 pqdpm
185 739 308 822 ίτάπερί
316 740 365 801 τὸν
373 740 500 821 βασιλία,
509 742 594 815 πόσης
603 740 731 803 ἀπολαύει
784 753 927 820 statorum,
939 744 987 821 qui
997 744 1188 826 Imperatorum
1199 743 1311 827 stipant,
1322 758 1423 825 quanto
1433 765 1530 827 nempe

61 833 146 895 Μτω
160 833 211 894 καί
228 840 308 913 ἡμιῑς
323 833 400 915 ἐγγύς
416 837 495 894 αὐτοῦ
507 833 628 914 γινέσθαι
650 858 732 895 κατε·
782 832 908 893 irrramur
920 834 1038 896 honore?
1051 838 1092 896 lta
1104 850 1131 896 et
1139 857 1197 915 uos,
1206 837 1253 916 qui
1264 837 1344 918 longo
1354 837 1528 920 propinquio

61 927 142 995 ιςκαὶ
153 930 251 1009 πολλῷ
260 926 458 1009 πλησιαίτερον,
469 927 515 987 καί
528 926 644 1008 τοσούτῳ
656 927 732 1008 ίγγύ-
749 950 768 997 ι,
785 946 826 985 res
850 925 918 1008 lugi
936 922 1028 989 nostro
1045 950 1150 1009 sumus,
1166 943 1193 989 ot
1215 943 1290 990 tanto
1311 930 1529 1012 propinquiores,

61 1024 87 1079 ’κν
102 1018 267 1099 εἰρημένων,
283 1018 339 1101 ὅσῳ
351 1018 383 1079 τὸ
397 1021 522 1098 σῶματῇ
542 1021 644 1099 κεφαλῇ
662 1022 733 1099 μᾶλ-
784 1031 885 1096 quanto
905 1021 1082 1102 propinquius
1102 1036 1142 1083 cst
1165 1044 1261 1105 corpus
1285 1021 1378 1104 capiti,
1390 1022 1459 1082 nihil
1477 1042 1530 1083 non

61 1135 119 1171 τιον
139 1110 259 1185 πλησίον
278 1111 351 1186 ίστί,
364 1112 454 1171 πάντα
468 1109 629 1193 πράιτωμεν
644 1113 679 1171 δι’
695 1101 733 1171 ὧν
785 1112 871 1171 acturi
893 1131 996 1188 sumus,
1006 1128 1037 1175 ut
1058 1114 1196 1175 Christum
1212 1115 1358 1175 imitemur.
1373 1114 1451 1187 Quid
1467 1134 1531 1195 orgo

61 1204 124 1265 πάν
143 1202 330 1282 μιμησόμεθα.
344 1202 381 1264 Τί
395 1192 450 1276 ούν,
465 1203 553 1283 φησίν,
569 1207 584 1262 ὅ
604 1204 734 1284 Χριστός
785 1201 824 1260 ait
836 1202 979 1263 Christus?
991 1206 1210 1287 Vrtlpsssovcos
1225 1208 1345 1280 itabant,
1354 1220 1384 1267 ct
1395 1208 1530 1267 volucres
1541 1217 1597 1262 luc.
1607 1231 1631 1278 9.
1642 1215 1681 1265 58.

61 1320 140 1363 πως
152 1293 273 1376 φωλεούς
285 1294 391 1377 ἔχουσι,
403 1295 449 1356 καί
461 1295 496 1355 τά
508 1294 617 1356 πετεινά
629 1303 676 1356 τοῦ
689 1300 734 1357 ού·
787 1296 853 1353 coelt
868 1296 970 1367 nidos,
989 1299 1086 1358 Filius
1104 1312 1203 1359 cratem
1221 1302 1348 1359 hominis
1366 1302 1532 1360 nonhabet

61 1386 282 1459 αισσκηνύοεες·
301 1391 317 1447 ὅ
336 1386 365 1448 ii
390 1386 451 1454 Υίὸς
473 1393 520 1446 τοῦ
534 1386 673 1469 ἀνθρώπου
687 1392 735 1450 οὐκ
744 1390 837 1484 ΗΑιιίνί
850 1401 938 1466 caput
961 1408 1046 1448 suum
1059 1392 1191 1450 reclinet.
1205 1391 1262 1449 Hoc
1275 1391 1296 1450 si
1313 1414 1328 1451 a
1343 1391 1422 1451 vobis
1438 1391 1532 1471 exiga-

61 1478 137 1551 ἱπλν
150 1479 272 1560 κεφαλὴν
286 1476 372 1559 κλίνη.
385 1481 473 1540 Ταῖπο
484 1477 531 1558 μὲν
546 1470 591 1540 uiis
604 1480 636 1540 ἂν
651 1485 736 1541 ami·
753 1499 773 1544 Λ
788 1498 856 1552 mus,
868 1478 936 1537 iortc
957 1499 1038 1558 gravo
1050 1494 1076 1540 et
1088 1502 1229 1541 onerosum
1252 1482 1346 1541 multis
1372 1481 1510 1544 videbitur
1525 1510 1532 1542 ε

61 1576 160 1653 παρ’
170 1576 258 1650 ὑμῶν,
272 1571 395 1654 φορτικὸν
410 1570 473 1639 ῐσως
487 1571 534 1632 καί
545 1573 659 1654 ratpot<
670 1565 736 1634 sisar
787 1583 951 1651 quapropter
971 1584 1027 1632 tarn
1042 1587 1196 1634 accuratam
1217 1574 1393 1635 imitationem
1414 1596 1466 1634 non
1485 1598 1534 1636 cr-

61 1666 223 1733 ῑςπαλλοῑς·
234 1663 276 1723 διὸ
285 1662 333 1737 τὴν
345 1662 393 1742 μίν
403 1662 540 1745 ἀκρίβειαν
549 1664 650 1738 ταύτην
660 1664 737 1746 ἀρίη-
789 1681 908 1742 possam,
924 1675 955 1721 ut
970 1663 1122 1724 infirmitati
1140 1680 1235 1725 uestra
1256 1688 1373 1747 parcam.
1390 1670 1466 1750 Rogo
1484 1691 1533 1728 au·

61 1755 142 1828 ·,ι-ὴν
161 1755 295 1837 ύμκτίρσν
309 1755 455 1830 ἀσθένειαν,
470 1755 535 1825 ἀξιῶ
557 1756 637 1836 δὲμὴ
657 1782 738 1841 προσ·
789 1766 843 1811 tem
855 1772 889 1811 ne
897 1754 1018 1833 pecuniis
1028 1756 1109 1815 nimis
1123 1757 1311 1836 haeraatisjsod
1326 1773 1357 1818 ut
1369 1780 1419 1839 ego
1434 1761 1470 1819 ob
1486 1761 1532 1819 in-

61 1847 739 1932 ιωῑςχρήμασινρλϊῶπιηρίγιλτῆςὑπιρόολῆς
790 1843 946 1904 firmitatem
965 1861 1081 1907 vostram
1101 1862 1232 1909 tantuma
1249 1850 1327 1910 vobis
1340 1851 1468 1911 virtutem
1480 1873 1534 1912 nou

61 1965 106 2001 ιιι
121 1944 175 2012 τῆς
197 1938 268 1998 κατὰ
282 1940 331 2013 τὴν
355 1939 451 2022 ἀρετὴν
474 1939 518 1999 ut
539 1938 587 2012 τὴν
603 1940 739 2000 ἀσθένειαν
790 1934 885 2014 origo:
908 1936 947 1996 sic
971 1951 998 1997 ct
1023 1958 1073 1998 vos
1096 1941 1183 1999 multo
1199 1940 1286 2020 magis
1299 1962 1315 1999 a
1328 1941 1448 2019 nequitia
1463 1964 1536 2002 rocc-

75 2035 203 2105 πολλῶν,
213 2031 284 2091 οὸτω
298 2031 344 2092 καί
357 2035 427 2110 ὑμᾶς
440 2037 488 2104 τῆς
498 2031 568 2091 κατὰ
581 2030 630 2103 τὴν
644 2031 740 2093 κακίαι
790 2025 869 2086 datis.
884 2029 944 2087 Non
958 2049 1053 2089 aocuso
1066 2052 1111 2090 eos
1130 2030 1177 2110 qui
1190 2030 1285 2091 domos
1311 2031 1418 2109 habent,
1443 2056 1533 2114 agros,

61 2148 120 2199 επε,
137 2124 292 2204 καίπολλῷ
306 2123 466 2184 salmom
479 2126 584 2202 ἐγκαλῶ
592 2132 646 2190 τοῖς
656 2123 741 2191 οἰκίας
790 2118 927 2199 pecunias,
955 2140 1046 2180 servos
1052 2144 1061 2197 ς
1074 2121 1120 2181 scd
1143 2121 1207 2181 volo
1226 2136 1256 2181 ut
1271 2122 1346 2183 licito
1368 2138 1470 2184 etcum
1488 2127 1536 2184 dc·

70 2217 123 2279 ut
140 2217 258 2298 ἀγρούς,
273 2215 318 2273 καὶ
341 2214 484 2295 χρήματα,
500 2214 546 2274 καί
568 2214 740 2297 ἀνδράποδα·
791 2232 852 2270 cort
868 2211 915 2271 illa
932 2212 1099 2293 possideatis.
1115 2213 1190 2288 Quid
1213 2228 1263 2291 est,
1288 2236 1351 2277 cum
1365 2216 1479 2277 decoro?
1497 2220 1537 2277 Ut

61 2310 106 2371 πά
119 2316 134 2343 ⁸
145 2307 296 2389 ἀσφαλείας
305 2313 391 2367 ταῦτα
401 2311 546 2378 κεκτῆσθαι
557 2306 685 2387 βούλομαι
695 2307 741 2367 καί
791 2301 907 2381 domini,
924 2324 976 2364 non
991 2305 1061 2365 semi
1077 2304 1187 2366 illorum
1208 2307 1278 2386 sitis,
1303 2322 1334 2367 ut
1354 2329 1384 2367 oa
1399 2307 1537 2389 possidea-

61 2400 258 2481 ῦπρίποντος.
268 2398 305 2459 Τί
318 2398 347 2458 δι’
359 2401 432 2467 ἐστι,
444 2396 512 2476 μετὰ
525 2404 572 2457 τοῦ
585 2396 742 2478 πρέποντος
793 2395 836 2467 tis,
849 2417 902 2455 non
916 2395 964 2456 iila
984 2418 1033 2458 vos
1044 2398 1210 2480 possideant3
1226 2401 1260 2461 iis
1280 2401 1406 2478 utamini,
1422 2421 1475 2461 non
1488 2401 1537 2460 ab·

61 2494 245 2553 ειὸεσκοτῶν
258 2488 354 2568 καὶμὴ
370 2489 479 2566 δούλων,
489 2488 559 2549 ὥστε
573 2499 680 2570 κρατεῖν
696 2494 741 2550 κύ
759 2517 778 2564 Β
794 2488 917 2548 utamini.
931 2492 1006 2572 Opes
1026 2490 1087 2551 ideo
1104 2492 1143 2552 sic
1158 2507 1299 2572 vocantur,
1315 2507 1346 2552 ut
1366 2492 1400 2552 iis
1415 2494 1442 2552 in
1457 2513 1538 2573 opera

61 2585 74 2645 λ
92 2584 137 2665 μὴ
156 2588 319 2665 κρατεῖσθαι
335 2585 380 2642 ὑπ’
400 2584 496 2656 αὐτῶν,
512 2581 582 2641 ὥστε
595 2586 742 2663 κερρῆσθαε
792 2580 938 2641 ποοοεεετίε
951 2596 1069 2660 utamur,
1083 2605 1136 2644 non
1151 2599 1181 2645 ut
1198 2585 1260 2646 illas
1275 2587 1467 2647 custodiamus.
1481 2588 1539 2649 Hoc

74 2676 129 2739 καὶ
147 2676 190 2756 μὴ
207 2680 440 2759 παρακιχρῆσθαι
462 2674 597 2757 Χρήματα
611 2674 655 2735 διὰ
666 2681 743 2737 τοῦτο
793 2671 895 2753 quippe
906 2674 978 2734 servi
993 2690 1045 2747 est,
1065 2675 1135 2736 illud
1150 2677 1217 2737 hori.
1231 2676 1384 2756 Custidire,
1400 2679 1471 2740 servi
1484 2694 1538 2753 est;

61 2772 137 2843 ,ίνα
152 2773 249 2838 αὐτοῖς
266 2771 304 2835 τίς
316 2766 365 2835 τάς
379 2767 528 2848 ἀναγκαίας
540 2766 668 2848 χρώμεθα
685 2769 742 2829 δια·
792 2763 957 2847 impendere,
972 2764 1030 2825 hori
1042 2780 1068 2826 ct
1087 2782 1246 2849 potestatem
1258 2770 1390 2829 habentis.
1400 2772 1462 2830 Non
1478 2771 1539 2832 ideo

72 2866 130 2945 &A
145 2862 197 2923 ἵνα
210 2861 401 2943 potos-supas·
412 2865 489 2921 τοῦτο
501 2860 553 2941 γὰρ
563 2860 681 2935 οἰκέτου,
697 2862 742 2922 δι-
793 2856 928 2937 accepisti,
940 2857 1008 2916 utin
1023 2871 1123 2917 terram
1133 2858 1265 2933 dciodias,
1281 2860 1328 2920 sed
1339 2874 1369 2919 ut
1381 2860 1538 2922 distribuas.

61 2956 211 3019 Ιλάκείνο·
225 2952 334 3027 totto,
347 2953 378 3013 τί
387 2961 487 3034 τηρεῖν,
496 2953 528 3012 τὸ
541 2952 568 3014 δί
581 2952 742 3026 ἀναλίσκειν,
795 2947 824 3007 Si
835 2946 917 3007 veliet
930 2949 1005 3007 Deus
1020 2962 1051 3008 ut
1062 2950 1116 3009 illac
1126 2965 1305 3027 servarentur,
1315 2972 1367 3011 non
1382 2952 1541 3014 homiuibus

61 3048 104 3111 ιιὶ
115 3046 227 3119 πολλὴν
239 3045 345 3128 ὅροντος
358 3043 406 3117 τὴν
418 3045 544 3115 ἀξοεσίαν.
553 3047 596 3105 Οὐ
610 3044 654 3106 8ιά
666 3051 744 3107 τοῦτο
794 3041 921 3118 dodisset,
932 3042 980 3103 sad
992 3044 1019 3102 in
1031 3056 1102 3105 terra
1115 3046 1220 3107 occulta
1241 3044 1396 3106 dimisisset.
1408 3046 1481 3119 Quia
1491 3070 1539 3107 au·

69 3140 121 3203 ὅκα
134 3139 211 3201 αὗτά
226 3136 408 3218 καταχύοῃς,
423 3140 482 3197 ἀλλ’
500 3137 542 3196 im
561 3137 628 3198 αὐτά
642 3136 742 3198 διανεί·
794 3152 850 3197 tem
859 3135 921 3197 ruit
936 3136 997 3197 ilias
1014 3139 1146 3221 impendi,
1160 3139 1222 3200 idco
1236 3140 1358 3222 permisit
1369 3155 1400 3199 ut
1414 3140 1475 3200 illas
1493 3141 1542 3202 ha-

71 3233 105 3297 ὅά
119 3232 253 3294 ἀύούλετο
264 3229 331 3291 αὐτὰ
346 3231 437 3298 &Osis
448 3231 639 3311 quadraretur,
650 3234 697 3291 οὐκ
711 3231 742 3290 ἀν
794 3231 931 3308 boronus,
955 3244 987 3291 ut
1004 3232 1066 3291 illas
1089 3248 1185 3293 mutuo
1208 3235 1475 3297 communicaremus.
1492 3236 1541 3297 Sin

61 3323 196 3407 ἀρότοις
209 3324 317 3396 ἔδωκεν,
332 3325 391 3382 ἀλλ’
404 3322 491 3382 είατεν
505 3322 536 3382 ἀν
548 3325 617 3402 ίντῇ
630 3327 666 3403 νῇ
683 3322 741 3383 κεί-
794 3322 870 3405 apud
883 3342 933 3385 uos
953 3324 1114 3385 retineamus
1138 3345 1191 3384 nou
1212 3325 1284 3385 ultra
1306 3325 1409 3387 domini
1431 3328 1541 3388 illarum

61 3415 270 3487 ἀκικἜπειδλ
284 3414 313 3474 δὲ
333 3414 456 3494 βούλεται
471 3415 538 3475 αὐτὰ
558 3417 741 3489 δαπανᾶσθαι,
795 3438 897 3478 sumus.
914 3416 945 3479 si
962 3430 1052 3477 autom
1070 3418 1131 3478 illas
1141 3438 1240 3499 augere
1257 3418 1334 3493 velis,
1353 3419 1466 3499 ideoque
1486 3442 1540 3480 scr·
1587 3439 1693 3482 retunsa·

61 3534 90 3572 ιο
100 3508 262 3586 αύτάήμάς
277 3505 454 3587 starentque,
470 3506 514 3567 ’ίνα
527 3509 651 3581 ἀλλήλοις
663 3532 743 3586 μετα-
794 3533 865 3574 ras:
883 3512 932 3575 ilia
946 3514 1065 3594 proiecto
1087 3513 1188 3595 optima
1212 3514 1264 3574 erit
1284 3515 1400 3595 surgendi
1422 3516 1500 3591 ratio,
1516 3517 1538 3577 si
1550 3511 1631 3593 Ψ,
1646 3502 1694 3605 ,βώ

62 3600 115 3665 Ἂν
137 3602 169 3663 δὲ
185 3602 252 3681 παρ’
267 3602 371 3666 ίαυτοῑς
393 3600 559 3681 κατίρωμεν,
579 3605 626 3661 οὐκ
647 3600 686 3660 ἔτι
703 3603 742 3660 δε·
760 3633 779 3682 0
795 3605 935 3688 dispergas
958 3620 984 3666 et
1015 3605 1135 3686 undiquc
1158 3606 1318 3667 distribuas.
1345 3609 1446 3668 Nullus
1470 3611 1542 3669 cnim
1552 3578 1695 3672 ιίίῖίύίίίῑίω

64 3693 174 3757 σύκων
191 3692 282 3771 ἀσμάν.
294 3694 329 3752 Εἰ
340 3691 367 3753 δὲ
383 3692 471 3772 βούλει
482 3692 550 3752 αάτά
565 3693 648 3753 πλείω
661 3698 741 3764 ποεῆ-
796 3712 944 3780 proventus
961 3698 1018 3758 sins
1039 3711 1142 3769 sumtu,
1153 3698 1235 3758 nuliae
1254 3698 1358 3761 divitias
1376 3700 1433 3761 sine
1444 3724 1544 3784 capren-

61 3784 134 3847 tut
147 3792 229 3846 τῶτο
239 3784 377 3866 κατύρεις,
388 3784 435 3845 καί
445 3786 557 3845 ἐνταῦθα
572 3785 639 3858 αὕτη
651 3791 743 3846 πασῶν
796 3812 844 3850 sa:
869 3790 898 3851 id
910 3790 984 3870 quod
997 3791 1026 3851 in
1039 3791 1119 3850 rebus
1140 3792 1315 3852 saecrriaribus
1330 3793 1422 3853 ridere
1434 3808 1482 3854 cst.
1499 3796 1545 3855 Sic

67 3878 200 3959 μέθοδος,
217 3875 250 3936 τ“ο
271 3876 416 3955 σκορπίσαι
429 3876 475 3936 καί
495 3884 632 3959 πανταροὸ
648 3880 745 3939 διανεῖ-
797 3896 938 3963 mercator,
956 3884 995 3943 sic
1013 3884 1130 3964 agricola
1153 3885 1216 3945 iacit
1226 3909 1235 3963 ς
1250 3885 1296 3945 hic
1318 3887 1429 3963 seruina,
1440 3886 1487 3945 illc
1499 3907 1544 3968 po

60 3968 102 4033 ίδλ
116 3968 174 4051 γὰρ
189 3968 229 4027 ίνι
242 3967 363 4046 γενέσθαι
375 3967 504 4049 πρόσοδον
519 3970 637 4041 δαπάνης
652 3971 744 4053 χωρίς,
797 3976 890 4035 cunias
915 3975 1038 4057 spargit:
1056 3974 1103 4035 illc
1127 3975 1237 4056 navigat
1254 3991 1280 4035 ct
1293 3977 1421 4059 pecunias
1441 3978 1545 4057 impen-

61 4064 158 4123 λοῦτον
178 4061 242 4121 ἀνευ
263 4060 457 4138 ἀναλωμάτων.
475 4062 628 4122 Tmo-nat
650 4065 676 4121 ἐν
690 4071 744 4130 τοῖς
796 4068 846 4143 dit,
857 4067 903 4128 hic
922 4088 970 4149 per
991 4081 1078 4128 totum
1097 4067 1202 4127 laborat
1223 4089 1333 4141 annum,
1349 4069 1422 4145 serit,
1431 4069 1542 4129 excolit.

61 4162 97 4223 εἰς
117 4152 259 4233 studitum
280 4150 332 4213 ἴδοι
348 4176 388 4220 τις
409 4152 450 4212 ὅν.
465 4152 559 4222 Οὕτως
577 4159 592 4212 ὁ
613 4154 745 4236 ἔμπορος,
798 4161 851 4220 Hic
873 4174 963 4222 antem
980 4161 1056 4221 nullo
1069 4182 1162 4221 eorum
1176 4174 1215 4220 est
1228 4181 1375 4242 opus5non
1391 4160 1546 4243 apparanda

61 4243 226 4328 ίγεοιργὸς,
244 4250 258 4304 ὅ
278 4243 326 4323 μίν
341 4244 374 4305 τά
392 4245 576 4324 σπίρματα,ὁ
590 4245 617 4306 δὲ
634 4245 666 4305 rt
678 4247 745 4328 χρή-
800 4253 876 4314 navis
895 4266 944 4330 cst,
961 4274 1013 4313 non
1031 4252 1164 4334 jungendi
1182 4251 1266 4312 boves
1285 4266 1356 4327 sunt,
1370 4274 1424 4312 non
1445 4253 1546 4313 aranda

61 4339 241 4405 semmu-
252 4338 299 4398 καὶ
309 4336 361 4419 γὰρ
372 4337 506 4398 iidemu
517 4342 532 4397 ὅ
542 4338 589 4417 μὲν
601 4341 662 4399 πλεῖ
675 4340 690 4370 *
700 4346 746 4400 τοῦ
800 4361 937 4423 torra,nou
945 4346 1014 4407 aeris
1023 4345 1193 4426 intemperies
1198 4344 1374 4423 observanda,
1381 4367 1433 4405 non
1443 4345 1547 4425 grando

61 4456 111 4495 σαι
126 4430 162 4492 τά
175 4434 280 4504 ἑαυτοῦ,
291 4434 305 4490 ί
316 4429 344 4491 δὲ
355 4432 473 4492 ίνιαοτάν
486 4432 629 4514 ὁλόκληρον
644 4439 747 4513 μοχθεῖ,
801 4439 928 4499 timcnda.
943 4440 1004 4498 Non
1022 4438 1068 4498 hic
1090 4437 1189 4496 ductus
1207 4450 1278 4513 sunt,
1289 4458 1343 4497 non
1358 4438 1471 4520 scopuli.
1485 4438 1548 4498 Haec

61 4524 167 4609 ίρματα
189 4523 365 4584 καταὸαλλων
388 4525 435 4585 καί
456 4525 614 4607 θεραπεύων.
636 4526 747 4586 Ἐνταῦ-
802 4531 948 4611 navigatio,
961 4531 1019 4590 hacc
1038 4529 1173 4608 sementis,
1184 4529 1237 4589 hoc
1254 4550 1308 4589 uno
1325 4551 1395 4612 opus
1412 4530 1502 4606 habet,
1518 4545 1548 4590 ut

68 4616 177 4682 diss&
196 4616 235 4674 δεῖ
253 4615 363 4690 τούτων,
379 4618 409 4676 οὗ
430 4617 628 4678 κατασκευάσαι
646 4621 748 4693 πλοῖον,
802 4625 941 4685 facultates
957 4622 1156 4703 dispugantuq
1171 4634 1265 4680 caetcra
1289 4643 1353 4681 roro
1371 4623 1462 4682 omnia
1472 4622 1545 4701 agri-

61 4709 98 4779 ξαε
112 4712 176 4787 βοῦς
188 4707 237 4767 καί
251 4707 346 4789 ἀρόσαι
355 4711 416 4788 γῆν,
431 4705 480 4768 six
493 4710 648 4788 ἀνωμαλίαν
663 4711 748 4793 ἀέρων
767 4725 786 4771 D
803 4717 861 4775 coln
872 4715 919 4776 illc
932 4713 1047 4790 curabit,
1055 4713 1090 4773 de
1102 4735 1158 4792 quo
1168 4713 1205 4773 ait
1215 4713 1340 4773 Christus
1350 4738 1356 4770 :
1367 4718 1460 4773 Pater
1468 4734 1549 4774 meus

61 4810 111 4883 qr,
120 4804 152 4861 οὐ
170 4799 291 4880 χαλάζης
304 4799 455 4873 καταὸολὴν
474 4800 637 4881 φοὸηύῆναι·
652 4806 698 4863 οὐκ
712 4803 750 4863 ίνι
803 4807 935 4891 agricola
946 4820 999 4868 est.
1012 4805 1155 4880 Quomodo
1169 4807 1319 4865 absunlum
1333 4826 1385 4865 non
1401 4807 1491 4881 iurent,
1501 4806 1549 4863 ubi

61 4918 75 4953 Ι
93 4896 226 4965 Μῦῧθᾱν
250 4890 308 4951 Οὐδὲ
323 4891 468 4960 stiwtke·
482 4885 557 4962 Οὗτος
575 4898 589 4954 ὁ
609 4897 749 4963 uitiatori
803 4902 861 4963 sinc
878 4900 971 4961 laboro
987 4899 1077 4961 omnia
1095 4919 1201 4959 sumerc
1221 4920 1373 4980 possumus,
1391 4897 1500 4978 supinos
1523 4911 1550 4956 et

61 4998 67 5052 i
79 4992 180 5077 σπόρος
193 4992 251 5061 ίνάς
262 4994 345 5053 δεῖται
359 4992 456 5072 μόνον,
477 5000 523 5055 τοῦ
537 4997 610 5076 ῥῖψαι
624 4994 657 5055 τά
669 5000 730 5056 ὄντα
743 5021 749 5033 ·
803 4995 947 5057 oscitantes
959 5013 1083 5066 manere3
1097 4990 1144 5051 ubi
1158 5013 1223 5070 uero
1238 4990 1317 5049 multi
1334 4988 1454 5065 sudores,
1469 4987 1549 5046 labo-

61 5176 103 5228 rii.
116 5186 148 5231 sai
158 5184 222 5247 napi.
234 5173 323 5226 Mosei.
337 5178 381 5230 τῶν
394 5186 452 5247 περί.
463 5178 536 5245 [Mor
548 5176 614 5234 idem
626 5179 703 5232 Sarit.
716 5193 741 5232 et
822 5195 832 5219 ’ἱ
851 5177 896 5230 atii
907 5184 1028 5245 ἀσφαλείας
1040 5182 1124 5236 τούτοις
1135 5183 1256 5245 aspiciat
1264 5179 1385 5240 emittm!-

63 5256 108 5307 cit.
121 5256 308 5326 minutiarum]
824 5261 834 5281 “
847 5260 922 5325 [ὅττι
934 5280 1013 5327 σκορπ.
1025 5254 1102 5308 Suvii.
1114 5267 1139 5305 ct
1148 5251 1231 5305 Codd.
1241 5254 1285 5303 cit.
1295 5254 1299 5315 Ι
