3750 5940
54 486 62 504 .
90 457 196 505 ιω.
224 432 272 503 al.
301 455 420 504 cxxiv.
766 430 837 526 509

98 592 268 660 nonpotcst
289 598 414 659 capere,
436 592 483 653 et,
510 582 576 658 Ipse
601 583 686 638 uobis
707 592 839 660 suggeret

96 679 211 746 omnia,
221 687 259 752 et,
270 675 393 753 Spiritus
404 675 554 745 veritatis,
566 671 689 752 Spiritus
699 685 836 742 sauctus,

67 795 69 799 ·
94 782 131 843 et,
143 766 328 838 Paracletus,
341 779 376 842 et,
390 765 519 846 Expedit
528 767 628 824 uobis:
643 785 676 824 ne
689 764 779 825 animo
792 761 839 824 de·

94 859 204 918 swerent
218 858 295 937 quasi
310 857 384 917 omni
407 880 458 938 ope
474 870 500 916 et
513 855 618 917 auxilio
630 856 761 916 destituti.
780 855 839 915 Ex·

94 950 187 1031 pedire
201 949 388 1027 autemdicit,
404 949 545 1009 ostendeus
560 939 594 1008 se1
610 948 671 1008 illos
686 947 840 1029 spirituales

94 1045 274 1104 redditurum.

138 1232 164 1291 5.
180 1232 237 1291 Hoc
252 1233 345 1312 utique
362 1234 464 1293 t'actum
487 1230 621 1290 videmus.
643 1230 712 1289 Nam
731 1228 773 1288 illi
788 1241 842 1288 tre-

64 1331 81 1377 E
99 1340 199 1386 mentes
212 1341 237 1385 et
252 1342 410 1402 metuentes,
430 1342 538 1407 accepto
552 1339 643 1407 postea
659 1315 764 1405 Spiritu
781 1345 858 1384 san·v

99 1432 154 1493 cto,
169 1419 196 1477 iu
219 1419 339 1501 pericula
361 1420 529 1491 insiliebant,
550 1433 576 1477 et
590 1419 709 1491 serrum,
722 1416 839 1490 bestias,

100 1506 199 1583 maria,
211 1508 345 1589 supplicia
358 1509 447 1569 omnia
461 1507 586 1582 adibant3
601 1521 627 1566 et
638 1505 758 1565 illiterati
773 1505 843 1566 idio

100 1613 184 1679 taque
195 1622 257 1658 cum
280 1615 352 1661 tanta
369 1600 469 1660 fiducia
482 1600 679 1679 loquebantur,
693 1612 724 1658 ut
737 1598 843 1658 audito·

100 1713 141 1750 res
170 1693 353 1773 percellerent.
380 1692 425 1752 Ex
444 1693 525 1752 luteis
546 1692 618 1752 enim
640 1690 761 1773 Spiritus
783 1690 844 1749 illos

99 1785 198 1843 ferreos
210 1785 346 1860 reddidit,
359 1786 482 1845 volucres
496 1785 586 1845 effecit
591 1829 601 1862 ,
621 1806 669 1844 nec
680 1783 745 1843 sivit
755 1805 800 1843 eos
809 1783 844 1843 ab

58 1877 218 1972 witumana
238 1878 293 1937 ulla
315 1899 345 1936 re
365 1877 507 1959 prosterni.
533 1875 611 1936 Talis
630 1890 669 1936 est
686 1875 844 1956 hujusmodi
854 1884 934 1932 Graue
947 1886 980 1926 vti

68 1989 86 2033 a
101 1970 187 2047 gratia
199 1994 205 2027 ι
218 1970 241 2028 si
253 1991 394 2029 moerorem
406 1968 539 2043 inveniat,
551 1967 630 2027 illum
640 1967 736 2042 solvit,
746 1989 844 2028 noncu-
853 1963 939 2006 magne.

101 2060 258 2141 piscentiam
272 2060 372 2120 malam
387 2060 518 2137 absumit,
541 2061 666 2121 timorem
679 2060 780 2140 exigit,
798 2082 846 2122 nee

103 2153 165 2212 sinit
175 2153 217 2212 sui
226 2153 383 2234 participem
397 2153 468 2213 ultra
477 2151 615 2213 hominem
624 2175 680 2214 esse
685 2178 694 2231 3
711 2152 759 2213 sed
770 2154 847 2232 quasi

106 2245 132 2304 in
147 2246 225 2305 eaelos
236 2247 396 2305 translatum
411 2245 570 2325 omniaque
584 2246 642 2306 illic
655 2261 717 2306 sunt
730 2235 848 2306 oontem-

107 2338 176 2419 plari
188 2339 274 2420 jubet.
287 2339 351 2399 ldeo
367 2360 443 2399 nemo
460 2339 513 2398 sibi
527 2338 631 2419 aliquid
641 2339 783 2422 proprium
795 2359 851 2400 esse

107 2432 228 2511 dicebat,
241 2432 287 2492 sed
298 2432 501 2514 perseverabant
511 2433 538 2492 in
552 2433 733 2506 orationibus,
746 2433 773 2493 in
786 2432 853 2492 laeti-
863 2435 915 2483 Au.
928 2448 950 2479 ²·
962 2430 1001 2494 4⁶·

55 2546 57 2569 ·
109 2526 145 2584 tia
168 2539 194 2585 et
210 2526 237 2584 in
257 2526 430 2607 simplicitate
450 2525 549 2586 cordis.
567 2526 624 2585 Hoc
642 2525 715 2585 euim
735 2524 853 2585 maxime

55 2649 59 2659 .
109 2618 222 2699 requirit
235 2619 351 2699 Spiritus
363 2633 483 2678 sanctus:
499 2622 625 2677 Fructus
643 2622 721 2678 enim
730 2618 853 2698 Spiritus
866 2615 920 2722 caat.
930 2612 950 2658 5.
963 2625 1002 2658 ²²·

55 2731 58 2764 1
110 2726 152 2771 est
165 2715 322 2794 gaudium,
340 2734 418 2792 pur,
432 2713 529 2793 fides,
546 2710 749 2769 mansuetudo.
771 2691 877 2789 Atqui²
897 2709 902 2721 ⁴

55 2835 59 2845 ·
110 2828 195 2887 sape,
216 2806 335 2883 inquies,
350 2805 490 2863 tristantur
509 2801 661 2884 spirituales
671 2802 801 2861 homiues.
820 2807 854 2863 u

55 2907 59 2948 't
109 2899 165 2957 haec
188 2898 294 2957 tristitia
317 2897 416 2977 gaudio
431 2895 539 2954 dulcior
553 2909 601 2955 est.
615 2896 685 2954 Nam
703 2893 771 2954 Cain
791 2915 854 2954 con-

55 3009 59 3056 t
75 3009 93 3053 B
109 2991 230 3050 tristatus
249 3005 300 3062 est,
323 2989 371 3048 sed
390 2988 498 3047 tristitia
519 2988 601 3069 hujus
622 2987 738 3046 mundi:
754 2987 855 3046 Paulus

55 3102 60 3134 t
109 3106 216 3164 quoque
241 3084 411 3142 contristatus
434 3095 488 3156 est,
514 3081 562 3140 sed
584 3079 731 3139 secundum
756 3083 853 3140 Deum.

55 3193 60 3224 t
110 3177 253 3255 Quidquid
268 3176 338 3235 enim
350 3174 490 3257 spirituale
503 3188 561 3246 est,
578 3174 686 3232 lucrum
700 3173 781 3232 habet
794 3194 853 3231 ma·

55 3305 60 3330 2
109 3271 228 3345 ximum5
244 3266 381 3348 quidquid
396 3267 538 3340 seculare,
549 3280 700 3324 extremum
713 3264 851 3324 damnum.

111 3364 284 3421 attrahamus
298 3361 382 3440 igitur
397 3358 474 3417 nobis
488 3357 727 3439 inexpugnabilem
737 3357 856 3439 Spiritus

55 3471 60 3501 t
110 3476 203 3534 opem,
229 3475 276 3534 per
298 3464 491 3533 praceptorum
505 3448 718 3508 observationem
730 3463 756 3508 et
771 3448 857 3508 nihilo

55 3536 62 3594 l
111 3549 249 3608 inferiores
262 3544 364 3625 angelis
377 3544 488 3602 erimus.
500 3544 595 3621 Neque
604 3543 676 3601 enim
687 3542 743 3619 illi,
752 3543 802 3602 etsi
816 3542 857 3602 in·

55 3664 60 3671 ·
111 3639 247 3720 corporei,
262 3638 327 3696 tales
341 3650 404 3695 sunt
419 3635 462 3710 (si
477 3636 548 3692 enirn
559 3635 610 3693 boc
620 3634 656 3692 ita
672 3648 753 3711 esset,
764 3636 857 3694 nullus

55 3745 62 3780 ³
112 3736 283 3814 incorporeus
295 3731 382 3788 malus
392 3729 484 3787 suisset
497 3734 524 3802 ):
539 3726 585 3786 sed
604 3728 728 3788 voluntas
752 3728 857 3786 arbitrii

55 3817 60 3835 ’
112 3827 212 3906 ubique
226 3826 253 3883 in
270 3845 349 3882 eausa
363 3835 410 3880 est.
424 3820 542 3899 ldeoque
557 3819 638 3878 ctiam
651 3820 719 3878 inter
730 3819 858 3900 incorpo-

55 3906 62 3964 l
112 3942 170 3978 reos
184 3917 281 3998 reperti
295 3929 356 3974 sunt
369 3911 540 3986 hominibus,
550 3911 684 3990 etiamque
698 3911 798 3986 brutis,
812 3933 858 3993 pe·

55 4024 61 4056 t
109 4013 193 4092 jocos,
213 4024 238 4068 et
258 4008 285 4066 in
302 4006 437 4088 corporeis
451 4003 528 4063 multi
549 4003 713 4084 incorporeis
726 4002 857 4068 meliores,

55 4111 97 4157 ·C
114 4107 214 4164 Omnes
231 4101 331 4181 quippe
343 4098 408 4179 justi
425 4111 523 4156 terram
539 4095 729 4170 inhabitantes,
739 4098 859 4178 corporei

55 4217 63 4225 ·
113 4196 269 4269 lieet,bona
295 4212 375 4272 opera
401 4188 551 4248 ediderunt.
566 4189 636 4246 Nam
659 4201 688 4246 ut
709 4190 853 4270 peregrini,

55 4347 56 4354 ,
114 4304 211 4348 terram
222 4285 404 4359 incoluerunt,
413 4296 441 4340 ut
453 4279 692 4354 cives‚eaelnm.Ne
701 4303 764 4363 ergo
776 4283 861 4366 dicas,

55 4403 63 4410 ·
115 4384 200 4440 Carne
227 4376 410 4438 circumdatus
430 4395 509 4450 sum,
536 4372 642 4460 vincere
661 4394 714 4433 non
732 4396 861 4457 possum,

55 4496 65 4504 ·
116 4497 202 4555 neque
220 4495 269 4554 pro
290 4472 390 4530 virtute
408 4467 513 4526 labores
529 4467 672 4548 suscipere.
693 4469 734 4528 Ne
755 4492 864 4531 accuses

118 4571 278 4629 Creatorem.
301 4566 371 4623 Nam
394 4561 417 4620 si
439 4582 501 4619 caro
523 4559 650 4619 virtutem
671 4561 865 4644 impossibilem

118 4661 220 4733 reddit,
238 4680 291 4716 non
306 4656 333 4714 in
350 4655 430 4735 eulpa
444 4674 537 4711 sumus
551 4676 557 4708 :
571 4651 644 4732 quod
661 4667 751 4714 antem
766 4655 866 4739 impos-

55 4754 68 4803 '·
120 4756 226 4816 sibilent
247 4772 298 4809 non
320 4747 431 4822 reddat,
448 4744 563 4804 ostendit
586 4760 741 4808 sanctorum
759 4749 866 4809 chorus.

55 4872 67 4916 ³,
122 4849 237 4910 Paulum
250 4844 350 4923 qnippe
364 4854 460 4899 natura
475 4838 562 4897 earnis
578 4861 630 4897 non
647 4840 788 4922 impedivit
800 4864 868 4920 quo-

55 4983 68 5004 .-
124 4943 214 5002 minus
227 4938 289 4997 talis
304 4933 443 5004 evaderet,
462 4953 509 4990 nec
523 4932 644 5008 Petrum,
659 4934 803 5017 quominus
815 4935 869 4993 cla-

144 5142 155 5163 ⁸
170 5141 228 5203 [tut
242 5137 361 5185 insertum
375 5147 388 5180 e
401 5127 478 5180 savit.
493 5140 517 5179 ct
529 5127 593 5180 eod.
607 5130 678 5194 705.]

146 5222 157 5256 ¹·
171 5216 216 5267 Alii
228 5220 380 5285 περιγενέσθαι
393 5224 437 5262 τῶν
449 5213 504 5279 'urtip
514 5217 536 5258 α’.
549 5215 563 5259 l.
574 5216 608 5273 μὴ
619 5230 700 5271 raray.

686 5300 721 5336 'U
