3750 5940
49 474 63 494 ··
90 442 227 499 unite
248 421 299 497 el.
323 446 441 497 txxxr.
782 422 854 497 553

49 592 58 627 ι
111 580 199 631 strum
215 568 354 631 euditoree
366 569 603 652 eognosoeutzsin
618 569 782 648 dissideant,
801 590 857 631 uon

49 686 57 722 r
110 659 204 723 dicent
221 661 274 721 Dei
293 661 402 745 pacifici
427 662 577 747 discipulos
596 661 708 723 estetsi
726 661 857 745 petilian

49 777 59 815 i
111 773 165 815 non
185 754 254 834 sim,
278 778 331 817 uon
349 756 551 818 ounlitebuutur
570 777 615 816 me
633 755 684 816 obs
703 768 731 817 te
743 756 858 819 missum

49 871 58 906 o
111 846 203 907 luisse.
213 847 318 910 Videu'
327 848 463 928 quomodo
472 849 510 910 ed
518 849 600 909 linem
612 869 698 929 usque
707 868 786 911 suem
795 870 859 913 mm

49 965 59 1000 ν
112 943 856 1028 Potreoonourdiemprobetifflitegoelwitatem,

51 1047 92 1095 ιΒ
112 1035 856 1121 quamdedistimilti,dedieis=idest,pereigoe,

49 1150 60 1186 ν
113 1151 162 1212 per
180 1130 347 1214 doctrinam,
368 1147 395 1194 et
407 1147 439 1194 ut
451 1133 596 1195 oouoordes
616 1134 680 1195 sint.
703 1132 769 1195 lieo
785 1135 859 1197 euim

49 1243 61 1278 t
112 1224 221 1285 claritas
234 1239 288 1305 est,
304 1239 336 1286 ut
349 1225 404 1286 siut
417 1247 519 1306 unum,
533 1248 595 1306 quoe
606 1226 689 1288 etiem
704 1224 789 1309 riguis
802 1248 859 1289 me·

50 1355 59 1385 ,
109 1319 155 1400 jor
177 1333 227 1380 eet.
249 1318 485 1394 Quemadmodum
505 1319 580 1381 enim
595 1322 687 1382 Deum
703 1320 857 1401 mur,

49 1434 60 1447 ·
112 1411 187 1491 quod
199 1412 228 1472 in
242 1426 338 1473 netum
350 1412 400 1473 illa
416 1412 492 1473 nulla
504 1412 541 1473 sit
551 1412 701 1493 dissensio,
715 1412 791 1473 uullu
803 1435 857 1497 pu·

49 1539 58 1569 2
112 1524 184 1584 ὅπως
199 1504 298 1565 ethaee
309 1504 859 1587 meximegloriaesttsioetlri,inquit,

49 1611 58 1647 t
111 1595 176 1655 hine
198 1595 265 1656 clari
285 1596 447 1658 &limantur
467 1595 505 1657 Et
526 1617 593 1674 eur,
610 1598 736 1678 iuquiiee,
750 1598 860 1659 Putrem

49 1724 58 1755 ‚
112 1702 202 1770 rugat,
218 1689 277 1750 haec
289 1689 336 1751 det
347 1689 420 1770 illis,
434 1710 498 1751 oum
510 1690 630 1773 seipsum
643 1690 752 1752 iddare
765 1689 859 1751 dicet?

49 1807 57 1818 ·
112 1784 183 1842 Nem
192 1783 252 1845 sive
263 1783 299 1844 de
307 1783 475 1866 signis‚sive
484 1782 520 1843 de
532 1783 859 1867 oonoordio‚sivedepe·

49 1898 58 1911 ·
111 1897 142 1935 ee
151 1898 240 1936 sermo
247 1876 300 1959 ipsi
310 1877 361 1956 sit,
372 1876 432 1937 liaee
443 1898 506 1938 eum
515 1875 582 1959 ipsis
589 1876 712 1960 prebere
722 1876 860 1958 dignosci·

49 1994 58 2028 r
111 1981 167 2028 tur.
183 1968 265 2030 Unde
278 1970 369 2052 palam
379 1983 455 2049 eret,
472 1968 629 2031 consolandi
639 1968 783 2050 eosgretie
791 1968 860 2052 peti·

49 2087 58 2121 r
111 2063 211 2122 tionem
221 2084 279 2124 esse
288 2063 395 2124 lectam.
407 2065 458 2124 25.
474 2064 541 2144 Ego
554 2067 586 2124 in
599 2066 642 2124 eit
650 2107 661 2136 ,
675 2076 704 2123 et
714 2075 747 2123 tu
759 2066 794 2123 in
803 2084 859 2124 me.

49 2197 58 2226 ‚
73 2151 92 2200 C
112 2155 258 2230 Quomodo
272 2156 422 2217 claritatem
434 2155 534 2217 dedit?
548 2157 580 2216 lu
592 2175 638 2215 eos
655 2154 820 2231 adveniens,
832 2168 861 2216 et

49 2282 59 2294 -
113 2250 220 2309 Putrem
232 2270 324 2310 seeum
336 2250 452 2328 habens,
465 2263 497 2311 ut
509 2248 770 2333 illorumoopulet.
784 2248 892 2311 tlibiu

51 2387 59 2417 ,
112 2318 892 2423 uouououituloquitur3noueuimiuee,eit,ttlveuire*¹

49 2459 59 2494 ν
114 2432 861 2517 Pouem,sedipsumetl’otremedvenire‚etmtnsio·

49 2560 60 2571 ·
114 2531 258 2615 nemopud
268 2552 332 2592 eum
344 2532 447 2610 lacere3
461 2530 520 2592 illic
529 2530 659 2613 sabellii,
673 2530 721 2591 lule
732 2529 793 2591 Arii
802 2531 862 2613 opi·

49 2652 60 2665 ·
113 2627 221 2688 uionem
231 2629 379 2687 confutans.
392 2630 431 2689 Ut
439 2631 501 2688 siut
507 2630 704 2688 consummati
715 2630 748 2688 in
756 2648 858 2702 umori,

49 2710 60 2771 5
114 2732 146 2778 ut
159 2732 315 2801 eognoscat
337 2720 464 2779 mundus
476 2722 550 2801 quia
567 2732 600 2780 tu
613 2740 659 2779 me
670 2722 786 2780 misisti.
801 2704 892 2813 Ηοοὲ,1

49 2828 58 2862 t
112 2811 265 2890 frequenter
282 2809 366 2889 dicit,
387 2824 418 2870 ut
438 2810 562 2871 ostendet
577 2831 672 2893 paoem
689 2810 754 2894 plut
776 2832 891 2891 quemi·

49 2923 59 2982 o
112 2902 188 2984 signe
206 2904 349 2964 attrahere.
375 2903 453 2964 Siout
473 2904 546 2964 enim
560 2903 696 2964 eontentio
713 2902 859 2985 dissolvit,

49 3026 58 3038 -
113 2995 150 3055 ita
168 2995 312 3055 concordie
332 2995 456 3077 populat.
473 2999 516 3057 Et
528 2996 623 3057 dilexi
641 3016 705 3072 eos,
724 3000 802 3059 siout
814 3018 862 3058 me

51 3128 58 3143 .
113 3089 253 3148 dilexisti.
268 3087 321 3147 llic
335 3109 444 3148 rursum
454 3089 534 3150 Sicut
546 3089 600 3150 lroo
615 3089 769 3171 signifieat,
782 3088 860 3177 §ient

49 3189 94 3236 -u
113 3179 236 3239 homines
259 3179 346 3239 amari
367 3194 479 3262 possunt
496 3205 502 3239 :
517 3180 625 3262 siguum
645 3194 736 3243 autem
759 3182 861 3245 umoris

49 3296 58 3329 r
113 3290 170 3354 est,
187 3275 263 3356 quod
284 3296 313 3336 se
333 3298 384 3359 pro
404 3275 461 3338 illis
474 3275 629 3339 tradiderit.
650 3278 723 3339 eum
745 3277 863 3341 dixisset

49 3395 59 3406 ·
113 3392 177 3451 ergo
188 3370 248 3430 illos
258 3369 286 3430 in
298 3383 357 3430 tuto
365 3370 439 3449 iore,
451 3392 499 3432 noe
507 3371 665 3433 evertendos
673 3392 746 3455 esse>
754 3388 861 3435 eunotos

50 3481 58 3514 t
113 3464 237 3538 loturos,
251 3463 404 3542 multosque
421 3485 470 3545 per
484 3464 558 3547 ipsos
569 3462 722 3525 crediturus
734 3486 806 3546 esee,
821 3466 859 3527 il·

49 3584 58 3595 ·
113 3561 153 3620 los
162 3560 225 3619 item
235 3580 332 3640 magna
345 3559 476 3620 fruituros
487 3560 651 3641 gloriaesso,
665 3581 719 3622 nou
732 3582 761 3622 se
771 3561 861 3623 solum

49 3646 57 3700 l
114 3655 186 3735 ipsos
208 3653 353 3732 dilexisse,
371 3652 419 3714 sed
436 3653 518 3713 etiam
532 3655 640 3714 Patrem
646 3678 655 3733 3
670 3655 794 3734 loquitur
812 3656 860 3718 de·

49 3774 56 3802 ν
114 3772 189 3809 mum
203 3750 238 3809 do
248 3749 282 3809 iis
295 3770 354 3828 quae
367 3764 428 3831 post
441 3771 580 3810 excessum
592 3772 626 3810 ex
636 3750 688 3811 hec
699 3750 755 3813 vite
769 3752 861 3813 lutura

49 3871 57 3904 o
114 3857 192 3915 sunt,
210 3842 245 3902 de
257 3842 377 3924 premiis
396 3856 423 3901 et
437 3840 560 3919 coronis,
575 3864 634 3921 quae
650 3843 716 3923 ipsis
737 3845 860 3924 reposito·

96 4069 139 4103 nes
163 4048 312 4118 protulerit,
332 4047 426 4102 Christi
442 4048 532 4100 uerbis.
546 4046 658 4115 Respicit
670 4064 730 4101 vero
746 4066 802 4117 cup.
817 4051 858 4117 ll,

97 4149 120 4182 v.
133 4133 164 4181 23
176 4149 181 4178 ε
194 4128 225 4182 st
235 4131 292 4199 quis
305 4128 390 4197 diligit
399 4145 450 4195 me,
462 4145 596 4178 samonem
608 4144 689 4178 meum
703 4128 822 4190 servabit,
834 4141 860 4180 et

97 4210 178 4260 Pater
186 4226 255 4257 meus
262 4207 353 4275 diliget
364 4223 433 4271 erem,
447 4217 471 4256 et
486 4206 523 4256 ad
530 4222 586 4255 eum
597 4209 728 4256 veniemus
733 4218 776 4269 ,et
783 4223 860 4257 man-

97 4292 192 4338 sionem
207 4285 279 4354 apud
289 4303 345 4335 eum
356 4285 488 4352 [luctemur.
502 4284 614 4351 Uterque
625 4301 685 4337 vero
695 4284 761 4338 (lod.
774 4299 860 4339 noster

97 4364 194 4416 omittit
210 4362 295 4426 uerbo,
308 4368 361 4416 ἀλλ’
373 4368 441 4416 αὑτὸν
458 4370 496 4416 le
511 4370 551 4417 etv
568 4371 660 4435 πατέρα
676 4366 861 4434 amtorem]

130 4445 142 4476 ⁴
158 4443 205 4495 Alii
217 4442 293 4512 [inter
302 4459 367 4509 quos
383 4439 466 4493 Codd.
478 4442 569 4508 nostri]
581 4451 612 4497 τὰ
622 4455 668 4497 τῶν
678 4448 860 4500 tedrllturlm·

98 4531 210 4591 στομὶζων
224 4532 337 4590 πέμπτα,
353 4528 399 4575 loe.
422 4518 491 4573 Ibid.
506 4517 610 4588 quidem
623 4517 704 4593 lpeleu
715 4531 859 4587 solidiores.

98 4602 167 4667 [llos
179 4597 257 4652 Savil.
270 4607 308 4654 καὶ
319 4605 356 4652 ἵνα
367 4595 483 4668 'studeri-..l

131 4690 141 4712 ⁸
159 4678 206 4730 dlii
218 4687 232 4740 ἡ
244 4683 355 4750 διαίρισις.

132 4761 144 4800 t
162 4757 294 4825 [Servilium
304 4758 403 4824 sequuti
415 4757 449 4808 ite
461 4752 595 4810 edidimus.
604 4755 668 4809 cod.
677 4758 764 4819 705&
774 4767 863 4831 erupit-

49 4872 51 4883 ·
99 4862 148 4899 uere
159 4848 199 4904 ἀγ.
214 4845 309 4909 ὶχώριι.
320 4834 385 4888 God.
400 4839 450 4888 709
462 4842 491 4897 ὣς
500 4843 626 4907 ἀνθρώποις
637 4845 665 4891 el
682 4846 722 4904 dy·
742 4852 860 4909 σηχοιρᾶ.

99 4914 176 4981 Quod
187 4916 316 4984 legebatur
333 4924 364 4977 ὡς
374 4923 491 4984 ἄνθρωπος
500 4954 507 4977 ,
517 4931 590 4966 error
599 4931 651 4967 eree
660 4914 760 4967 uidetur
771 4916 863 4968 llorel·

49 5029 53 5038 ·
102 4996 174 5047 lianae
188 4993 315 5046 Editionis
334 5011 380 5061 pro
399 5002 428 5054 ὡς
445 5002 578 5066 ἀνθρώποις.
591 4994 649 5044 llox
661 5001 700 5048 eal
710 5004 864 5061 enterrrpt·

49 5109 53 5118 ·
104 5097 152 5143 prou
162 5071 261 5125 esitii.
274 5085 299 5123 et
310 5070 393 5124 Codd.
405 5075 497 5124 uostris
508 5071 674 5137 addidimus]

49 5177 55 5208 r
138 5169 148 5204 s
166 5154 242 5203 Putet
254 5151 360 5207 Surilius
373 5148 503 5220 legendum
516 5158 623 5205 tortili-1.
