3750 5940
767 425 952 474 sufferte.
1591 432 1638 479 vlt

60 554 144 628 illum,
153 552 203 631 qui
216 547 370 631 impietatis
383 567 467 608 causa
477 547 553 617 dum
568 547 773 629 cognominatus
786 560 835 611 est.
849 549 912 610 Jam
930 566 1011 629 porro
1029 547 1071 611 illi
1086 561 1205 631 tempore
1217 549 1356 612 Athanasii
1368 550 1461 613 cubas
1473 553 1538 613 dare
1554 574 1640 636 cepe-

60 663 133 723 runt,
143 645 331 725 dicebamque
344 643 450 704 Filium
468 644 544 705 Patri
556 644 667 705 omnino
687 642 864 721 dissimilem,
882 664 943 722 qua
965 643 1083 721 haeresis,
1108 666 1171 705 cum
1192 645 1250 706 Arii
1270 659 1297 706 et
1320 647 1483 708 hunnorum
1503 650 1639 711 erroribus

60 745 162 803 omnino
176 740 377 801 consentiebat.
391 739 462 798 Cnm
477 739 551 799 eninr
566 738 669 798 Filium
687 760 745 799 rem
762 738 862 798 iactant
881 750 908 796 et
925 752 1041 798 creatam
1063 739 1157 799 Ariani
1173 738 1308 819 dicerent,
1323 741 1388 801 ltine
1402 764 1466 803 sane
1478 743 1641 822 sequebatur

60 854 154 899 unum
163 859 223 896 esse
236 837 352 895 Patrem
370 833 441 894 inter
453 848 481 894 ot
495 834 598 894 Filium
611 830 877 908 dissimilitudinem,
885 846 986 912 quanta
1007 846 1047 893 cst
1059 833 1211 895 Creatorem
1228 835 1299 897 inter
1316 851 1343 896 et
1359 858 1416 896 rem
1431 852 1555 897 creatam.
1568 839 1640 899 Cum

59 954 131 1014 porro
143 933 218 991 inter
231 943 386 990 creatorem
395 943 422 990 et
431 951 489 990 sent
499 942 615 990 cresum
624 929 753 989 immensa
761 927 796 988 sit
806 925 1017 1005 dissimilitudo,
1027 941 1098 987 certe
1107 928 1230 990 eamdem
1239 951 1296 990 esse
1305 930 1374 989 inter
1383 930 1490 990 Patrem
1499 944 1525 989 ct
1536 931 1639 992 Filium

58 1026 221 1106 sequebatur.
235 1025 376 1104 Ἀνόμοιον
388 1025 481 1105 itaque
495 1047 543 1085 seu
552 1023 715 1085 dissimilem
725 1022 865 1084 Christum
871 1021 1008 1098 dicebant,
1022 1022 1140 1102 hincque
1149 1023 1322 1085 nunuomoei
1332 1037 1395 1082 sunt
1404 1024 1542 1106 appellati.
1557 1025 1639 1086 Initio

60 1136 139 1180 auton
153 1120 227 1179 inter
245 1121 395 1180 nnomoeos
405 1133 432 1179 et
447 1119 562 1180 bianos
573 1118 752 1180 dissensiones
769 1117 887 1178 suborta
906 1131 983 1193 sunt,
997 1138 1050 1176 non
1067 1137 1160 1177 omnes
1173 1118 1251 1200 paria
1272 1117 1418 1195 dicebant,
1435 1131 1462 1177 et
1479 1118 1637 1198 aliquando,

59 1214 113 1273 lioet
123 1236 151 1272 re
162 1215 225 1296 ipsa
240 1215 323 1296 paria
339 1214 479 1294 sentirent,
491 1213 583 1275 verbis
597 1227 686 1274 tamen
704 1211 940 1293 digladiabantur3
952 1211 1004 1272 sub
1028 1211 1085 1272 lraec
1102 1225 1193 1272 autem
1207 1213 1329 1272 rlnonroei
1342 1213 1441 1272 sensim
1456 1212 1596 1273 invaluere
1611 1228 1639 1274 et

60 1308 192 1368 Orientem
205 1330 280 1389 pene
291 1322 382 1369 totum
398 1322 573 1391 occuparunt.
588 1309 667 1369 Certe
678 1329 733 1387 quo
744 1321 864 1389 tempore
877 1305 1087 1388 Chrysostomus
1102 1305 1254 1366 concionari
1269 1305 1359 1387 coepit,
1371 1328 1467 1388 nempe
1482 1329 1553 1367 curro
1566 1307 1637 1385 586,

60 1400 131 1480 plena
143 1400 293 1461 hnomoeis
303 1400 450 1461 Antiochia
460 1414 517 1461 erat
529 1413 712 1482 :quapropter
725 1421 756 1460 eo
767 1399 826 1480 ipso
837 1419 908 1459 anno
918 1398 1050 1459 Homilias
1070 1399 1116 1458 illa
1129 1399 1191 1480 περὶ
1202 1399 1391 1471 &acclinem
1401 1443 1410 1474 ,
1421 1402 1458 1460 de
1472 1405 1638 1482 Incompre

60 1493 194 1552 henstbilr'
201 1538 211 1568 ,
227 1493 324 1574 erepit,
339 1492 466 1574 ipsosque
476 1493 582 1574 egregie
594 1491 743 1553 confutavit
759 1491 808 1552 illo
819 1505 845 1552 et
860 1491 1032 1570 sequentibus
1041 1494 1134 1568 annis,
1151 1512 1204 1550 una
1216 1511 1332 1570 namque
1347 1491 1415 1551 serie
1426 1490 1570 1554 duodecim
1582 1492 1634 1554 ho·

58 1589 140 1648 nrilhs
150 1587 288 1648 dedimus
300 1589 392 1649 Temo
401 1590 500 1671 primo,
513 1589 592 1669 queis
604 1592 794 1649 Anomoeorum
807 1601 964 1667 argumenta
978 1586 1092 1669 depellit
1106 1588 1325 1670 Chrysostomus.

91 1686 117 1742 5.
134 1685 242 1742 Praeter
255 1698 353 1743 aut·
368 1684 497 1744 brionam
507 1699 592 1745 totam
602 1684 728 1745 haeresim
737 1704 821 1763 quam
830 1682 884 1765 ipsi
894 1682 1125 1764 amplectebantur
1139 1697 1165 1744 et
1179 1682 1336 1758 tuebantur,
1352 1681 1406 1741 alia
1425 1682 1506 1742 etiam
1524 1681 1638 1742 addide-

59 1791 111 1837 rant
122 1777 255 1836 amentiae
269 1777 366 1859 plena,
379 1800 440 1858 quas
453 1778 555 1860 passim
567 1778 623 1838 sslis
641 1776 788 1860 exprobrat
800 1790 907 1837 sancus
920 1775 1023 1837 doctor.
1039 1776 1173 1837 Dicebant
1190 1776 1281 1855 itaque
1299 1774 1351 1850 illi,
1367 1789 1398 1835 ut
1409 1776 1468 1856 jam
1482 1775 1639 1836 monuimus

59 1895 82 1932 se
90 1894 197 1932 omnem
211 1871 362 1933 sciendam
371 1874 519 1954 accepisse:
530 1895 558 1934 se
570 1875 660 1934 Deum
668 1871 780 1954 perinde
792 1893 878 1948 nosse,
892 1885 971 1951 atque
984 1872 1078 1953 seipse
1091 1885 1215 1946 noverat,
1226 1892 1279 1949 qua
1295 1870 1469 1950 insaniaque
1483 1871 1569 1950 major
1583 1891 1639 1930 esse

59 1959 167 2044 poterat!
182 1964 243 2021 Nec
256 1961 344 2022 modo
357 1963 385 2022 in
398 1962 566 2023 orationibus
580 1962 646 2039 illis,
662 1984 729 2042 quas
743 1961 883 2044 speciatim
896 1977 988 2022 contra
1003 1965 1145 2023 rlncmoeos
1154 1963 1260 2036 babuit,
1272 1962 1334 2020 illos
1345 1962 1466 2041 exagitat
1476 1961 1638 2042 Clrrysosto·

60 2078 122 2132 nus;
133 2055 282 2116 sedetiam
299 2057 405 2138 passim
424 2057 454 2117 in
469 2056 532 2116 aliis
549 2056 671 2117 homiliis
688 2059 832 2116 tlnomoeos
850 2077 921 2138 saepe
938 2056 967 2115 in
987 2056 1109 2116 medium
1127 2055 1239 2116 adducit
1250 2070 1277 2115 et
1289 2056 1418 2130 conirrtat,
1429 2068 1454 2114 et
1465 2054 1575 2133 quidem
1587 2056 1636 2116 ali·
1692 2112 1694 2115 .

62 2151 170 2231 qnando,
181 2165 216 2210 ut
233 2153 274 2211 T.
290 2153 324 2229 5,
338 2174 365 2234 p.
383 2152 432 2230 ts,
449 2168 600 2234 presentes.
622 2155 692 2213 Nam
705 2173 799 2212 eorum
816 2150 941 2233 plerique
957 2151 1130 2212 concionibus
1148 2152 1207 2232 ejus
1219 2151 1372 2227 intererant,
1388 2163 1416 2208 ut
1433 2150 1492 2230 jam
1504 2148 1636 2212 diximus.

61 2249 107 2306 tte
116 2246 199 2306 modo
210 2246 383 2323 Antiochiae,
396 2245 444 2306 scd
457 2246 539 2306 etiarn
556 2245 786 2327 Constantinopoli
800 2245 900 2305 multos
915 2245 1014 2327 reperit
1031 2249 1186 2320 Anomoeos,
1202 2266 1271 2323 quos
1288 2245 1370 2304 etiarn
1380 2245 1481 2327 passim
1495 2267 1637 2327 aggressus

63 2353 103 2398 est.
121 2340 157 2399 tli
173 2340 253 2400 enim
270 2339 414 2400 catholicae
428 2340 501 2422 plebi
519 2340 635 2400 admixti
653 2338 775 2419 quotidie
791 2339 973 2400 volitabantur
985 2360 1048 2399 cum
1061 2339 1150 2400 obviis
1163 2339 1323 2418 quibusque.
1343 2340 1408 2400 Haec
1421 2341 1558 2422 precipua
1572 2363 1637 2402 cura

63 2435 107 2494 init
115 2435 324 2517 Chrysostomo
338 2457 401 2495 curn
413 2434 574 2512 Antiochiae,
590 2450 648 2496 tum
658 2435 902 2516 Constantinopoli.
914 2434 968 2496 Sed
982 2434 1045 2514 quia
1057 2434 1085 2493 in
1098 2435 1150 2493 lrae
1162 2448 1296 2515 postrema
1310 2435 1426 2511 civitate,
1439 2436 1486 2494 ubi
1497 2436 1637 2517 episcopus

62 2530 284 2607 concionabatur,
299 2529 472 2610 gravissimis
490 2530 553 2590 aliis
566 2530 638 2591 curis
656 2529 824 2610 negotiisque
837 2529 971 2589 distentus
983 2530 1046 2607 luit,
1058 2529 1221 2611 impetitusa
1237 2528 1340 2606 multis,
1351 2551 1383 2588 ac
1400 2529 1444 2588 bis
1462 2530 1490 2589 in
1510 2531 1638 2592 exsilium

62 2642 137 2701 anus,
150 2648 205 2686 non
223 2626 319 2708 potuit
329 2639 434 2685 tantm
444 2624 505 2684 istic
519 2639 646 2705 quantam
659 2625 809 2685 Antiochia
822 2625 1011 2706 propulsandis
1023 2624 1160 2685 elnomoeis
1173 2623 1302 2684 adbibere
1314 2645 1419 2685 cruam
1436 2625 1495 2685 Etsi
1510 2647 1583 2702 vero,
1596 2627 1637 2687 uti

61 2723 108 2800 jam
120 2721 260 2798 diximus,
273 2720 379 2802 passim
392 2720 420 2779 in
431 2719 552 2780 homiliis
564 2719 620 2780 suis
631 2734 722 2780 contra
733 2722 876 2780 tlnomoeos
886 2735 958 2800 agat,
970 2720 1034 2779 licet
1044 2741 1088 2780 eos
1097 2741 1159 2779 raro
1168 2741 1218 2779 suo
1232 2719 1339 2778 nomine
1352 2722 1495 2781 rlnomoeos
1507 2721 1637 2807 appellet;

63 2838 190 2896 nunquam
206 2816 325 2876 illorum
338 2829 500 2897 argumenta
514 2816 552 2875 ita
567 2815 706 2896 speciatim
717 2815 834 2875 all'ertac
848 2815 954 2893 refellit,
967 2828 996 2875 ut
1010 2815 1056 2874 hie
1069 2816 1097 2873 in
1114 2814 1241 2874 llomiliis
1253 2814 1281 2873 in
1299 2816 1440 2876 Jcannem.
1454 2816 1638 2887 Quamobrem

66 2912 103 2973 lie
115 2915 211 2974 saltem
226 2913 371 2996 precipua
385 2933 522 2974 recensere
535 2912 641 2972 animus
650 2925 708 2972 est:
722 2911 830 2992 longius
842 2912 915 2972 enim
927 2933 1067 2972 excurrere
1078 2924 1221 2992 oporteret,
1235 2910 1257 2970 si
1269 2911 1359 2970 omnia
1374 2911 1541 2971 afferremus.

801 3145 821 3226 s
841 3146 894 3208 tv.

65 3335 194 3392 ,dnomoei
218 3353 258 3391 ex
283 3329 414 3390 Arianis
441 3331 499 3389 orti
508 3354 521 3401 ;
544 3348 599 3388 cur
619 3348 657 3387 ex
675 3327 841 3407 Evangelio
858 3327 986 3386 loannis
1007 3339 1181 3407 argumenta
1202 3340 1380 3388 mutuentur.
1403 3329 1528 3389 Ilionam
1549 3349 1636 3411 argu·

515 3436 615 3483 mento
625 3423 725 3501 exilio
740 3425 803 3502 ipso
812 3422 978 3503 Evangelio
989 3424 1194 3504 confutentur.

94 3612 136 3670 Ex
149 3609 264 3669 Arianis
278 3609 333 3668 orti
350 3606 488 3682 rlncmoei,
504 3606 557 3664 bae
573 3619 636 3665 nota
654 3619 681 3665 et
695 3619 792 3664 tessera
811 3603 847 3664 ab
862 3603 917 3663 illis
930 3603 1062 3684 distingui
1080 3603 1256 3682 ridebantur,
1270 3605 1344 3685 quod
1356 3605 1478 3666 dicerent
1493 3628 1522 3666 se
1541 3607 1633 3667 omni-

63 3707 158 3765 ncdam
175 3705 325 3764 scientiam
338 3701 449 3784 adeptos
466 3722 538 3779 esse,
552 3722 580 3761 se
593 3699 705 3782 perinde
719 3700 809 3759 Deum
823 3719 900 3758 nosse
920 3713 950 3759 ut
971 3702 1045 3760 Deus
1067 3700 1141 3781 ipsos
1162 3713 1287 3777 noverat,
1303 3715 1384 3781 utque
1403 3703 1493 3778 etiam,
1509 3717 1540 3763 ut
1562 3705 1636 3762 Deus

62 3799 168 3880 seipsum
184 3810 304 3857 noverat
318 3819 326 3853 :
341 3794 415 3875 quod
429 3796 555 3856 insanum
568 3793 689 3855 simulet
703 3792 820 3874 impium
833 3805 900 3853 erat.
917 3793 976 3852 Hac
995 3816 1025 3854 se
1042 3793 1125 3855 fultos
1137 3795 1247 3854 scientia
1260 3809 1395 3876 putantes,
1407 3797 1559 3857 Catholicos
1571 3797 1634 3856 ubi-

62 3916 105 3972 que
115 3892 287 3953 confidenter
301 3889 537 3971 aggrediebantur.
556 3889 693 3963 Quoniam
706 3910 770 3949 vero
779 3909 815 3948 ex
830 3888 981 3969 Evangelio
994 3889 1105 3952 Jcannis
1114 3891 1233 3949 maxime
1242 3890 1293 3971 ipsi
1304 3892 1434 3952 confutari
1448 3893 1580 3968 solebant,
1594 3893 1636 3950 irr-

61 3987 136 4066 dcque
148 3989 203 4048 tela
214 3986 413 4046 mutuabantur
425 3986 570 4058 Catholici,
585 3998 616 4044 ut
627 3985 689 4045 illos
696 3984 861 4066 depellerent
870 4005 902 4044 ac
911 3985 1101 4066 profligarent,
1113 3984 1174 4045 ideo
1186 3985 1228 4044 illi
1236 4007 1272 4045 ex
1285 3985 1377 4046 codem
1390 3987 1539 4068 Evangelio
1548 3987 1634 4066 mrrlta

62 4082 268 4162 detorquebant,
288 4093 320 4138 ut
335 4079 387 4139 tela
401 4078 546 4140 adversum
558 4102 586 4139 se
597 4079 678 4139 missa
694 4078 869 4138 declinarent.
886 4077 1028 4138 Mordebat
1044 4079 1142 4161 impios
1156 4079 1230 4159 quod
1245 4078 1289 4140 his
1304 4082 1415 4142 Jcannis
1436 4079 1569 4161 Theologi
1587 4079 1632 4140 di·

63 4177 104 4235 ctis
123 4179 250 4257 ipsorum
270 4174 402 4234 sententia
420 4187 602 4250 everteretur,
623 4175 704 4235 Deus
718 4188 781 4235 erat
796 4175 922 4234 Verbum
928 4199 940 4244 ,·
951 4188 989 4252 ct,
1006 4176 1071 4256 Ego
1085 4189 1114 4235 et
1126 4177 1220 4236 Pater
1231 4197 1320 4235 tenum
1332 4196 1448 4250 surnrts,·
1466 4190 1507 4251 ct,
1521 4180 1586 4259 ligo
1600 4181 1632 4235 in
1640 4204 1709 4248 Μ,
1727 4215 1746 4253 1,
1763 4214 1783 4257 ,ἱ

63 4274 156 4347 Patre,
170 4285 201 4332 et
215 4270 354 4331 Peterin
365 4291 411 4329 me
420 4284 464 4331 est
471 4297 484 4343 ,·
494 4284 532 4348 et,
547 4272 586 4332 Ut
602 4290 701 4331 omnes
716 4272 862 4330 horrerent
874 4271 989 4329 Filium
1003 4276 1078 4331 sicut
1091 4272 1238 4331 honorant
1249 4272 1369 4329 Patrem
1377 4298 1390 4343 ,·
1405 4285 1442 4350 et,
1457 4273 1536 4333 Sicut
1550 4279 1631 4335 novit
1642 4279 1681 4355 P·
1693 4264 1732 4370 ³3⁰)
1742 4265 1783 4318 ³⁸³

63 4388 101 4423 ne
113 4368 219 4438 Pater,
232 4379 262 4425 et
274 4386 328 4445 ego
343 4386 431 4425 nosco
447 4367 568 4427 Putrem
574 4390 588 4437 ,·
598 4380 633 4442 et,
655 4367 712 4444 Qui
725 4367 808 4426 uidet
824 4385 886 4440 me,
896 4366 981 4425 videt
991 4379 1020 4426 et
1031 4367 1151 4425 Patrem
1161 4392 1172 4436 ;
1183 4378 1220 4439 et,
1233 4365 1264 4425 Si
1277 4367 1483 4446 cognovissetis
1496 4390 1553 4443 me,
1567 4369 1631 4429 Pa-
1641 4345 1671 4438 it
1682 4339 1699 4443 ς2
1712 4339 1787 4451 iiiod

63 4473 126 4520 uem
136 4467 241 4541 ntique
256 4463 477 4541 cognovissetis,
488 4475 515 4520 et
525 4461 662 4521 similibus
671 4460 743 4535 aliis,
757 4461 834 4540 queis
849 4480 877 4520 se
889 4481 973 4520 unum
990 4460 1139 4520 substantia
1150 4481 1211 4518 cum
1224 4462 1312 4538 Patre,
1325 4461 1376 4543 ipsi
1390 4463 1531 4542 neptalem,
1545 4477 1572 4523 et
1585 4484 1629 4523 ve
1641 4460 1662 4496 ⁸¹
1674 4463 1697 4508 ⁷·

65 4577 116 4614 nm
124 4558 216 4615 Deum
230 4554 396 4614 declarabat.
411 4557 449 4616 Ut
462 4576 526 4636 ergo
535 4556 571 4615 ab
588 4556 632 4616 lris
645 4550 864 4631 metuerentur,
876 4575 912 4614 ex
928 4555 994 4636 ipsis
1013 4555 1109 4636 primis
1120 4554 1262 4635 Evangelii
1275 4556 1386 4616 Jcannis
1399 4557 1490 4617 verbis
1503 4558 1556 4617 tela
1568 4580 1630 4618 mu·

64 4651 126 4708 turri
137 4652 316 4710 conabantur.
334 4650 468 4710 Dicebant
476 4665 576 4727 autem,
587 4650 674 4727 illud,
688 4655 726 4710 In
743 4653 887 4732 principio
902 4662 965 4710 erat
979 4652 1115 4727 Verbum,
1135 4670 1188 4709 non
1203 4650 1376 4710 eternitatem
1390 4651 1453 4711 Filii
1468 4652 1630 4732 significare,

59 4745 282 4824 ,qnandoquidem
294 4745 330 4805 de
340 4745 423 4805 rebus
434 4746 531 4806 creatis
541 4746 622 4806 etiam
632 4746 744 4822 dicitur,
756 4750 794 4805 In
806 4746 1032 4826 principthsecit
1050 4746 1128 4804 Dens
1147 4747 1250 4805 coelrtm
1265 4759 1293 4804 et
1305 4759 1420 4805 terram.
1432 4747 1518 4826 Ergo,
1528 4748 1631 4827 inquie-

66 4838 131 4917 bant,
144 4840 227 4916 illud,
243 4845 282 4900 ln
295 4843 452 4919 principio,
468 4841 602 4903 ineassum
618 4843 732 4901 assetur
755 4839 791 4899 ad
805 4840 868 4900 Filii
877 4840 1052 4900 eternitatem
1064 4839 1300 4922 comprobandam.
1317 4840 1388 4900 Huic
1401 4841 1558 4923 sophismati
1570 4843 1632 4924 plu·

68 4933 134 4994 ribus
143 4936 260 4995 occurrit
270 4936 493 5018 Cltrysostomus,
506 4935 541 4996 ad
551 4935 708 4996 auditorum
717 4949 827 5018 captum
837 4935 1059 5013 accommodatis;
1074 4935 1215 4997 brevitatis
1226 4958 1289 4997 vcro
1301 4937 1386 5015 gratia
1399 4959 1428 4995 ca
1444 4937 1531 4996 solum
1540 4938 1631 4998 asieri-

69 5048 185 5109 nusquae
197 5031 392 5112 opportuniora
409 5044 473 5090 sunt
485 5029 521 5090 ed
534 5031 586 5092 boe
596 5031 690 5091 inutile
700 5032 784 5092 telum
793 5030 993 5113 depellendum.
1008 5031 1057 5090 His
1069 5031 1246 5112 explicandis,
1264 5035 1302 5090 In
1317 5036 1462 5111 prt'ncipr'o
1476 5046 1539 5093 erat
1560 5037 1631 5094 Ver-

71 5125 139 5200 ium,
150 5146 202 5185 non
212 5127 306 5207 procul
319 5125 474 5186 testimonia
486 5127 599 5207 petenda
612 5140 690 5204 sunt,
706 5126 752 5186 sed
774 5148 808 5186 ex
825 5126 860 5187 iis
872 5147 932 5205 quae
943 5141 1091 5205 sequuntur
1106 5127 1266 5208 paucissima
1282 5126 1423 5186 addenda:
1439 5131 1480 5188 Et
1503 5132 1629 5189 Verbum

71 5236 122 5277 eret
133 5224 211 5297 apud
227 5223 331 5301 Deum,-
347 5236 376 5283 et
391 5223 474 5282 Deus
487 5238 549 5282 erat
560 5225 696 5284 Verbum.
709 5221 792 5298 Illud,
808 5225 883 5284 Erat
894 5224 974 5300 apud
988 5224 1081 5282 Deum
1091 5268 1099 5296 ,
1111 5221 1258 5298 significat,
1268 5225 1298 5282 ln
1311 5224 1376 5281 Deo.
1389 5221 1531 5302 Quidquid
1541 5237 1630 5283 arrtcrn
