3750 5940
53 462 69 481 ..
96 434 189 483 uxxs.
216 411 265 483 ul.
293 434 375 483 cxx.
774 416 846 509 479

100 556 246 619 vilioribus
255 557 377 639 personis
395 554 548 636 quidquam
571 555 636 617 moli
650 557 799 639 patientur,
812 578 846 621 ue

101 651 253 726 turbentur,
267 650 392 713 udluda
411 651 568 732 exemplum
594 651 775 732 respicientes,
797 651 846 731 qui

102 743 241 802 innumera
254 758 434 823 consequutus
447 743 530 813 bona,
555 744 687 803 contraria
708 744 844 826 rependit.

102 834 167 897 ldeo
191 836 326 911 subdidit,
347 839 405 915 Qui
420 838 581 897 manducat
597 857 711 897 meeum
720 858 846 917 partem

67 940 86 985 1)
103 928 244 1008 missisque
266 928 328 989 aliis
343 928 482 1003 omnibus,
496 929 558 1003 boc,
570 928 646 1008 quod
666 928 757 1010 ipsum
772 944 846 1010 pote·

103 1035 145 1081 rat
155 1022 282 1082 cohibere
297 1036 323 1081 et
343 1022 447 1103 pudore
470 1023 589 1097 allicere,
604 1022 730 1104 protulit.
748 1022 805 1097 Qui
830 1044 848 1083 a

104 1140 146 1176 me
157 1116 290 1187 alebatur,
300 1117 347 1196 qui
362 1116 430 1176 mibi
444 1137 543 1176 mensae
552 1137 661 1177 consors
671 1130 740 1193 crat,
750 1116 846 1199 iuquit.

103 1209 168 1269 llaec
178 1230 258 1290 porro
270 1209 385 1282 dicebat,
396 1221 426 1267 ut
440 1208 501 1267 illos
513 1206 663 1267 institueret
671 1208 708 1269 ad
716 1209 847 1269 beneficia

102 1301 137 1360 iis
148 1300 309 1382 prestanda,
324 1301 371 1380 qui
386 1301 439 1361 sibi
466 1300 570 1360 malum
591 1300 727 1378 inferrent,
742 1302 847 1363 etiamsi

104 1394 265 1454 insanabiles
273 1407 368 1454 essent.
377 1395 446 1454 Cum
454 1393 521 1453 dicit
531 1407 630 1468 autem,
640 1396 752 1455 llbnde
762 1392 848 1455 uobis

104 1488 238 1545 omnibus
252 1487 328 1556 dieo,
340 1485 511 1545 neomnibus
524 1484 650 1547 umorem
663 1485 805 1559 incuteret,
815 1486 848 1545 il-'

103 1577 162 1636 lum
175 1577 284 1637 tandem
296 1591 417 1657 segregat
430 1576 474 1637 bis
490 1577 593 1652 verbis,
610 1579 668 1656 Qui
686 1580 848 1639 omndswat

104 1690 214 1728 rneeum
222 1692 341 1750 panem.
357 1669 431 1728 lllud
443 1669 527 1741 enim,
551 1671 621 1729 Non
643 1671 682 1729 de
700 1672 846 1740 omnibus,

104 1783 156 1821 non
171 1763 281 1822 omnino
301 1762 558 1843 unumquempiam
584 1762 766 1842 designabat:
787 1784 849 1843 pto-

103 1868 192 1935 pterea
208 1853 342 1927 subdidit,
357 1856 414 1933 Qui
428 1855 589 1913 inanducat
600 1876 713 1915 meeum
726 1876 846 1935 mrtem,

104 1946 202 2005 misero
214 1946 364 2015 declarans,
379 1966 407 2004 se
428 1966 480 2006 nou
507 1945 675 2025 ignorantem
695 1945 741 2005 sed
766 1944 850 2027 probe

67 2059 84 2104 1
103 2039 231 2098 scientem
246 2038 449 2119 comprehendi,
461 2038 488 2097 id
498 2038 572 2118 quod
585 2040 663 2100 illum
676 2039 849 2111 maximeeo·

103 2130 197 2189 bibere
214 2144 328 2212 poterat.
340 2132 434 2209 bique
444 2129 526 2207 dixit,
536 2130 635 2191 Tradit
647 2152 706 2209 me,
724 2130 781 2207 sed,
795 2134 849 2191 Le·

105 2230 186 2285 eavit
197 2248 283 2306 super
303 2247 350 2285 me
362 2227 551 2295 calcassem,-
568 2240 599 2286 ut
610 2225 707 2287 dolum
720 2240 747 2287 et
758 2226 850 2287 ooeul·

103 2334 144 2379 tas
157 2319 271 2380 insidias
284 2318 442 2381 declararet.

145 2691 173 2749 5.
193 2691 258 2751 Haee
289 2713 370 2773 porro
399 2693 498 2774 scripta
520 2707 591 2767 sunt,
618 2706 649 2753 ut
670 2713 705 2753 ne
721 2693 851 2775 injurium

58 2780 278 2874 4201110101111111
291 2805 503 2856 succenseamus,
519 2783 567 2844 sed
581 2785 644 2845 illos
666 2806 812 2865 arguamus
824 2801 851 2848 et

67 2893 85 2936 ,1
103 2874 284 2956 deploremus.
302 2878 444 2958 lucrymis
467 2877 538 2936 enim
552 2876 628 2955 digni
642 2892 714 2954 sunt,
733 2900 786 2939 non
801 2902 850 2961 pa·
993 2946 996 2951 ,

105 2970 208 3043 tientes,
222 2970 420 3030 sedinlereutes
435 2970 574 3050 injuriam.
592 2972 662 3030 Nam
681 2993 711 3031 se
730 2973 849 3033 maxime
884 2988 1005 3041 1111111.

102 3062 205 3122 ludunt
218 3077 320 3144 raptor,
351 3062 529 3144 sycophanta,
545 3077 572 3122 et
585 3063 608 3122 si
622 3064 670 3143 qui
691 3063 767 3124 aliud
782 3067 848 3126 mali
859 3054 952 3159 wll
961 3066 1003 3159 ¹2,

102 3153 231 3230 inserant;
247 3155 325 3214 nobis
339 3168 428 3213 autern
443 3154 523 3214 valde
533 3169 656 3236 prosunt,
671 3155 723 3216 nisi
736 3178 785 3217 nos
796 3157 848 3240 ipsi
858 3178 898 3235 qut
921 3145 1005 3221 'interr

104 3246 274 3305 ulciscamur.
290 3245 417 3327 Exempli
431 3267 521 3321 causa,
542 3246 633 3327 rapuit
657 3247 803 3330 quispiam,
822 3238 975 3312 et⁵⁸'l”'³⁸¹''·

103 3352 132 3397 tu
147 3360 197 3419 pro
211 3339 309 3418 injuria
320 3339 421 3418 gratias
434 3339 492 3399 Deo
511 3338 600 3419 egisti,
615 3338 720 3421 ipsique
734 3342 850 3421 gloriam

103 3431 240 3491 retulisti?
255 3432 306 3490 Per
316 3430 467 3511 gratiarum
479 3431 612 3490 actionem
631 3432 851 3516 1111111011οη-

103 3525 158 3583 mia
171 3539 350 3603 consequutus
365 3546 393 3583 es
409 3549 415 3581 ε
433 3521 664 3601 quemadmodum
675 3525 723 3585 ille
735 3514 849 3588 immen-

104 3638 165 3675 surn
186 3615 239 3674 sibi
255 3614 344 3693 ignom
360 3615 513 3695 aqiparavit.
531 3615 561 3674 Si
572 3615 634 3692 quis
648 3638 713 3676 vero
727 3616 848 3679 dixerit:

104 3707 190 3782 Quid,
204 3708 226 3767 si
240 3708 350 3766 inferior
364 3728 425 3765 eum
437 3728 533 3784 essem,
549 3707 678 3787 injuriam
698 3730 750 3769 nou
773 3712 850 3792 potui

104 3800 281 3882 propulsare?
302 3798 484 3879 responderim
499 3819 557 3878 ego,
580 3801 693 3860 Potuisti
713 3801 850 3883 indignari

67 3893 85 3938 Β
104 3907 129 3952 01
141 3912 295 3951 succensere
311 3892 384 3950 :baec
397 3890 509 3949 enimin
524 3904 618 3963 nostra⁴
636 3906 698 3952 sunt
710 3908 850 3974 potestate,

105 3983 246 4065 imprecari
256 3981 377 4055 laedcnti,
390 3982 532 4061 ipsumque
542 3982 618 4041 mille
624 3983 776 4045 maledictis
786 4008 849 4068 pto·

103 4078 177 4155 sequi
193 4090 218 4135 et
230 4076 369 4134 infamare.
389 4075 444 4146 Qui
452 4075 504 4133 hoc
516 4095 568 4135 nou
582 4075 657 4154 lacit,
672 4076 777 4138 omissae
789 4079 849 4140 rin·

102 4169 180 4228 dictae
192 4168 340 4227 merccdern
352 4166 470 4246 recipiet.
486 4167 598 4225 Constat
606 4168 678 4227 enim
696 4190 769 4247 eum,
785 4192 848 4233 cutm

104 4261 155 4320 hoc
166 4275 253 4342 posset
265 4261 359 4330 iacere,
375 4279 427 4317 non
440 4257 534 4317 secisse
543 4272 640 4319 tamen.
655 4261 726 4321 Nam
738 4262 785 4343 qui
797 4264 846 4325 lee-

103 4375 148 4412 sus
162 4368 211 4427 cst,
227 4352 316 4411 obviis
338 4350 490 4430 quibusque
513 4351 596 4410 armis
616 4352 711 4429 utitur,
726 4354 751 4415 si
777 4356 849 4437 iuju-

103 4445 171 4503 riam
183 4466 235 4503 101
253 4445 329 4516 serat,
348 4441 510 4516 maledictis,
525 4441 666 4519 conviciis,
678 4445 785 4507 insidiis
803 4448 838 4509 les

102 4536 209 4594 dentem
219 4534 370 4594 ulciscitur.
383 4531 426 4591 Ab
434 4531 549 4612 hisergo
559 4546 588 4592 tu
601 4535 685 4607 sinon
696 4537 778 4598 modo
787 4541 849 4601 abs·

104 4631 199 4703 tineas,
214 4627 261 4687 sed
272 4627 354 4686 etiam
364 4648 414 4707 pro
425 4625 473 4685 illo
482 4625 609 4707 preceris,
622 4626 674 4689 boc
691 4645 771 4713 paeto
791 4635 849 4696 Deo

104 4725 201 4785 similis
212 4725 322 4784 effectus
338 4743 374 4781 es.
387 4725 487 4794 Orate,
506 4722 603 4802 iuquit.
613 4746 667 4805 pro
673 4748 848 4810 persequen-
859 4740 943 4785 11111.
959 4740 982 4786 t.

105 4821 182 4877 cesus
195 4837 260 4888 vos,
274 4828 305 4874 uc
319 4815 503 4874 sensnum
517 4817 604 4876 Pam·
616 4831 727 4895 oestro,
743 4798 943 4902 11111145·

88 5016 168 5067 nostri
180 5019 302 5082 11μύ1111.
318 5011 386 5065 Editi
396 5011 461 5064 male
473 5020 591 5083 aptum

121 5093 287 5146 Ι’1111111101
306 5101 333 5146 ἂν
351 5101 424 5145 τοίνυν
442 5103 515 5147 ταῦτα
530 5109 574 5162 μή.
594 5094 682 5160 [Paulo
697 5108 756 5147 onte
775 5107 848 5154 ταῦτα

90 5182 161 5226 :olum
174 5179 198 5226 1ὺ
209 5186 243 5240 μή
255 5173 353 5224 sineret
363 5170 456 5231 savit,
469 5184 544 5224 recte.
556 5182 629 5228 ταῦτα
640 5183 712 5229 τοίνυν
723 5181 748 5229 οὐ
758 5186 794 5244 μὴ
804 5190 849 5245 μο-

91 5262 171 5318 111μὴ
184 5247 368 5321 10111111101111.
382 5251 485 5315 nostri]
