3750 5940
53 457 81 504 :o
106 455 214 504 urso.
783 432 855 533 695

109 579 263 658 Numquid
279 591 307 637 et
323 599 396 651 uos,
420 577 541 638 eonfiteri
563 599 591 638 se
613 578 682 639 disei
702 579 780 640 ulum
799 603 856 642 esse

109 657 249 717 indicavit.
260 658 336 717 Hanc
346 679 440 717 rooern
454 671 566 738 usurpet
578 658 666 717 omnis
695 658 852 740 heldierus,

108 759 124 795 a
137 738 295 817 paganismo
311 737 459 796 deductus:
472 758 534 795 cum
548 736 620 796 enim
637 739 782 799 occurrerit
802 741 854 800 tibi

109 837 229 896 paganus
243 821 341 876 veteris
362 818 459 876 erroris
471 816 598 876 addictus
612 817 811 895 consuetudini,
828 834 855 880 et

108 897 209 954 dixerit
222 896 460 968 tibi‚Cbristianus
474 918 511 971 es,
520 896 566 955 dic
582 896 623 955 ilb
637 920 644 954 :
660 897 750 955 Etiam
755 921 764 975 3
774 918 855 958 num·

108 975 174 1053 quid
185 989 211 1034 et
217 989 248 1034 tu
261 976 304 1035 vis
317 976 396 1034 lieri?
413 976 557 1054 llicigitur
570 976 622 1035 suit
640 975 759 1036 hominis
777 977 855 1039 istius

108 1076 214 1135 scopus,
227 1057 275 1134 qui
288 1054 378 1114 visum
388 1069 414 1114 et
426 1055 523 1114 auimae
536 1069 563 1113 et
578 1056 697 1136 corporis
710 1073 854 1136 receperat.

108 1136 182 1192 Dixi
197 1139 282 1194 uobis
288 1138 355 1217 jam
361 1181 371 1207 ‚
385 1149 413 1194 et
425 1156 484 1192 non
502 1137 648 1194 audistis:
661 1137 734 1216 quid
749 1140 855 1198 iterum

106 1213 199 1274 vultis
210 1236 255 1273 me
266 1216 390 1273 audire?
400 1216 543 1294 numquid
557 1227 584 1273 et
595 1236 649 1274 uos
660 1216 754 1275 vultis
766 1217 854 1277 disei-

104 1294 168 1373 pub'
180 1299 243 1374 ejus
247 1295 321 1376 fieri
329 1301 342 1352 Ρ
356 1294 441 1368 Quasi
461 1294 582 1353 dioeret:
598 1295 719 1353 Tantum
734 1295 810 1357 abest
823 1310 854 1356 ut

71 1376 90 1424 E
106 1371 193 1432 mede
206 1374 337 1434 sententia
349 1373 488 1432 dimovere
501 1373 621 1454 possitis,
631 1388 661 1433 ut
673 1394 724 1453 ego
735 1395 784 1434 vos
794 1397 854 1457 spe·

105 1473 162 1511 rem
175 1453 266 1534 potius
281 1453 316 1512 de
325 1454 454 1512 sententia
465 1453 598 1527 dimotos,
608 1453 749 1514 Christum
761 1455 853 1536 ipsum

105 1534 280 1592 confessuros.
290 1532 365 1605 Quid
378 1534 412 1593 ad
427 1533 505 1592 illum
517 1532 616 1591 deinde
628 1532 741 1594 ludaei?
755 1537 852 1595 Male·
865 1541 924 1588 lira.
933 1556 957 1604 9·
966 1541 1004 1591 28·

105 1613 243 1672 dixerunt
250 1617 287 1686 ei,
297 1627 324 1672 et
329 1615 482 1672 dixerunt:
491 1614 535 1672 Tu
542 1613 702 1692 discipulus
712 1615 793 1674 illius
800 1620 852 1692 sis,
863 1616 902 1665 '⁹‘

107 1712 159 1750 nos
180 1706 278 1751 autem
286 1696 379 1752 Mosis
389 1693 526 1773 discipuli
544 1694 850 1768 sumusNossoimus,

106 1776 176 1850 quia
191 1776 270 1832 Mori
292 1774 430 1853 loquutus
457 1785 499 1831 est
525 1774 606 1831 Deus
618 1797 630 1842 ;
653 1774 733 1832 bunc
752 1788 852 1833 autem

106 1857 248 1911 nescimus
258 1854 336 1911 uude
344 1856 394 1911 sit.
408 1852 503 1930 Cogita
513 1872 636 1929 quaenam
647 1866 715 1911 esset
725 1853 853 1913 multitu·

105 1929 141 1989 do
163 1932 419 2007 contradicentium,
442 1944 468 1989 et
487 1952 611 2010 quasnam
633 1931 713 1991 unius
732 1934 850 2014 potentia

105 2010 152 2087 qui
165 2012 313 2070 resistebat.
327 2014 420 2090 Neque
433 2011 509 2070 siluit
522 2032 617 2069 rursus
630 2024 761 2091 patronus
778 2015 850 2075 veri-

107 2091 184 2167 tatis,
205 2091 253 2150 sed
274 2091 391 2150 institit:
407 2095 444 2149 In
458 2093 514 2150 boe
532 2094 612 2148 enim
630 2093 767 2150 mirabile
789 2106 846 2166 est,
861 2105 920 2150 loia.
933 2107 1003 2154 uto.

106 2168 207 2247 inquit,
226 2174 296 2251 quia
310 2192 365 2229 uos
384 2174 501 2230 nescitis
523 2171 601 2228 uude
618 2175 671 2243 sit,
688 2184 717 2231 et
734 2177 850 2252 aperuit
860 2176 882 2212 ‘¹
892 2166 932 2214 ³³·

106 2270 183 2308 meos
196 2251 304 2309 oculos.
318 2252 387 2309 lttsi·
399 2262 472 2309 esset
483 2252 531 2308 bie
539 2271 560 2308 a
570 2251 650 2320 Deo,
665 2272 725 2309 non
734 2264 850 2331 poterut

100 2331 204 2407 jacere
217 2331 389 2410 quidquam.
404 2329 499 2388 Stabat
511 2327 667 2408 decertans,
682 2343 708 2389 et
718 2344 850 2412 spectator

69 2455 93 2492 ω
106 2422 161 2465 erat
172 2431 203 2467 ac
217 2409 369 2468 certaminis
384 2430 480 2489 praeses
491 2411 566 2467 Deus
577 2410 674 2468 :multi
689 2410 851 2470 formidabi-

71 2515 89 2556 Α
105 2488 143 2545 les
163 2489 292 2548 adversus
318 2510 404 2547 unum
431 2489 596 2563 robustum,
619 2491 705 2548 nrrbes
732 2490 850 2549 infidelis

104 2567 233 2627 adversus
255 2590 337 2626 unam
356 2567 420 2626 fidei
435 2582 549 2647 guttam.
563 2569 596 2626 A
616 2570 714 2628 seculo
735 2581 849 2630 nonest
862 2591 922 2637 rim,
933 2592 1002 2639 ..aa

104 2650 253 2720 eruditum,
269 2649 368 2728 inquit,
383 2653 453 2728 quia
464 2652 529 2729 quis
541 2653 655 2728 aperuit
670 2651 768 2709 oculos
780 2654 851 2710 eieci

104 2732 177 2785 noti.
192 2732 260 2787 rt'tsi
269 2742 342 2788 esset
354 2730 402 2787 hic
414 2750 434 2786 a
448 2730 530 2799 Deo,
548 2749 608 2786 uon
618 2742 734 2810 poterut
741 2731 850 2808 faeere

103 2810 273 2889 quidquam.
303 2806 529 2886 Quandoquidem
556 2806 590 2865 de
618 2808 739 2867 doctriua
764 2809 849 2868 Mosis

104 2887 265 2964 gloriamini.
276 2888 336 2945 Non
350 2888 397 2945 ille
409 2886 520 2965 quidem
532 2886 623 2946 adhue
638 2889 723 2948 blesis
734 2889 850 2947 mentio·

103 2988 163 3024 nem
184 2968 260 3042 lacit,
279 2988 313 3024 ne
327 2980 466 3048 exasperet
480 2988 543 3044 eos5
561 2967 608 3026 sed
620 2967 680 3025 ait:
697 2967 729 3026 A
741 2970 850 3027 soeculo

105 3067 164 3103 uon
188 3061 231 3106 est
248 3048 382 3105 ariditum
392 3091 402 3117 ,
429 3051 501 3128 quia
523 3050 590 3126 quis
611 3051 726 3127 aperuit
749 3050 850 3108 oculos

103 3131 172 3184 crecr'
187 3131 251 3185 uati
263 3150 271 3182 :
285 3127 335 3184 boc
346 3140 397 3197 est,
410 3127 479 3197 Quis
492 3126 562 3184 alius
577 3128 683 3207 aperuit
696 3127 848 3208 propbeta?

103 3226 188 3284 neque
210 3206 257 3284 qui
280 3206 420 3264 antecellat
437 3208 569 3279 occurrit,
593 3227 680 3284 neque
699 3209 746 3285 qui
766 3208 851 3287 possit

103 3287 263 3366 comparari.
283 3293 317 3344 At
329 3299 463 3363 quantum
477 3287 528 3343 iste
548 3286 689 3345 ueritatem
703 3286 847 3361 tuebatur,

104 3378 208 3424 tantum
233 3365 273 3423 illi
296 3363 324 3423 in
350 3365 515 3446 impudentia
541 3367 753 3446 perseverabant.
777 3367 849 3438 Quia

104 3466 199 3524 negare
214 3467 264 3503 non
283 3444 549 3526 poterant,deineeps
561 3445 695 3504 occultare
708 3445 849 3506 contende-

104 3524 188 3582 bant:
205 3539 230 3583 et
245 3526 352 3600 dicunt,
367 3527 417 3583 Da
430 3526 557 3605 glorium
571 3527 658 3583 Deo:
675 3547 728 3586 uos
742 3530 849 3586 scimus
861 3545 920 3590 litu.
932 3546 1000 3603 mn.

104 3610 174 3684 quia
186 3608 234 3664 bic
247 3608 334 3663 bomo
343 3619 480 3684 peccator
489 3619 542 3664 est.
556 3604 651 3664 Gloria
664 3606 747 3681 Filii,
759 3608 850 3666 Patris

103 3699 142 3741 est
156 3686 241 3764 gloria
251 3699 275 3743 et
288 3685 403 3743 indivisa
413 3699 452 3743 est
462 3685 556 3763 gloria.
566 3687 689 3743 Decertat
701 3685 767 3744 inito
779 3707 850 3765 prae-

104 3764 176 3822 claro
196 3787 258 3823 eum
272 3764 374 3824 „ludaris
388 3765 540 3822 certamine.
553 3765 654 3822 Dicunt
667 3766 707 3822 ei:
724 3767 775 3823 Du
787 3767 851 3844 glo-

68 3848 177 3907 uriam
190 3847 263 3903 Deo.
282 3845 417 3902 Cuiuami'
430 3846 487 3901 Deo
506 3844 573 3922 legis
592 3844 709 3901 nostre?
723 3848 766 3901 An
785 3865 850 3903 vero

98 3924 203 4001 justum
215 3937 262 3997 est,
271 3937 300 3979 ut
313 3922 382 3979 alius
393 3923 554 3980 beneficium
568 3920 721 3994 contulerit,
741 3935 767 3980 et
780 3922 850 3982 alius

102 4003 215 4080 gloriam
230 4002 367 4084 reportet?
383 4004 434 4059 Da
447 4003 574 4080 glorium
584 4003 656 4059 Dee.
681 4001 756 4059 Alius
770 4002 850 4061 bene-

103 4084 170 4140 licus
191 4082 257 4150 suit,
270 4095 296 4139 et
311 4079 357 4137 ulii
372 4080 486 4157 gloriam
499 4080 589 4138 dabo?
602 4080 722 4139 Confessi
734 4095 796 4140 sunt
806 4082 849 4140 lu·

103 4176 159 4220 trun
170 4163 262 4219 fecisse
272 4165 375 4233 lesum,
384 4174 409 4217 et
420 4160 528 4218 unxisse
537 4160 628 4217 oeulos
637 4162 696 4240 ejus
707 4184 714 4217 :
727 4181 788 4219 eum
801 4162 849 4240 qui

101 4244 223 4322 aperuit,
240 4242 414 4309 confitentur,
429 4252 455 4297 et
476 4240 553 4297 alteri
576 4240 689 4317 gloriam
709 4240 848 4301 deseram?

102 4328 192 4394 Qunre
204 4343 268 4380 vero
283 4320 398 4399 gloriam
411 4318 468 4377 Deo
489 4319 560 4377 dabo
570 4321 583 4377 :⁹
595 4321 665 4391 Quia
681 4342 775 4412 nempe
796 4323 848 4381 Dei

100 4425 168 4482 opus
180 4404 230 4460 hoc
242 4414 288 4457 est.
306 4400 392 4477 Igitur
407 4401 493 4457 Deum
511 4420 568 4457 esse
588 4400 726 4459 Christum
740 4423 848 4482 impru-

99 4483 191 4542 dentes
206 4481 333 4539 fatemini.
344 4481 394 4538 Du
403 4480 528 4559 gloriam
540 4482 613 4538 Deo.
626 4482 696 4539 Nam
710 4480 733 4539 si
747 4484 797 4540 Dei
808 4497 849 4543 est
923 4507 947 4540 r.
962 4493 1001 4541 25.

99 4586 177 4644 opus,
193 4563 269 4639 eique
281 4559 365 4638 gloria
379 4559 493 4617 debetur
505 4585 511 4616 :
528 4560 575 4637 qui
586 4573 680 4618 auctor
692 4574 733 4619 est
744 4563 847 4644 operis,

100 4645 156 4723 ipse
177 4657 215 4701 est
235 4644 315 4699 Deus.
336 4641 387 4697 Du
406 4639 531 4719 gloriam
553 4642 628 4698 Deo.
654 4643 716 4699 Nos
740 4646 848 4702 scimus

100 4729 171 4805 quia
185 4727 232 4782 tic
245 4724 331 4779 bonro
343 4732 481 4801 peccator
493 4732 546 4778 est.
558 4722 717 4800 Respondit
730 4725 783 4796 eis,
796 4727 848 4804 qui

101 4805 326 4884 circussuerot:
347 4801 378 4858 Si
387 4812 524 4878 peccator
536 4812 596 4872 est,
614 4805 711 4860 neseio
718 4826 730 4870 ,·
757 4823 848 4862 uuum

101 4890 177 4955 scie,
213 4887 263 4941 uia
277 4901 369 4938 cucus
385 4899 450 4936 cum
464 4900 566 4952 essem,
580 4882 666 4938 modo
680 4882 778 4939 video.

142 4966 170 5022 5.
192 4906 342 5038 llucusque
357 4979 419 5016 cunr
435 4958 520 5017 libere
542 4959 669 5038 loquutus
684 4975 763 5034 esset,
785 4960 846 5041 ejici

101 5045 172 5103 soras
186 5041 433 5124 ipsumjusserunt.
447 5041 488 5098 Et
500 5042 646 5119 ejecerunt
660 5062 725 5099 eum
734 5085 744 5118 ,
759 5039 847 5118 iuquit
921 5075 944 5103 v.
959 5057 999 5117 ³4-

102 5123 276 5204 evangelista,
280 5123 380 5201 foras.
393 5119 491 5179 Beatus
508 5120 555 5199 qui
567 5120 704 5199 ablegatus
713 5134 752 5180 est
761 5141 777 5179 a
785 5140 845 5179 con·
856 5135 965 5183 Psaros.
973 5139 998 5186 3.

57 5301 111 5357 iri,
122 5294 174 5351 δόξα
187 5300 219 5356 τῷ
230 5285 302 5353 Cap]
