3750 5940
71 437 225 488 mxvii.
253 414 300 487 al.
328 439 470 489 oxum.
791 415 862 514 595

61 607 64 631 ‚
116 583 168 642 qne
185 561 291 644 aliquid
311 562 346 624 de
364 562 411 622 illa
430 559 571 622 sciscitari.
590 559 645 622 Sed
658 572 684 620 et
697 559 771 641 quod
786 561 864 623 time-

61 719 62 730 ,
125 667 232 732 rent,et
248 653 321 735 quod
340 655 439 715 scirent
458 674 512 714 non
533 647 618 714 alium
637 672 704 733 esse,
723 652 865 716 sedillum

61 787 63 826 ;
115 747 217 830 ipsum,
234 749 270 809 ab
284 747 491 830 interrogatione
508 746 705 827 abstinuerunt,
723 746 866 828 solumque

61 880 65 914 ς
114 842 291 903 comedebant
307 864 347 919 ea,
367 863 428 922 quae
455 842 513 923 ipse
534 862 597 901 cum
620 840 717 922 majori
736 854 866 923 potestate

61 970 65 1004 2
114 948 259 996 creaverat.
275 934 328 994 Hic
341 955 405 996 vero
418 953 472 993 non
488 931 560 993 ultra
576 931 685 1014 respicit
707 931 736 992 in
756 932 864 1009 celum,

61 1063 65 1106 ;
113 1047 199 1108 neque
219 1029 338 1088 humana
354 1027 402 1088 illa
423 1026 498 1100 iacit,
519 1024 660 1087 ostendens
672 1024 721 1085 illa
732 1045 775 1105 eo,
791 1025 866 1104 quod

79 1143 169 1202 „sese
185 1106 346 1199 demisisset,
364 1120 538 1182 {amaluino
558 1118 641 1194 Quod
658 1140 724 1181 vero
739 1139 794 1180 non
810 1119 864 1182 fre·

61 1276 62 1289 ,
111 1228 234 1292 quremer,
259 1236 307 1274 nec
330 1213 414 1275 simili
437 1211 519 1273 modo
540 1233 604 1272 cum
626 1211 683 1271 illis
700 1225 864 1287 versamur,

110 1305 195 1366 dicit:
207 1310 253 1368 li.
266 1310 332 1367 Hoc
337 1310 405 1389 jam
417 1308 503 1367 tertio
514 1304 724 1385 manifestatus
734 1316 779 1364 est
788 1304 861 1379 iilis,

109 1420 177 1460 cum
192 1407 399 1462 resurrexisset
412 1422 433 1461 n
448 1402 579 1460 mortuis.
595 1398 630 1459 Et
641 1396 720 1478 jubet
735 1417 771 1458 ex
785 1397 864 1460 obso-

61 1541 62 1555 .
109 1492 161 1553 niis
174 1493 277 1569 alium,
290 1493 433 1554 ostendens
451 1493 492 1572 id,
506 1488 580 1571 quod
593 1489 684 1551 visum
695 1484 793 1571 firmat,
804 1511 861 1554 non

61 1625 62 1632 .
108 1584 269 1665 phantasma
279 1606 345 1646 esse.
361 1587 396 1645 At
407 1582 455 1645 bic
467 1604 521 1643 non
533 1581 601 1643 dicit
614 1581 705 1663 ipsum
714 1581 863 1644 comedisse

110 1697 173 1736 cum
185 1678 252 1738 illis.
270 1678 357 1738 Lucas
368 1699 432 1740 vero
446 1676 514 1737 alibi
527 1674 596 1735 dicit
612 1699 618 1732 :
632 1677 675 1735 Et
685 1696 861 1738 convescens
872 1687 925 1736 Au.
936 1701 955 1735 ι.
973 1687 996 1751 q.

110 1772 262 1831 cumillis.
280 1769 425 1843 Quomodo
439 1783 541 1848 autem,
554 1788 608 1828 non
620 1781 743 1828 nostrum
755 1781 796 1829 est
812 1768 861 1830 di·

61 1912 63 1921 ,
110 1864 285 1925 ceretmodo
310 1865 382 1925 enim
405 1884 537 1946 perquam
561 1860 682 1921 mirabili
705 1861 765 1921 hac
791 1863 862 1923 lacta

111 1971 183 2032 sunt,
197 1979 251 2018 non
261 1958 335 2038 quod
348 1972 446 2018 natura
465 1956 535 2016 cibis
551 1951 677 2037 deinceps
692 1976 762 2036 opus
773 1956 862 2017 lrabe-

110 2065 160 2127 ret,
179 2050 227 2110 scd
244 2073 279 2111 ex
298 2050 468 2133 indulgentia
482 2048 519 2110 ad
536 2047 739 2110 resurrectionis
752 2047 864 2111 demon·

109 2142 268 2203 strationem
279 2144 337 2204 hae
347 2141 480 2226 permisit.

61 2259 63 2295 :
131 2275 134 2281 -
151 2238 179 2294 5.
200 2235 265 2295 llec
279 2236 418 2297 audientes
433 2235 502 2294 forte
522 2231 696 2312 efferbuistis,
709 2245 736 2292 et
746 2252 803 2313 eos,
815 2235 864 2314 qui

61 2351 64 2391 :
111 2348 173 2388 cum
198 2327 247 2386 illo
266 2345 352 2404 erant,
371 2332 464 2391 beatos
484 2326 668 2410 pradieastis,
685 2347 789 2389 necnon
805 2348 860 2407 eos,

110 2422 159 2501 qui
172 2442 235 2482 cum
249 2420 298 2481 illo
311 2422 398 2481 lutmi
411 2435 474 2482 sunt
487 2421 516 2481 in
527 2420 647 2500 generali
656 2415 861 2483 resurrectione.

61 2517 206 2595 *ultaque
219 2515 290 2574 nihil
313 2535 367 2574 non
387 2533 512 2595 agamus,
527 2525 558 2572 ut
576 2511 766 2575 admirandam
788 2514 866 2575 illam

110 2603 208 2668 faciem
217 2608 369 2668 videamus.
381 2607 453 2667 Nam
465 2605 489 2666 si
500 2626 573 2667 nunc
582 2604 721 2667 audientes
728 2605 768 2667 sic
777 2606 866 2670 inoen

110 2697 218 2776 dimur,
228 2714 254 2759 ot
267 2698 453 2759 desideramus
462 2695 518 2757 illis
528 2696 612 2756 fuisse
624 2696 734 2777 diebus,
748 2698 825 2778 queis
835 2701 865 2761 in

110 2803 181 2851 terra
194 2793 369 2867 versabatur,
389 2811 483 2850 vocem
506 2788 625 2867 audisse,
642 2789 739 2850 faciem
752 2790 864 2868 vidisse,

109 2885 260 2957 accessisse,
277 2884 409 2964 tetigisse,
434 2881 612 2959 ministrasse3
634 2881 722 2962 cogita
739 2881 809 2963 quid
828 2885 864 2945 sit

108 2976 189 3036 illum
202 2975 293 3037 videre
307 2997 360 3036 non
376 2976 449 3036 ultra
463 2974 491 3034 in
506 2974 614 3033 mortali
638 2995 760 3056 corpore,
779 2995 864 3056 neque

67 3069 229 3155 ⁵²³humana
252 3068 403 3143 facientem,
424 3065 474 3127 sed
491 3065 593 3146 angelis
613 3065 754 3147 stipatum,
768 3067 796 3127 in
811 3066 862 3128 im-
886 3074 890 3085 '

75 3161 219 3221 nmortali
239 3181 350 3242 corpore
368 3159 448 3219 illum
467 3157 633 3240 conspicere,
647 3157 792 3239 etreliqua
805 3160 861 3222 irni

110 3253 250 3331 felicitate,
264 3273 325 3332 quae
336 3273 444 3312 omnem
457 3263 570 3334 superat
586 3270 746 3338 sermonem.
758 3252 862 3325 Quam-

110 3346 213 3423 obrem,
220 3347 344 3421 obsecro,
356 3345 426 3404 nihil
444 3365 498 3404 non
513 3363 627 3424 agamus
639 3363 699 3403 nea
712 3343 762 3404 tali
775 3344 862 3426 gloria

109 3438 278 3498 excidamus.
294 3437 372 3499 Nihil
386 3436 462 3498 adest
472 3435 600 3511 difficile,
612 3436 637 3495 si
646 3434 776 3515 velimus,
791 3437 862 3498 nihil

109 3552 266 3607 onerosum,
279 3530 302 3589 si
316 3528 498 3590 attendamus.
511 3528 623 3589 NamSi
633 3533 820 3604 sustinemus,
833 3543 862 3591 et
874 3565 893 3596 ι,
908 3551 971 3599 mm,
987 3564 1013 3603 2,

109 3626 363 3705 conregnabimus.
380 3620 455 3695 Quid
469 3635 509 3681 est
523 3619 602 3696 illud,
615 3621 798 3682 Sustinemus
807 3627 821 3680 i
831 3623 862 3683 Si
874 3625 911 3662 ¹²·

110 3737 243 3776 aerumnas
266 3729 291 3775 et
315 3713 534 3798 persequutiones
554 3713 682 3791 feramus,
700 3713 724 3773 si
744 3714 772 3773 in
789 3729 862 3775 arcta

111 3807 267 3867 incedamus
285 3808 340 3868 via.
360 3812 441 3866 Arcta
458 3806 530 3865 enim
546 3805 592 3866 via
607 3818 704 3864 natura
722 3826 771 3865 sua
786 3805 861 3866 labo

112 3900 182 3960 riosa
193 3915 247 3976 est,
266 3899 313 3960 sed
327 3899 449 3959 instituto
463 3897 610 3959 voluntatis
629 3897 716 3958 levior
728 3897 859 3974 efficitur,

112 4017 159 4076 spe
173 3996 335 4053 lntnroium.
349 3994 419 4052 Nam
438 3994 523 4071 Quod
535 3996 568 4050 in
579 3996 717 4072 presenti
729 4012 858 4052 monten-
869 4027 893 4058 a.
906 4011 958 4057 car.
973 4013 999 4070 q.

111 4101 230 4146 tansum
242 4100 283 4146 est
295 4100 322 4146 et
338 4087 400 4146 leue
415 4085 625 4157 tribulationis,
639 4105 729 4165 supra
741 4087 859 4146 modium
872 4088 908 4138 ¹7·
923 4072 960 4119 ¹⁸·

74 4181 92 4228 u
110 4183 142 4237 in
154 4180 333 4238 sublimitate
351 4169 499 4237 aeternum
510 4177 612 4257 glorius
630 4177 746 4256 pondus
759 4196 859 4257 opera·

110 4286 168 4344 tur,
185 4293 244 4330 non
258 4271 520 4350 contemplantibus
533 4271 614 4327 nobis
626 4288 692 4348 quae
705 4270 857 4343 uidentur,

109 4366 162 4423 sed
174 4386 239 4445 quoe
249 4385 308 4422 non
322 4364 471 4422 videntur.
485 4359 693 4420 Transieramus
702 4359 787 4440 igitur
795 4381 860 4421 ocu-

110 4457 150 4516 los
164 4456 198 4514 ad
212 4456 321 4529 celum,
338 4469 363 4514 et
373 4467 502 4536 perpetuo
510 4452 559 4511 illa
569 4451 766 4532 imaginemur,
777 4466 803 4512 et
818 4453 860 4513 in·

110 4548 263 4630 spiciamus.
274 4549 344 4608 Nam
357 4546 379 4605 si
391 4566 495 4627 semper
504 4541 597 4606 inillis
606 4565 761 4622 versemur,
775 4566 860 4626 neque

110 4642 204 4702 suavia
214 4642 297 4722 hujus
313 4641 376 4701 vitae
390 4660 438 4700 nos
452 4637 585 4715 allicient,
598 4658 685 4717 neque
697 4637 785 4698 tristia
802 4659 860 4698 mo·

111 4735 175 4793 leste
191 4734 305 4793 feremus
310 4757 318 4809 ;
333 4730 380 4791 sed
398 4745 423 4790 et
436 4731 493 4789 brec
509 4743 534 4789 et
549 4729 649 4790 similia
673 4728 859 4803 irridebimus,

112 4827 235 4904 nihilque
251 4847 297 4885 nos
313 4826 356 4885 vel
371 4825 398 4885 in
413 4823 569 4884 servitutem
587 4822 723 4904 redigere,
745 4824 788 4884 vel
812 4846 859 4883 ex-

113 4919 205 4977 tollere
227 4917 338 4998 poterit,
362 4916 383 4977 si
410 4914 489 4975 modo
515 4915 582 4975 illuc
602 4936 705 4996 semper
726 4914 859 4975 desiderio

100 5163 126 5201 et
141 5157 207 5204 αὐτόν
228 5148 363 5199 delendum
381 5165 441 5200 esse.
456 5149 556 5214 [Graece
575 5145 625 5197 dici
644 5161 716 5212 posse
735 5143 858 5211 vulgator,

102 5228 175 5280 hodic
188 5228 247 5280 satis
260 5226 382 5295 constat]
