3750 5940
235 403 304 476 550
568 430 598 478 s.
624 431 760 478 ioannis
786 429 969 479 canrsosr.
996 431 1013 478 i

232 552 292 612 dire
309 552 458 634 oportebat.
481 555 563 633 Atqui
587 575 639 614 non
663 554 779 633 longam,
799 556 845 613 sed
863 555 973 613 brevem

233 644 375 706 audierant
388 647 550 706 concionem.
558 650 638 712 Mens
649 646 720 706 enim
734 647 837 707 sincera
850 666 902 706 non
916 646 974 705 lon·

232 739 275 819 gis
286 761 356 822 opus
374 741 454 801 babet
475 742 652 802 sermonibus.
665 741 753 800 Tanta
766 756 805 801 est
818 743 862 801 vis
875 740 975 802 verita·

232 829 276 889 tis.
293 831 367 903 Quid
386 851 451 911 ergo
470 831 618 891 Pharisrei?
638 832 707 891 Cum
730 831 875 911 compungi
896 853 974 912 opor-

231 922 334 999 tuisset,
343 923 385 983 illi
396 939 488 984 contra
502 924 541 983 sic
551 924 673 984 incusant
689 945 742 997 eos,
756 925 806 982 dl.
823 925 976 1003 Numquid

231 1029 259 1073 et
268 1037 322 1075 vos
332 1019 445 1077 seducti
454 1022 541 1077 estis?
549 1018 645 1078 Adhuc
654 1016 840 1092 blandiuntur,
850 1037 897 1075 nec
903 1038 974 1097 aspe-

231 1108 267 1166 ris
279 1123 391 1172 utuntur
402 1111 503 1188 verbis,
515 1112 592 1172 veriti
605 1133 638 1170 ne
651 1110 760 1171 omnino
770 1131 798 1167 se
808 1109 973 1183 desererent,
992 1117 1010 1164 Ε

228 1198 276 1257 sed
296 1201 414 1260 sororem
434 1215 523 1262 tamen
539 1203 659 1262 indicant
677 1216 703 1260 et
719 1215 796 1259 cante
811 1202 968 1278 loquentiu.

164 1363 169 1370 ι
230 1293 299 1351 Cum
313 1295 472 1375 oportuisset
488 1297 652 1375 interrogare
664 1293 732 1373 quid
752 1291 876 1359 dixisset,
888 1307 913 1351 et
926 1292 971 1349 di·

229 1401 271 1446 cta
288 1390 346 1471 ejus
364 1389 503 1465 admirari,
514 1388 542 1448 id
560 1411 612 1448 non
629 1390 743 1462 iaciunt,
758 1387 835 1467 gnari
853 1408 881 1446 se
899 1386 972 1444 haud

230 1480 313 1541 dubie
322 1498 430 1564 captum
444 1483 491 1558 iri;
506 1483 553 1542 sed
571 1482 729 1541 stultissimo
741 1481 801 1539 illos
814 1494 973 1560 argumento

230 1574 370 1655 impetunt.
380 1577 428 1635 48.
442 1574 787 1655 Crtr,inquiunt,nemoex
793 1576 973 1654 principibus

139 1664 142 1671 ’
228 1670 352 1727 credidit
363 1673 396 1727 in
414 1676 501 1729 eum?
523 1668 606 1739 banc,
625 1687 724 1745 quaeso,
737 1666 876 1725 Christum
894 1686 971 1723 aecn-

227 1780 280 1833 sas,
296 1774 322 1819 et
340 1781 392 1821 non
407 1759 576 1820 incredulos?
586 1760 634 1818 to.
649 1759 706 1819 Sed
720 1761 815 1830 turba,
832 1778 897 1839 quoe
910 1778 971 1815 non

228 1857 309 1912 novit
328 1856 430 1935 legem,
445 1855 595 1914 maledicti
610 1865 688 1914 sunt.
703 1851 774 1910 Hinc
789 1849 876 1929 magis
893 1871 1012 1931 arcu-m

226 1946 302 2006 sandi
323 1947 395 2022 estis,
418 1946 491 2028 quod
518 1947 596 2006 turba
622 1945 747 2005 credente
769 1965 818 2003 ros
837 1941 1008 2002 incredulis

226 2037 385 2098 manseritis.
400 2039 547 2120 Populares
564 2037 636 2098 enim
648 2052 678 2096 ut
688 2038 775 2116 legem
784 2048 971 2116 cognoscentes

225 2130 341 2209 agebant
356 2157 361 2188 ·.
375 2131 510 2209 quomodo
526 2152 589 2210 ergo
604 2129 739 2188 maledicti
759 2129 840 2188 sunt?
851 2129 909 2188 Vos
923 2124 970 2204 qni

226 2220 311 2298 legem
331 2245 384 2281 non
404 2221 526 2295 servatis,
538 2220 672 2280 maledicti
693 2219 770 2293 estis;
782 2240 834 2277 non
859 2217 899 2275 illi
923 2216 971 2295 qni

225 2310 279 2391 legi
294 2313 488 2392 obsequuntur.
503 2314 564 2372 Non
578 2312 718 2393 oportebat
731 2311 803 2370 enim
816 2332 833 2368 a
847 2331 899 2368 non
910 2330 968 2368 cre·

226 2402 352 2464 dentibus
372 2405 510 2466 criminari
523 2426 594 2480 eum,
606 2404 648 2464 cui
669 2425 721 2462 non
732 2402 969 2462 credebatur.Non

226 2496 384 2577 probandus
395 2497 441 2557 hic
454 2497 552 2557 modus
567 2509 614 2556 est.
628 2498 697 2556 Nam
712 2508 738 2554 et
751 2514 800 2553 vos
813 2513 867 2552 non
880 2491 969 2552 credi-

77 2593 141 2636 Rem·
156 2589 179 2638 3·
192 2593 216 2640 3·
227 2587 307 2648 distis
314 2591 381 2668 Deo,
395 2603 425 2649 ut
438 2589 541 2649 Paulus
554 2588 608 2648 ait:
623 2590 784 2667 Quidenim
798 2589 825 2646 si
836 2607 895 2645 non
907 2605 970 2644 cre-

227 2683 364 2741 diderunt
389 2685 531 2765 qnidam?
549 2683 702 2763 Nnnrqnid
716 2680 906 2740 incredulitas
924 2699 969 2737 eo·

227 2796 291 2834 rum
312 2777 405 2856 fidem
426 2777 485 2836 Dei
510 2774 796 2836 evacuabitidbsit.
811 2775 881 2833 Nam
907 2792 970 2852 pro-

227 2865 315 2948 phetae
328 2887 435 2947 quoque
454 2868 528 2950 ipsos
541 2887 646 2948 semper
664 2864 826 2925 accusabant
843 2863 970 2937 dieentes,

78 2963 134 3005 lwt-
147 2974 166 3006 ¹·
180 2975 215 3008 ¹0·
228 2959 342 3018 Audite
361 2964 507 3042 principes
531 2960 733 3027 Sodomorum
749 2970 793 3029 et,
821 2959 971 3036 Principes
986 2956 1005 3003 Β

76 3024 215 3133 {⁸133AE
229 3057 274 3113 tui
295 3074 355 3113 non
376 3057 588 3135 obtemperant;
601 3075 632 3112 ac
654 3072 774 3124 rursum,
789 3051 903 3109 Annon
923 3072 971 3108 ve·

227 3159 320 3206 strum
331 3160 374 3206 est
394 3168 478 3207 nosse
484 3148 649 3228 jueiicium?
665 3144 701 3204 Et
715 3144 815 3222 ubique
829 3145 971 3202 vehemen-

228 3239 283 3298 tius
308 3238 368 3297 illos
393 3239 534 3298 incessunt.
549 3237 625 3310 Quid
644 3238 747 3317 igitur?
767 3239 889 3295 Deumne
910 3258 971 3315 pro·

228 3344 316 3410 pterea
337 3329 472 3410 quispiam
488 3330 642 3390 accusabit?
659 3333 765 3410 Apage3
785 3328 895 3387 illorum
921 3328 972 3386 boc

227 3421 328 3480 crimen
341 3437 388 3480 cst.
405 3423 529 3492 Quonam
543 3437 632 3481 autem
646 3422 700 3481 alio
713 3421 862 3501 signo'qnis
873 3421 969 3500 depre-

227 3512 343 3571 hendere
361 3515 445 3594 possit
461 3535 511 3572 vos
531 3535 584 3572 non
602 3533 758 3592 cognoscere
777 3513 874 3592 legem,
891 3534 970 3589 (piram

228 3605 302 3682 quod
323 3626 376 3664 non
397 3606 611 3666 credatisiCum
629 3620 719 3664 antem
741 3604 871 3664 dixissent
887 3606 970 3663 nemi-

227 3717 289 3755 nem
309 3699 464 3779 principum
478 3699 623 3758 credidisse
634 3698 662 3757 in
673 3719 744 3773 eum,
754 3700 801 3758 scd
813 3721 857 3756 eos
869 3699 914 3776 qni
934 3699 972 3754 le-

227 3809 288 3869 gem
306 3790 483 3870 ignorabant,
502 3792 598 3850 merito
620 3791 680 3849 illos
700 3793 789 3873 arguit
810 3791 972 3850 Nicodemns

227 3880 271 3940 bis
283 3883 390 3943 verbis:
403 3883 451 3942 51.
464 3885 618 3965 Νιιιιιᾳιιὶά
628 3884 677 3941 lex
688 3897 789 3943 nostra
794 3886 911 3965 judicat
922 3885 969 3940 lto

228 3977 346 4047 minem,
363 3980 421 4035 nisi
441 3979 566 4035 audierit
588 3979 625 4034 ab
644 3980 705 4056 ipso
724 3981 824 4056 prius?
848 3976 972 4034 Ostendit

226 4086 270 4124 eos
280 4088 328 4125 nec
343 4088 427 4143 nosse,
440 4089 488 4126 nec
502 4090 607 4128 serrare
624 4069 721 4147 legem.
738 4071 807 4127 Nam
822 4068 846 4126 si
860 4067 902 4125 lex
920 4090 968 4125 re-

226 4171 264 4218 tat
281 4182 443 4239 quemquam
462 4159 587 4233 interfici,
599 4159 651 4218 nisi
669 4159 745 4239 prius
763 4159 902 4230 audiatnr;
918 4159 969 4239 ipsi
986 4161 1004 4207 t:

226 4273 290 4311 vero
310 4269 451 4334 antequam
466 4252 601 4328 audirent,
618 4251 647 4310 id
662 4252 841 4310 moliebantur
856 4276 862 4308 :
880 4265 967 4309 truns-

225 4361 357 4420 gressores
374 4360 436 4404 sunt
458 4345 533 4425 legis.
553 4343 589 4401 Et
607 4344 669 4421 quia
688 4343 813 4402 dicebant
836 4344 967 4402 nerninem

224 4435 379 4518 principum
392 4438 538 4497 credidisse
557 4438 584 4495 in
602 4459 673 4511 eum,
687 4438 746 4495 ideo
765 4438 866 4497 indicat
885 4459 965 4495 eran·

224 4524 318 4605 gelista
334 4528 423 4609 ipsum
442 4550 476 4587 ex
492 4550 585 4587 eorum
604 4550 714 4587 numero
725 4551 790 4603 esse,
807 4543 835 4588 ut
847 4533 967 4589 ostendat

222 4619 304 4677 etiam
317 4620 486 4702 principesin
497 4643 560 4678 eum
571 4621 723 4681 credidisse.
735 4624 862 4682 Nondum
878 4638 964 4682 tamen

222 4705 252 4765 id
260 4707 360 4787 palam,
373 4722 402 4766 ut
415 4708 558 4782 decuisset,
575 4709 753 4769 exhibuerant
766 4735 771 4766 :
785 4726 912 4790 erantque
923 4714 964 4772 ni-

221 4799 368 4859 bilominus
380 4801 487 4859 Christo
497 4800 609 4859 addicti.
619 4801 691 4860 t'idc
699 4817 788 4861 antem
798 4826 878 4881 quam
886 4827 964 4884 parce

219 4891 320 4972 arguit.
337 4892 398 4952 Non
415 4891 482 4951 dicit
502 4891 583 4968 enirn,
599 4895 656 4951 Vos
675 4907 763 4952 autem
781 4895 864 4954 sultis
883 4896 962 4954 illum

217 4993 348 5070 occidere,
357 5008 383 5055 et
402 5008 500 5054 temere
513 4992 694 5054 condemnatis
713 4995 849 5057 hominem
870 5012 898 5056 ut
920 5020 960 5056 se-

247 5179 259 5205 *
278 5179 357 5246 [ἡμῶν
367 5173 443 5228 Savil.
459 5177 483 5226 in
497 5185 575 5239 textu,
591 5174 652 5224 bibl.
663 5187 687 5225 et
696 5175 779 5227 Codd.
790 5181 878 5231 nostri.
894 5181 970 5247 Lege·

213 5256 375 5322 betoricae]
