3750 5940
324 393 358 440 ru
384 392 651 467 auttannsoua
677 393 880 463 uuounurrt,
907 398 985 446 nro.
1371 378 1442 466 823

51 540 84 576 ιω
112 514 165 597 γάρ
189 514 234 576 διὸ
256 520 305 589 τῆς
327 525 413 598 χαρᾶς
433 521 480 577 τοῦ
498 515 642 596 προσώπου
696 515 791 578 laetitia
804 518 982 581 enimrnltus
994 520 1053 603 ejus
1071 533 1183 581 noverat
1197 521 1272 582 illam
1287 542 1340 583 uon
1358 521 1441 584 dnbi-

69 597 119 655 οθιι
142 594 299 664 ἐνθνάζουσα
329 596 390 674 περί
420 594 468 668 τὴν
499 595 642 656 ἀνάστασιν
694 608 796 657 tantem
810 596 1209 661 demumeetioneSerratoris
1223 602 1373 663 venissead
1384 624 1442 663 mo-

52 700 64 742 ς
82 674 191 747 ἐλήλυθε
205 681 249 734 νῦν
264 676 308 735 ἐπί
324 677 355 736 τὸ
366 685 509 753 μνημεῖον,
529 675 598 735 ἀλλὰ
613 676 644 736 τὸ
696 691 863 752 numentum,
878 679 925 738 sed
938 679 972 739 de
989 703 1018 739 re
1035 694 1108 760 gesta
1121 679 1237 759 gaudere
1253 696 1279 741 et
1295 683 1440 742 exsultare.

51 757 177 833 γαλλιῶσα
195 755 240 815 καί
260 754 400 836 χαίρουσα.
417 755 498 816 Ὅθεν
516 758 545 814 οὐ
555 754 643 833 μόνον,
696 754 778 815 Unde
788 777 840 816 non
850 756 939 818 solum
949 780 1002 818 non
1013 759 1170 840 increpavit,
1182 759 1293 836 utdixi,
1305 761 1441 821 sedetiam

51 859 74 893 ιιι
85 834 259 913 ἐπετίμησεν,
274 835 343 894 ἄλλα
355 835 401 893 καὶ
411 833 574 906 ἀνεκτήσατο
593 837 643 894 αὖ·
695 835 821 895 tttimore
834 838 966 898 recreavit
976 839 1045 914 illas,
1056 838 1286 918 quemadmodum
1299 855 1325 899 et
1355 842 1441 901 rimus
1538 862 1541 872 ·

51 913 150 994 ρόόου,
171 912 291 1016 καθάπερ
302 916 348 974 καί
363 920 378 974 θ
394 918 498 993 πρῶτος
509 912 616 993 ἄγγελος
629 918 644 973 θ
695 914 807 994 augelus
815 916 889 997 apud
901 919 1070 977 blattbaeum.
1082 918 1159 992 Quid
1170 919 1243 979 dixit
1253 919 1267 979 l
1277 863 1377 979 Nodle
1391 944 1441 980 ex·
1453 944 1512 988 μιν,
1532 958 1554 987 v.
1567 943 1591 991 6,

51 993 151 1072 ιτθαίῳ.
170 992 207 1052 Τί
218 997 316 1068 claun
332 993 378 1066 Μὴ
390 992 570 1073 ἐκθαμάιῑσθε.
584 993 643 1064 Ἰη-
694 1015 859 1073 pavescere.
875 998 978 1056 desum
995 1002 1127 1079 quaeritis
1139 1001 1329 1059 Nazarenum
1347 1005 1441 1060 cruci-
1451 1019 1474 1064 7·

58 1074 100 1133 τὸν
111 1076 188 1141 Nalot
217 1074 330 1149 ,νθν,τθν
344 1072 643 1155 ἐσταυρωμένονήγέρ
687 1072 787 1154 fuum
805 1099 813 1133 ι
829 1081 966 1149 surrexit,
985 1099 1044 1135 non
1065 1090 1108 1136 est
1126 1080 1175 1136 laio
1192 1100 1276 1138 :ecee
1291 1081 1371 1140 loeus
1391 1085 1442 1140 uti

51 1179 76 1212 ιν
95 1145 162 1212 ὦδε·
181 1098 351 1226 tilam
365 1152 429 1212 ὅπου
443 1151 539 1226 ἔθηκαν
555 1152 642 1211 αὐτόν.
694 1167 852 1232 posuerunt
868 1177 943 1215 eunt.
957 1157 1014 1216 Sed
1028 1161 1078 1229 ite,
1101 1159 1190 1216 dieite
1205 1161 1357 1239 discipulis
1378 1164 1441 1241 ejus

51 1257 93 1307 τε,
117 1233 209 1293 εἴπατε
229 1243 282 1301 τοῖς
301 1238 430 1311 μαθηταῖς
449 1236 527 1292 αὐτοῦ
547 1232 592 1290 καί
604 1236 643 1312 τῷ
696 1245 725 1290 et
739 1236 839 1306 Petra,
855 1240 927 1316 quia
938 1239 1076 1315 praecedit
1087 1258 1141 1296 ‘uos
1155 1241 1187 1295 in
1204 1238 1361 1299 Galiloeam
1380 1244 1444 1298 :tbi

51 1312 145 1415 προάγει
155 1317 224 1391 ὑμᾶς
238 1316 275 1381 εἰς
288 1312 337 1385 τὴν
351 1312 505 1383 Γαλιλαίαν,
525 1314 579 1371 ἐκεῖ
592 1315 643 1370 αιἰ-
697 1332 763 1371 eum
778 1317 927 1386 videbitc's,
941 1320 1017 1375 sicut
1036 1318 1113 1375 dixit
1124 1320 1217 1375 uobis.
1238 1318 1310 1376 Rene
1331 1317 1443 1378 additur

57 1398 144 1460 καθως
173 1383 245 1452 εἶπεν
255 1399 326 1470 ὑμῖν.
338 1393 434 1457 Καλῶς
450 1390 477 1451 δὲ
489 1388 644 1470 πρόσκειται
696 1390 752 1470 bic,
768 1395 809 1451 Et
830 1396 928 1453 Petro.
944 1395 1003 1455 Nisi
1025 1396 1097 1455 enim
1113 1395 1211 1454 diserte
1225 1395 1329 1457 dictum
1348 1398 1443 1457 fuisset

51 1472 70 1530 ιὶ
83 1477 121 1553 τῷ
135 1473 240 1555 Πέτρῳ.
262 1474 296 1531 Εἰ
310 1474 347 1551 μὴ
361 1470 396 1552 γά
427 1475 511 1550 ῥητῶς
523 1469 643 1542 ἐδηλώθη
661 1487 679 1534 c
697 1484 728 1530 ut
748 1493 811 1531 cum
828 1472 890 1532 aliis
910 1473 1054 1564 discipulis
1068 1476 1155 1533 abiret
1170 1476 1197 1534 in
1219 1476 1371 1548 Galilaeam,
1388 1499 1442 1536 non

51 1561 78 1610 ιῐν
89 1554 126 1620 εἰς
135 1551 182 1626 aba
194 1553 339 1612 Γαλιλαίαν
349 1496 416 1628 perd
425 1555 477 1610 τῶν
489 1551 576 1609 ἄλλων
589 1574 644 1628 μα·
696 1563 764 1630 puto
774 1550 941 1613 crediturum
955 1555 1037 1614 fursm
1056 1555 1203 1613 Dominum
1218 1555 1271 1614 sibi
1285 1556 1442 1616 reconcilia-

51 1631 81 1689 ἂν
97 1623 173 1711 οἶμαι
188 1631 356 1704 ἐπίστευσεν,
373 1628 414 1690 ὅτι
430 1627 559 1708 διηλλάγη
572 1633 644 1712 αὐτῷ
696 1641 756 1689 tum
769 1651 824 1690 esse
845 1631 916 1692 circa
930 1634 1106 1712 negationem.
1121 1633 1249 1694 Mulieres
1269 1656 1332 1715 ergo
1349 1638 1441 1696 statim

51 1711 65 1768 ιὶ
74 1717 121 1783 τῆς
133 1713 275 1810 άρνήσεως.
287 1710 457 1780 Ἐξελθοθσαι
476 1701 519 1770 οὖν
534 1706 602 1790 ταχίι
615 1716 643 1771 αί
696 1710 857 1783 Errantes,
864 1714 1012 1793 sugerunt
1033 1715 1069 1772 de
1091 1729 1278 1774 monumento
1298 1719 1440 1776 :invase-

51 1815 93 1869 γον
104 1796 156 1852 ἀπο
164 1800 210 1852 τοῦ
221 1790 359 1870 μνημείου.
373 1781 441 1931 θίγε
451 1789 479 1850 δὲ
491 1790 572 1856 αιίτθς
581 1790 644 1870 τρά-
695 1802 744 1848 rat
758 1794 837 1849 enim
849 1813 900 1851 ear
911 1806 1019 1852 tremor
1029 1806 1058 1851 et
1068 1815 1171 1874 pavor,
1181 1808 1210 1854 et
1227 1799 1337 1854 nemini
1351 1798 1438 1877 quid·

51 1895 121 1937 τασις
132 1918 140 1945 ,
153 1873 199 1931 καί
215 1870 299 1931 οὐδενὶ
314 1868 387 1930 οὖθίν
401 1892 488 1930 επον·
504 1869 643 1951 ἔφοὸοῦντο

51 1953 171 2010 άντεῦθεν
186 1955 217 2010 la
231 1959 277 2010 τοῦ
294 1949 376 2030 μηδὲν
393 1948 475 2015 αὐτάς
496 1950 588 2026 μηδενί
604 1953 643 2010 εί-

51 2053 107 2100 ται,
125 2029 166 2090 ὅτι
189 2029 276 2111 ἕτεραί
300 2035 365 2090 τίσιν
384 2034 410 2090 ei
428 2037 548 2108 γυναῖκες
563 2019 641 2089 αὗται

51 2107 132 2191 ρώτας
153 2110 235 2191 χωρίς
254 2115 301 2183 τῆς
320 2111 516 2189 Μαγδαληνῆς,
537 2108 583 2168 καὶ
600 2106 642 2168 ὅτι

51 2213 55 2255 ς
67 2188 135 2264 αὕτη
147 2196 194 2263 τῆς
204 2193 241 2258 εἷς
251 2191 281 2249 τὸ
294 2200 421 2268 μνημεῖον
432 2187 558 2255 ἐλεύσεως
567 2188 641 2271 παρὰ

51 2268 128 2347 μένας
146 2280 227 2352 τρεῖς·
249 2270 295 2329 καί
318 2273 366 2349 σι’νγ
382 2269 418 2339 ὥς
437 2293 516 2350 φασιν
530 2272 554 2327 οἱ
568 2268 640 2329 ἄθεοι

51 2395 56 2420 ,
70 2348 205 2427 γενόμενοι
216 2348 337 2430 τύραννοι
350 2350 396 2410 καί
410 2347 575 2428 παραὸάται,
591 2347 640 2426 μία

51 2430 80 2496 ξις
95 2433 148 2488 τῶν
167 2434 297 2509 γυναικῶν
316 2428 360 2488 ἐπί
378 2432 409 2490 rb
428 2435 571 2508 μνημεῖον,
593 2429 639 2488 καί

51 2506 119 2591 aplos
130 2511 154 2568 οἱ
169 2507 352 2589 εὐαγγελισταί
362 2508 534 2590 διεφάνησαν.
550 2509 638 2578 Δῆλον

68 2592 162 2647 ἐκτῶν
177 2592 294 2668 καιρῶν,
310 2588 356 2647 καί
371 2593 400 2649 la
415 2592 467 2646 τῶν
478 2585 637 2668 προσώπων,

51 2666 133 2745 ράπων
144 2674 192 2740 τῆς
203 2669 267 2750 πρὸς
280 2668 339 2735 τοὺς
348 2666 468 2745 μαθητάς
478 2665 637 2745 ἐπαγγελίας

51 2750 86 2815 ὥς
97 2747 214 2829 διάφοροι
229 2748 273 2806 καὶ
284 2749 311 2807 ei
322 2757 457 2827 γυναῖκες,
478 2745 561 2805 καλαί
572 2747 637 2828 πρὸς

695 1889 786 1948 quam
804 1871 943 1932 diamant
964 1896 973 1928 .·
997 1875 1141 1931 timebant
1161 1879 1247 1932 eram.
1263 1874 1333 1934 Hinc
1353 1891 1437 1954 certo,

694 1947 768 2026 quod
787 1950 888 2009 nemini
908 1951 1059 2030 quidquam
1082 1952 1216 2026 dixerint,
1237 1954 1369 2035 probatur
1389 1955 1440 2015 bas

695 2027 821 2088 mulieres
844 2029 965 2090 diversas
987 2053 1069 2091 essea
1081 2033 1228 2113 prioribus,
1250 2055 1302 2092 una
1326 2049 1439 2116 excepta

695 2107 866 2188 Magdalena;
875 2123 901 2169 et
913 2109 982 2170 banc
991 2109 1027 2170 ad
1036 2125 1238 2172 monumentum
1248 2114 1440 2193 prosectionem

693 2185 775 2246 aliam
796 2209 853 2248 esse
872 2210 889 2248 a
908 2191 995 2249 tribus
1014 2189 1151 2273 praedictis
1169 2216 1175 2248 ι
1192 2213 1278 2271 neque
1296 2207 1324 2252 ut
1343 2193 1440 2254 dicunt

693 2265 781 2348 impii,
802 2288 835 2327 ae
850 2269 944 2329 multis
964 2270 1017 2330 diis
1032 2271 1185 2346 servientes,
1199 2273 1308 2352 tyranni
1327 2287 1353 2332 et
1370 2296 1439 2355 prae·

692 2346 866 2424 varicatores,
890 2370 943 2408 una
966 2349 1022 2409 sola
1046 2350 1098 2408 suit
1116 2351 1262 2410 mulierum
1283 2351 1318 2410 ad
1343 2373 1438 2411 monu-

692 2439 812 2485 mentum
820 2428 968 2566 ¹profectio,
987 2450 1072 2508 neque
1087 2429 1115 2488 in
1134 2430 1185 2489 hae
1207 2430 1320 2490 historia
1352 2454 1436 2492 evan·

692 2505 792 2584 gelista
806 2506 827 2565 s'
849 2507 859 2567 i
872 2521 966 2569 mutuo
979 2508 1150 2568 dissentiunt.
1168 2510 1261 2570 Palam
1276 2511 1348 2570 euim
1361 2525 1401 2570 est
1414 2526 1440 2572 et

690 2606 725 2643 ex
739 2598 793 2644 tem
830 2586 907 2647 ribus
923 2602 950 2647 et
966 2609 1001 2648 ex
1015 2589 1148 2679 personis,
1169 2603 1196 2648 et
1212 2610 1247 2649 ex
1261 2591 1349 2650 modo
1363 2592 1440 2651 factae

688 2608 832 2746 discipulis
849 2668 1046 2746 promissionis,
1063 2667 1180 2747 itemque
1201 2691 1236 2727 cx
1256 2669 1371 2744 silentio,
1391 2670 1439 2730 di·

690 2765 780 2804 versas
793 2745 875 2804 luisse
884 2760 910 2805 et
923 2747 1057 2823 mulieres,
1068 2761 1094 2805 et
1106 2748 1282 2827 profectiones
1294 2750 1326 2808 ad
1342 2771 1439 2809 monu-

71 2827 178 2908 άρίξεις.
206 2826 287 2886 Ὅθεν
302 2827 440 2887 συνελόντα
454 2824 549 2906 φάναι,
563 2825 636 2908 παρὰ
654 2843 672 2889 1)
689 2838 819 2883 mentum.
832 2825 1023 2901 Quamobrem,
1033 2827 1231 2907 uteornpendio
1248 2827 1349 2904 dicam,
1365 2829 1440 2910 apud

51 2906 209 2990 Ματθαίιρὴ
226 2907 409 2985 Μαγδαληνὴ,
432 2905 504 2979 καίὴ
519 2912 564 2964 τοῦ
578 2903 636 2964 Ἰα-

51 2987 103 3057 ίνη,
116 2986 174 3058 ἥτις
184 2978 216 3059 ἦν
231 2992 247 3058 ἡ
264 2985 409 3060 Θεοτόκος,
419 2978 498 3058 ἦλθον
511 2983 588 3064 μόναι
600 2987 637 3052 τίς

82 3067 122 3134 ίας
129 3066 280 3140 suffiscus,
289 3063 488 3148 ἐπιροισκοιίσης
498 3069 635 3144 κυριακῆς,

51 3146 92 3205 tob
103 3149 155 3205 τῶν
167 3146 318 3220 σαὸθάτων,
329 3149 365 3214 ὡς
376 3146 484 3223 εἴπομεν
495 3168 502 3182 ·
523 3143 597 3224 παρὰ
608 3144 636 3204 ll

51 3226 113 3286 άλιν
134 3231 151 3298 ἡ
168 3224 334 3304 Μαγδαληνὴ
351 3224 445 3305 Μαρία
467 3224 513 3284 καί
526 3223 637 3283 Ἰωάννα

51 3303 156 3366 seuseu
172 3305 218 3364 καὶ
230 3307 309 3365 άλλαι
320 3304 399 3372 τινάς.
423 3303 530 3378 Ταύτην
545 3302 574 3362 δὲ
588 3304 636 3376 ela

53 3386 120 3466 ρίαν,
132 3387 161 3445 οὗ
176 3384 246 3464 λέγω
259 3377 383 3455 εἶναιτὴν
394 3383 542 3455 θεοτόιιον,
556 3382 638 3443 εἶκαὶ

51 3465 137 3544 ,τθαὶῳ
151 3463 231 3533 οὕτως
247 3464 426 3547 ἐχρημάτισεν
446 3466 485 3562 (ρύ
499 3461 560 3600 γάρ,
575 3463 636 3522 λίαν

51 3556 105 3604 rdet
116 3545 302 3622 τετιμημένης,
311 3544 403 3623 τρίτην
417 3565 516 3615 ταυτην
544 3566 636 3602 ταττεν

51 3651 67 3684 α
104 3623 225 3696 ελιστὴς.
248 3622 318 3704 λέγω
338 3623 371 3695 δὴ
386 3621 453 3702 μετὰ
467 3620 574 3703 Μαρίαν
589 3621 636 3695 ebs

67 3649 177 3782 λγμετίι
196 3702 321 3763 Ἰωάνναν
345 3704 427 3777 τινά)·
452 3705 509 3762 ἀλλ’
525 3700 542 3773 ἢ
557 3702 637 3761 ἄλλον

51 3808 77 3844 τυ
92 3775 125 3855 ἧν
146 3783 222 3857 αὕτη,
238 3782 256 3854 ἢ
277 3782 405 3843 Ἰακώὸου
420 3787 465 3839 τοῦ
482 3787 577 3919 ptappb
591 3781 637 3842 καὶ

51 3863 197 3961 ζὲτύγγανε
221 3862 323 3944 μήτηρ·
344 3861 413 3921 οὕτω
428 3861 514 3968 γάρὸ
560 3861 637 3943 άρκος

690 2903 849 2963 Mattbaum
861 2904 1032 2984 blagdalena,
1047 2919 1073 2965 et
1095 2926 1201 2984 eaquae
1220 2905 1323 2967 dicitur
1342 2909 1439 2971 Jacobi

690 2996 785 3061 mater,
801 3005 860 3062 quae
873 2997 913 3043 est
926 2986 976 3043 Dei
986 3006 1054 3062 rara,
1070 3000 1201 3044 venerunt
1214 2986 1276 3045 solae
1288 2986 1324 3045 ad
1341 3010 1437 3047 monu-

690 3076 809 3122 mentum
826 3085 935 3145 respere
996 3065 1133 3140 batorum,
1150 3065 1323 3127 illucescente
1341 3067 1438 3127 Domi·

690 3142 758 3219 nica,
773 3142 801 3201 id
818 3157 867 3217 est,
881 3143 956 3203 tarde
971 3144 998 3202 in
1011 3143 1139 3219 sabbatis,
1155 3158 1184 3202 ut
1202 3144 1325 3206 diximus
1341 3171 1347 3204 ι
1362 3147 1438 3229 apud

691 3224 791 3281 Lucam
812 3243 874 3282 vero
887 3245 994 3283 rursum
1013 3223 1101 3283 Maria
1115 3224 1278 3303 Magdalena
1295 3240 1321 3284 et
1334 3229 1438 3288 Joauna

690 3316 716 3360 et
734 3303 823 3361 Maria
840 3302 935 3364 Jacobi
955 3317 981 3361 et
1001 3303 1061 3361 aliae
1080 3303 1214 3381 quaedam.
1231 3304 1307 3364 Hanc
1318 3307 1435 3366 Mariam

689 3381 785 3442 Jacobi
799 3403 852 3441 non
864 3381 927 3443 dico
936 3403 994 3442 csse
1006 3383 1163 3464 Deiparam;
1176 3384 1281 3443 etiamsi
1295 3384 1353 3444 baec
1364 3385 1439 3467 apud

691 3461 851 3521 Matthaeum
873 3461 913 3521 ita
933 3476 1028 3522 vocata
1042 3470 1077 3522 sit
1096 3486 1102 3519 ι
1119 3464 1268 3525 cumcuim
1283 3464 1438 3525 illaadmo-

690 3538 758 3599 dum
771 3542 846 3623 apud
859 3563 951 3601 omnes
964 3542 1152 3616 honoraretur,
1168 3565 1221 3604 non
1235 3543 1310 3603 illam
1325 3545 1371 3603 hic
1383 3559 1439 3605 tcr·

691 3619 756 3679 tiam
771 3621 931 3681 nominasset
948 3622 1121 3702 evangelista,
1136 3638 1196 3704 post
1212 3624 1330 3682 llariam
1344 3646 1439 3706 nempe

691 3701 892 3780 Magdalenam,
915 3716 941 3761 et
955 3704 1086 3763 Joannam
1104 3703 1269 3783 quampiam3
1282 3703 1328 3762 sed
1341 3704 1385 3764 rel
1399 3706 1439 3764 al-

692 3780 774 3838 terius
794 3781 888 3842 Jacobi
908 3796 965 3840 crat
983 3796 1082 3856 mater,
1105 3781 1147 3842 vel
1167 3782 1261 3842 lacobi
1280 3782 1392 3842 minoris
1411 3799 1438 3844 et

690 3860 760 3920 Josau
774 3884 780 3917 ι
795 3859 832 3919 ita
845 3859 918 3919 enim
931 3860 1008 3919 illam
1021 3864 1129 3920 Marcus
1142 3860 1310 3919 memoravit.
1328 3861 1440 3939 llae'igi·

51 3947 79 4014 ἧς
93 3946 294 4020 ἐμνημονευσεν.
317 3933 402 4000 Abrae
414 3965 457 4003 ουν
469 3944 497 3999 αἱ
512 3940 585 4078 παρὰ
599 3944 636 4020 τῷ
655 3962 673 4009 ι]
691 3951 736 3997 tur
746 3960 805 4017 qua
819 3938 892 4019 apud
907 3938 1011 3998 Lucam
1023 3941 1144 3999 feruntur
1170 3939 1304 4013 mulieres,
1325 3962 1377 3999 non
1393 3963 1438 4000 re·

51 4046 94 4088 κες
108 4025 156 4081 οὐκ
171 4022 210 4081 ἔτι
225 4022 272 4103 ὀψὲ
290 4021 446 4096 cudbrictus,
461 4019 529 4080 ἀλλὰ
560 4025 636 4101 ρθρου

51 4128 70 4162 ιν
89 4105 125 4167 εἷς
143 4103 172 4160 τὸ
187 4110 332 4180 μνημεῖον·
347 4101 421 4181 παρά
432 4101 459 4162 δὲ
474 4103 512 4180 τῷ
525 4100 636 4180 Ἰωάννῃ

51 4181 141 4253 ίαληνὴ
152 4181 350 4281 ἀναγέγραπται
364 4187 535 4260 πορευθεῖσα,
551 4179 635 4240 οὐκέτι

51 4286 86 4336 ιν,
106 4263 164 4319 ἀλλ’
177 4259 236 4320 οὐσὲ
247 4262 340 4363 ὄρθρου
356 4261 457 4338 βαθέος,
475 4257 544 4318 atla
557 4257 637 4332 πότε,

51 4341 152 4409 σκοτίας
166 4338 245 4411 οὔσης
257 4364 312 4400 ετι·
326 4339 394 4405 τινὲς
408 4341 460 4422 γάρ
475 4337 556 4404 οὕτως
572 4339 638 4399 αὐτὸ

51 4421 72 4480 τί
92 4419 137 4481 σίιν
157 4424 222 4491 αιἰτῆ
242 4445 279 4480 πα
299 4424 410 4499 αχρῆμα
433 4419 513 4479 πάλιν
527 4421 550 4477 ol
566 4418 637 4479 άπά-

51 4501 120 4568 ςκαί
132 4486 266 4573 Ἰωάννης,
277 4445 362 4578 ἕτετῇ
375 4498 440 4558 οίκεί
469 4497 580 4559 ἀπιστία
591 4498 636 4557 καί

51 4580 177 4641 medaeas
210 4583 415 4650 συναπιστῆσαι.
441 4526 525 4658 ίλαρίι
550 4579 564 4635 δ
598 4580 636 4658 τῷ

51 4686 64 4718 ν
79 4664 97 4732 ἡ
109 4660 275 4738 Μαγδαληνὴ
291 4658 457 4738 ἡτέτραθλος
471 4657 516 4718 καὶ
529 4655 636 4736 ἀνδρεία

51 4737 104 4820 :ple
119 4745 136 4812 ἡ
152 4745 197 4799 τοῦ
213 4739 342 4799 Ἰαιιώάου
353 4745 398 4798 τοῦ
410 4745 505 4818 μικροῦ
518 4737 562 4795 καί
576 4737 636 4794 Ἰω-

51 4844 102 4902 rap.
125 4818 291 4898 Σημείωσαι,
307 4817 438 4896 ἀγαττητί,
448 4823 493 4877 τοῦ
505 4815 635 4876 ’ίακάιάου

51 4902 76 4958 Η
91 4899 142 4979 γάρ
166 4897 296 4966 Θεοτόιιος
312 4904 358 4957 τοῦ
379 4896 494 4975 μεγάλου
506 4895 635 4956 Ἰαιιιίιὸου

51 4980 143 5061 stirap,
156 4979 237 5058 ἤγουν
250 4976 375 5060 μητρυιά.
398 4967 452 5036 ’Ἦν
468 4975 495 5036 δὲ
511 4974 569 5053 μετ’
584 4978 634 5034 αὖ·

691 4039 766 4098 spere
780 4017 962 4094 sabbatorum,
971 4016 1017 4077 sed
1028 4017 1107 4077 valde
1120 4018 1243 4078 diluculo
1258 4019 1439 4081 veneruntad

691 4110 903 4156 monumentum.
924 4102 946 4154 Α
967 4097 1004 4157 ud
1023 4099 1153 4158 Joanuem
1172 4119 1237 4157 vero
1251 4098 1308 4157 sola
1322 4099 1438 4177 Magda-

691 4176 750 4236 lena
764 4177 881 4257 prosecta
895 4120 1023 4237 scribitur
1031 4201 1040 4253 ;
1061 4199 1113 4236 non
1131 4176 1201 4237 ultra
1215 4199 1324 4258 vespere
1338 4179 1437 4237 sabba·

691 4269 791 4333 torum,
803 4279 851 4316 nec
860 4255 939 4315 valde
947 4255 1078 4330 diluculo,
1088 4256 1133 4315 sed
1142 4257 1336 4336 quandonam?
1348 4260 1437 4332 blanc,

691 4335 739 4395 sed
757 4357 818 4395 eum
833 4335 923 4395 adlruc
941 4336 1055 4395 tenebrae
1070 4349 1158 4395 essent
1176 4336 1307 4415 :quidam
1323 4336 1394 4396 enim
1409 4336 1439 4397 id

691 4415 729 4475 ita
744 4415 944 4475 intellexerunt.
960 4416 1071 4475 Etcum
1091 4415 1138 4475 illa
1158 4417 1248 4475 statim
1270 4430 1361 4496 postca
1372 4439 1438 4497 apo·

690 4494 751 4554 stoli
766 4495 863 4554 Petrus
885 4509 911 4556 ct
933 4497 1058 4572 loannes,
1074 4517 1135 4554 cum
1155 4518 1202 4576 pct·
1222 4495 1437 4556 incredulitatem

690 4596 767 4635 suam
790 4574 817 4633 id
832 4575 986 4652 effecerunt,
1001 4590 1030 4634 ut
1046 4575 1104 4656 ipsa
1118 4597 1224 4655 quoque
1238 4596 1291 4634 nou
1306 4575 1435 4636 crederet.

693 4658 713 4713 Α
739 4654 776 4714 ud
791 4658 916 4714 Marcum
938 4676 1002 4715 vero
1025 4676 1133 4714 rursum
1151 4655 1238 4714 Maria
1261 4655 1436 4734 Magdaleua,

692 4677 739 4794 illei
752 4734 858 4813 quadru
881 4734 941 4794 licis
960 4733 1113 4794 certaminis
1130 4748 1156 4793 et
1175 4733 1265 4794 virilis
1285 4735 1394 4811 mulier,
1412 4749 1438 4794 et

691 4814 778 4873 Maria
791 4756 885 4876 Jacoli
903 4813 1014 4873 minoris
1027 4828 1053 4871 et
1070 4816 1139 4875 Josae
1158 4827 1250 4873 mater.
1267 4814 1361 4875 Jacobi
1381 4813 1435 4872 mi-

691 4893 781 4972 noris,
803 4893 831 4952 id
852 4893 973 4967 observa,
994 4893 1100 4952 dilecte.
1118 4895 1187 4953 Nam
1207 4893 1324 4973 Deipara
1338 4893 1436 4954 Jacobi

691 4973 800 5054 majoris
813 4986 898 5032 mater
911 4972 1110 5055 appellabatur,
1124 4995 1220 5053 nempe
1235 4994 1348 5032 noverca
1366 4972 1433 5051 ejus.

51 5058 120 5137 ι’νμη,
134 5060 180 5118 καί
194 5059 274 5118 άλλαι
284 5057 352 5125 τινὲς
363 5060 388 5117 ἐν
399 5059 433 5134 τῇ
445 5057 558 5136 τετάρτη
568 5053 634 5113 aad·
643 5101 679 5139 „5
691 5052 758 5112 Erat
779 5067 870 5112 autem
892 5074 954 5112 cum
969 5052 1025 5112 illis
1050 5051 1078 5111 in
1099 5052 1151 5111 bac
1174 5066 1269 5130 quarta
1291 5051 1434 5131 prosectio-

51 5139 247 5220 Ἐπορεύθησαν
262 5129 378 5198 ttetzae
392 5136 435 5196 lai
450 5134 481 5194 rb
496 5143 634 5214 μνημεῖον,
653 5159 670 5202 ,ς
690 5155 724 5192 ne
744 5133 897 5209 salomae
916 5133 977 5192 aliae
998 5131 1132 5212 quadam.
1154 5131 1202 5190 Hae
1224 5152 1288 5190 vero
1309 5151 1434 5210 perrexe-

51 5218 180 5292 ιθθάτων,
201 5216 260 5278 οὐδὲ
277 5217 370 5299 ὄρθρον
386 5215 488 5295 βαθέος,
503 5217 561 5275 ἀλλ’
575 5215 632 5274 οθθὲ
689 5212 792 5274 rtmtin
813 5225 1032 5290 monumentum,
1050 5232 1103 5272 non
1122 5231 1232 5293 vespere
1249 5209 1434 5286 sabbatorum,
