3750 5940
161 413 230 461 212
506 409 537 460 S·
556 411 694 462 totnttts
716 409 899 462 Cllllwss‘l·
926 411 946 462 Α

160 532 293 615 Spiritum
312 547 390 594 vocat
409 552 526 612 aquam:
550 535 608 613 Quo·
628 537 732 595 biberit
751 555 788 595 ex
808 554 900 618 quo,

161 647 250 706 quom
264 646 317 706 ego
331 627 460 699 dodoci,
478 645 537 686 non
554 630 632 687 sitiet
644 631 677 687 in
690 639 850 701 recemum
864 627 946 713 sion,

160 717 294 798 Spiritum
306 730 386 778 vocat
407 717 508 798 iguem,
523 730 554 777 ut
566 717 625 779 rim
645 718 830 800 favoremque
843 739 904 800 gra-
921 727 940 774 t

160 823 223 886 trae,
240 824 267 870 et
279 823 449 892 peccatorum
461 809 608 892 perniciem
621 811 770 892 significem
785 833 904 892 nquam,

161 915 192 960 ut
211 902 426 983 purificationem
440 902 662 983 refrigeriumque
676 924 726 984 per
744 903 821 962 illnm
830 903 905 963 exci-

160 992 297 1074 pientibus
314 993 411 1054 minuis
421 1007 530 1076 partum
546 993 654 1054 indicet.
666 994 703 1054 Et
712 995 774 1077 jure
782 992 902 1074 quidem.

160 1086 230 1147 Nam
242 1100 380 1167 tamquam
391 1085 519 1164 bortum,
530 1087 675 1147 fructiferis
687 1108 843 1170 superque
861 1088 904 1150 ri·

159 1178 281 1240 rentibus
293 1178 435 1242 arboribus
448 1183 615 1257 comantem,
628 1179 668 1241 sic
679 1179 829 1241 studiosam
840 1181 903 1240 ani·

161 1294 234 1333 men
248 1287 370 1353 exornat,
384 1294 468 1355 neque
480 1274 611 1353 moeroris,
626 1294 713 1355 neque
725 1274 904 1335 satanicarum
938 1331 941 1334 .

160 1364 322 1426 insidiarum
333 1386 441 1428 sensum
453 1387 547 1448 capere
559 1365 635 1446 sinit,
649 1365 750 1448 quippe
760 1387 820 1446 qure
834 1365 904 1447 igni-

160 1470 189 1516 ta
206 1456 320 1538 maligni
336 1458 391 1518 tela
405 1456 485 1518 facile
506 1458 669 1538 exstinguet.
684 1459 730 1517 Tu
750 1478 814 1519 vero
835 1456 904 1517 mibi

162 1548 264 1608 Christi
274 1550 432 1631 sapientiam
446 1548 596 1611 consideres
608 1549 701 1626 velim,
714 1570 797 1629 quum
809 1549 905 1609 leniter

162 1640 349 1702 mulierculam
361 1642 454 1722 erigat.
468 1643 562 1721 Neque
573 1641 645 1701 onim
658 1662 675 1701 a
687 1641 822 1724 principio
831 1641 906 1702 dixit

161 1734 213 1809 illi,
226 1734 258 1794 Si
276 1739 365 1796 scires
378 1739 445 1817 quis
455 1746 499 1795 est
516 1738 569 1817 qui
588 1736 660 1794 dicit
680 1737 744 1806 tibi,
760 1737 810 1794 Da
831 1734 940 1795 mitit

162 1830 278 1888 bibere:
292 1826 340 1888 sed
349 1840 492 1910 postquam
511 1827 677 1887 occasionem
690 1826 731 1886 illi
743 1825 904 1908 prebuerat,

160 1933 192 1978 ut
202 1939 230 1979 se
238 1917 364 1980 Judaeum
376 1933 485 1981 voearet
497 1932 524 1980 et
535 1931 679 1994 accusaret,
691 1917 904 1978 criminationem

158 2010 295 2094 depellens
306 2012 360 2078 boo
372 2010 450 2072 dicit.
467 2011 538 2071 Cum
556 2030 621 2071 vero
634 2005 759 2088 dixisset,
774 2010 805 2070 Si
814 2014 904 2071 scires

160 2108 225 2184 queis
242 2108 350 2185 estqui
368 2105 447 2163 dicit.
460 2105 523 2175 tibi,
539 2103 590 2161 Da
608 2103 682 2161 miti
697 2103 903 2184 bibere,jorsi-

160 2209 213 2256 tan
231 2200 362 2278 petiisses
385 2198 423 2255 ab
443 2214 487 2267 eo,
507 2207 535 2253 et
553 2193 660 2273 magnis
680 2193 903 2274 promissionibus

159 2309 191 2348 eo
205 2287 356 2348 induxisset
374 2286 449 2345 illam
463 2298 494 2344 nt
512 2284 671 2366 patriarche
683 2283 846 2344 mentionem
864 2285 903 2346 fa·

159 2393 238 2451 ceret,
260 2379 300 2440 sic
314 2378 421 2439 mulieri
440 2377 533 2438 oculos
552 2375 650 2436 mentis
663 2375 779 2457 aperuit.
799 2375 904 2437 Deinde

158 2471 206 2530 illa
216 2484 368 2552 reponente,
379 2470 532 2551 Numquid
551 2481 583 2527 tu
599 2471 736 2550 majores
752 2480 837 2548 putre
851 2488 902 2527 no-

158 2576 219 2623 stro
230 2563 346 2623 Jacob?
359 2583 412 2622 non
429 2560 513 2638 dixit,
527 2558 631 2638 Etiam,
647 2559 733 2641 major
746 2580 824 2619 sum:
839 2580 902 2619 nam

158 2655 233 2713 visus
255 2653 348 2714 fuisset
374 2651 403 2713 id
421 2673 449 2713 se
474 2649 600 2733 jactando
621 2649 718 2729 dicere,
740 2670 802 2709 curn
827 2650 902 2709 nulle

157 2747 249 2806 adhuc
259 2759 326 2806 esset
343 2745 382 2805 rei
395 2741 586 2805 demonstratio
601 2765 608 2799 :
623 2763 671 2824 per
691 2762 721 2801 ea
738 2755 828 2802 autem
841 2764 901 2822 quae
918 2761 937 2810 c

157 2838 234 2917 dicit,
252 2837 290 2898 ed
312 2837 384 2897 illud
405 2848 547 2918 preparat.
570 2835 631 2894 Non
651 2833 723 2896 enim
744 2832 902 2915 simpliciter

158 2932 235 3008 dicit,
250 2930 329 2994 Dabo
349 2929 400 2991 tibi
414 2950 532 3009 equam3
545 2926 593 2988 sed
611 2939 755 3009 postquam
769 2925 804 2986 de
816 2926 902 2988 Jacob

158 3023 254 3101 tacuit,
276 3021 350 3103 quod
367 3042 447 3082 suum
471 3031 528 3079 erat
551 3017 660 3096 extulit,
682 3038 699 3076 a
720 3031 815 3076 nature
835 3016 901 3077 doni

158 3137 334 3197 personarum
345 3112 525 3175 differentiam
538 3131 586 3192 per
601 3130 745 3170 munerum
756 3108 902 3170 discrimen

156 3207 305 3283 declarans,
315 3227 416 3266 necnon
427 3225 504 3265 suam
517 3223 598 3282 supra
615 3199 797 3282 patriarcham
815 3201 903 3260 excel-

156 3299 275 3359 lentiam.
291 3297 321 3359 si
335 3296 452 3370 miraris,
467 3293 564 3373 inquit,
576 3291 651 3370 quod
665 3290 712 3349 ille
724 3290 794 3350 banc
805 3313 901 3370 aquam

157 3389 271 3466 dederit,
290 3389 313 3447 si
331 3388 411 3467 longe
430 3384 569 3445 meliorem
581 3381 633 3440 tibi
652 3380 760 3458 dedero,
776 3381 843 3460 quid
859 3382 903 3442 di·

158 3481 224 3542 ces?
241 3479 389 3561 lamprius
409 3497 476 3559 pene
488 3475 607 3536 confessa
626 3494 654 3533 es
666 3493 710 3533 me
722 3474 824 3536 Jacobo
844 3496 900 3535 mr·

154 3574 241 3653 jorcm
253 3592 318 3648 esse,
334 3591 398 3630 curn
414 3564 575 3629 sciscitando
589 3563 696 3641 dixisti,
705 3566 858 3644 Numquid
868 3579 900 3626 tu

157 3669 291 3748 maJ'ores
300 3675 385 3744 patre
400 3671 498 3720 nostro
510 3658 616 3730 Jacob,
630 3655 677 3735 qui
687 3655 826 3715 meliorem
837 3678 899 3738 pro·

156 3759 247 3817 mittas
257 3753 409 3837 aquamlsi
426 3751 504 3815 illam
515 3747 649 3830 acceperis
659 3769 766 3827 aquam,
777 3760 843 3808 tnnc
855 3772 899 3811 me

155 3850 236 3932 plane
256 3849 386 3930 majorem
406 3840 585 3904 confiteberis.
602 3838 701 3903 Viden'
715 3839 837 3904 mulieris
853 3844 898 3924 ju-

155 3941 259 4001 dicium
280 3940 337 4001 sine
356 3937 414 3996 ulla
433 3933 595 4015 acceptione,
608 3952 669 4010 que
682 3951 717 3990 ex
739 3931 821 3991 rebus
834 3932 899 4014 ipsis
916 3953 936 4000 n

156 4047 182 4098 et
195 4033 229 4094 de
249 4030 402 4115 patriarche
425 4025 503 4087 etde
523 4024 632 4084 Christo
648 4023 700 4082 fert
717 4025 899 4086 sententiam?

155 4129 260 4185 Verum
274 4145 327 4185 non
340 4123 378 4182 ita
391 4117 482 4184 Judaei
494 4141 501 4175 τ
515 4138 578 4176 cum
593 4114 715 4177 viderent
733 4115 805 4176 enim
819 4116 899 4178 illum

154 4217 287 4277 doemonia
307 4215 473 4295 ejicientem,
494 4207 691 4270 demoniacum
709 4207 799 4288 ipsum
818 4230 899 4270 roca·

154 4311 230 4380 bant,
242 4307 343 4366 nedum
355 4302 509 4386 patriarcha
521 4301 648 4380 majorem
658 4297 785 4358 dicerent.
798 4300 899 4360 Mulier

155 4422 220 4460 sero
231 4420 284 4457 non
298 4399 345 4473 sic,
357 4396 401 4456 sod
416 4394 479 4454 inde
493 4396 544 4453 fert
555 4391 722 4468 sententiam,
733 4391 805 4451 unde
816 4392 896 4451 Chri-

153 4507 210 4551 stus
223 4489 350 4564 volebat3
370 4509 406 4546 ex
426 4487 485 4567 ipsa
500 4504 595 4564 nempe
608 4502 720 4564 operum
730 4481 897 4543 demonstra-

152 4584 310 4644 tioneNam
320 4594 347 4639 et
364 4580 422 4660 ipse
434 4599 540 4657 quoque
555 4575 675 4637 indefert
690 4575 837 4656 judicium,
852 4574 895 4634 di-

152 4695 215 4735 cens
237 4673 289 4733 :Si
309 4691 369 4729 non
380 4670 469 4750 facio
490 4687 577 4747 opera
598 4668 698 4725 Patris
722 4670 789 4738 mei,
807 4666 897 4726 nolite

0 4796 5 4809 ·
31 4748 69 4836 ‚⁶¹
84 4746 119 4778 ω’
154 4778 227 4836 mibi
247 4773 381 4834 credere.-
395 4773 422 4829 si
441 4768 644 4847 autemsacio,
667 4771 722 4826 etsi
745 4768 819 4825 mibi
837 4786 897 4824 non

182 5032 193 5058 ⁸
207 5031 337 5098 [ἐμφαίνων
347 5019 423 5072 Sar-tl.
436 5029 462 5068 et
470 5013 553 5070 Codd.
567 5015 668 5080 nostri]

179 5105 280 5160 ¹8avil.
295 5109 374 5168 ὶνάγιι.
389 5098 480 5166 [Supte
501 5091 568 5147 idem
587 5103 614 5143 et
629 5089 712 5143 codd.
724 5091 768 5144 cit.
784 5097 906 5152 elsteram.

146 5191 207 5239 ἀλλὰ
219 5181 336 5245 effusore]
