3750 5940
233 402 283 495 46
552 425 581 474 s.
610 425 753 473 ioannis
781 425 970 473 crrrusosr.
997 423 1154 473 anemae.
1179 424 1453 475 consraumuor.

232 549 261 608 in
271 547 358 630 ipsam
367 561 480 607 mortem
489 547 599 609 veniens
615 547 683 629 ipse,
694 546 974 628 sieillamsuperavit,
1031 547 1133 621 πλάνης
1146 548 1293 629 κρατούσης
1301 547 1415 629 ἴλαμψε,
1433 544 1556 618 κάκείνην
1567 545 1688 627 ἠφάνισε.
1709 545 1764 606 Ιίαί
1780 549 1808 607 lv

235 654 265 699 ut
279 639 380 718 eosqui
397 653 482 699 morte
494 640 552 721 jam
560 638 760 718 detinebantur,
778 652 890 699 erueret.
901 639 976 710 Quo-
1032 642 1072 720 τῷ
1084 641 1190 723 θανάτῳ
1201 640 1338 721 γενύμινος
1348 641 1440 715 αὐτὸς,
1451 638 1532 707 οὕτως
1540 641 1618 699 edroi
1627 639 1808 721 περιεγένετο,

235 733 310 792 niam
332 732 416 812 igitur
433 753 518 810 neque
534 752 616 808 mors,
637 751 723 810 neque
740 752 816 791 error
834 731 922 790 lucem
942 730 977 789 il·
1032 732 1246 806 ύνςκαίτοὺςνίδη
1257 733 1501 817 προκατεχομίναος
1510 735 1661 812 ἀναγαγεῖν.
1674 731 1753 791 Ἐπεί
1763 722 1809 792 ode

233 826 289 886 lam
312 839 493 907 snperamnt3
516 824 565 885 sed
588 838 628 884 est
648 823 749 904 ubique
767 823 928 906 splendida,
950 839 978 885 et
1033 824 1116 885 ούττθ
1131 826 1241 895 θάνατος
1261 829 1339 887 αι’κτοῦ
1349 823 1808 907 παριεγάνετο,αύτεὴπλάνη,άλλ’

232 918 384 1000 propriori
399 918 503 998 fulget:
518 917 580 977 ideo
591 916 641 994 ait,
653 918 693 976 Et
707 920 831 977 tenebras
842 938 906 976 earn
919 938 979 977 non
1032 917 1089 980 ίστι
1105 919 1213 1000 φαιδρὸν
1226 926 1380 1001 πανταχοῦ,
1398 917 1445 979 καί
1459 918 1560 997 λάμπει
1571 916 1639 997 μετὰ
1649 922 1697 990 τῆς
1707 916 1809 984 οίιιιίας

155 1066 157 1070 ,
232 1012 521 1090 comprehenderunt.
539 1010 589 1070 Est
599 1008 672 1070 enim
684 1008 915 1092 inexpugnabilis,
930 1031 979 1070 nec
1033 1008 1137 1090 ἰσχύος,
1151 1009 1196 1071 διὰ
1212 1009 1289 1071 τοῦτό
1297 1032 1380 1091 φησι,
1401 1009 1456 1070 {tat
1474 1015 1492 1082 ἡ
1510 1008 1604 1070 σκοτία
1624 1008 1688 1069 abab
1704 1011 1734 1068 ὠ
1758 1032 1809 1069 κα-

230 1104 382 1164 libenterin
396 1103 493 1164 animis
506 1102 621 1181 habitat,
635 1102 683 1180 qni
697 1102 793 1162 nolunt
815 1099 975 1163 illuminari.
1033 1099 1138 1161 τάλαύε.
1152 1101 1207 1162 Καὶ
1223 1101 1276 1184 γάρ
1295 1105 1366 1162 ἐστιν
1380 1099 1607 1180 ἀκαταγύνιστον,
1625 1103 1673 1160 οὐκ
1692 1103 1809 1182 ἐμφιλο-

226 1246 229 1254 .
1033 1199 1137 1275 χωρῶν
1148 1203 1207 1263 ταῖς
1227 1193 1264 1272 μὴ
1281 1197 1443 1273 φαντασθῆναι
1463 1191 1633 1272 βουλομέναις
1645 1195 1753 1272 ψσχαίς.

270 1290 300 1346 li.
315 1288 397 1360 Quod
409 1289 432 1348 si
446 1309 499 1351 non
512 1310 604 1349 omnes
615 1287 727 1369 ceperit,
740 1309 773 1347 ne
788 1287 818 1348 id
830 1301 857 1347 te
866 1301 976 1349 mutin-
1074 1287 1108 1346 El
1122 1284 1150 1347 δὲ
1160 1285 1197 1364 μὴ
1206 1287 1307 1353 πάντας
1320 1276 1387 1358 εἷλε,
1403 1285 1441 1363 μή
1450 1307 1481 1344 σε
1489 1291 1566 1345 τοῦτο
1576 1282 1733 1364 θορούείτω·
1747 1282 1809 1344 otti

231 1378 277 1437 bct
291 1404 297 1436 :
313 1401 366 1440 non
382 1381 455 1440 enim
470 1402 505 1440 ex
518 1381 675 1440 necessitate
697 1393 744 1438 aut
760 1379 800 1457 vi,
820 1379 916 1440 seder
928 1402 977 1441 vo-
1031 1377 1083 1460 γάρ
1100 1379 1202 1459 ἀνάγκῃ
1214 1377 1261 1438 καὶ
1270 1376 1333 1459 βία,
1343 1376 1412 1438 ἀλλὰ
1423 1376 1546 1457 βωλήοιι
1557 1376 1602 1437 καλ
1614 1374 1708 1458 γνύνμῃ
1723 1400 1808 1458 προσ-

230 1469 333 1531 luntato
351 1486 378 1531 et
390 1472 505 1532 arbitrio
517 1473 554 1531 ad
572 1494 621 1532 uos
638 1472 742 1532 accedit
761 1474 843 1531 Deus
858 1475 898 1532 Ne
920 1472 977 1532 luci
996 1489 1015 1539 n
1031 1469 1124 1549 άγεται
1148 1474 1248 1549 ἡμάςθ
1268 1469 1344 1537 Θεύς.
1359 1467 1407 1541 Μὴ
1426 1467 1458 1540 δὴ
1479 1466 1527 1536 τάς
1548 1467 1626 1550 θύρας
1646 1466 1810 1544 ἀποκλείσῃς

229 1561 296 1623 buic
315 1565 414 1624 ostium
426 1565 556 1644 claudas,
569 1579 596 1624 et
611 1566 695 1625 multa
714 1566 853 1646 voluptate
866 1565 973 1627 bueus.
1030 1565 1069 1645 τῷ
1081 1562 1149 1643 φωτλ
1168 1561 1266 1644 τούτῳ,
1286 1562 1332 1622 καλ
1352 1563 1452 1632 πολλῆς
1475 1559 1613 1640 ἀπολαύσῃ
1630 1564 1679 1633 τῆς
1697 1563 1807 1642 τροφῆς.

231 1654 295 1713 Hae
308 1678 389 1736 porro
415 1659 464 1717 lux
480 1679 528 1738 por
554 1659 638 1717 fidem
650 1657 770 1732 accedit,
784 1671 883 1717 etcum
895 1660 976 1720 semel
1029 1655 1210 1738 Παραγίνεται
1220 1654 1248 1714 δὲ
1260 1659 1337 1715 τοῦτο
1350 1654 1381 1715 τὸ
1391 1657 1446 1734 φῶς
1459 1653 1503 1714 διὰ
1515 1652 1644 1725 πίστεως,
1655 1653 1702 1712 καί
1713 1677 1808 1734 παρα·

230 1747 353 1826 advenit,
368 1751 547 1830 excipientem
568 1772 596 1809 se
615 1747 765 1809 admodum
779 1749 936 1810 illuminat:
950 1765 977 1811 et
1029 1749 1166 1829 γενόμενον
1181 1747 1352 1827 καταλάμπει
1368 1748 1459 1807 λοιπὸν
1471 1745 1540 1825 μετὰ
1558 1749 1658 1819 πολλῆς
1668 1750 1717 1819 τῆς
1728 1747 1808 1827 δαψι-

231 1837 254 1896 si
267 1861 364 1918 puram
377 1841 504 1899 exhibeas
515 1840 600 1900 vitam
613 1853 743 1920 perpetuo
756 1839 830 1899 intus
843 1841 975 1901 manebit:
1028 1838 1101 1907 λείας
1112 1839 1157 1898 τὸν
1174 1836 1379 1916 ὑποδεξάμενον·
1395 1835 1444 1895 κάν
1460 1835 1516 1914 βίαν
1535 1838 1607 1916 αὐτῷ
1620 1835 1742 1917 παρέχῃς
1755 1859 1807 1895 κα·

74 1948 145 1991 toan.
170 1949 205 2006 iq.
231 1951 294 1988 nam
310 1930 368 2007 Qui
381 1932 479 2012 diligit
502 1952 562 2003 me,
583 1933 727 1990 mamiato
743 1951 808 1989 ntea
826 1934 974 2006 servabit,
1029 1929 1118 2010 θαρθν,
1132 1928 1205 2007 μένει
1219 1929 1346 2000 διηντκῶς
1362 1928 1469 1986 ἐνοικῶν
1483 1925 1554 1986 ἔνδον
1565 1947 1572 1962 ·
1583 1923 1618 1985 ‘0
1626 1923 1679 2006 γάρ
1689 1927 1806 2004 ἀχατῶν

79 2005 117 2068 ²4·
231 2034 260 2079 et
277 2023 428 2080 veniemus
446 2023 488 2080 ad
498 2042 565 2081 eam
586 2043 639 2098 ego
660 2034 688 2080 et
706 2023 797 2104 Pater
821 2041 921 2096 meus,
947 2035 976 2082 et
1030 2019 1137 2099 μι,τὰς
1153 2018 1259 2086 ἀντολάς
1270 2017 1453 2100 patr-aptiori,
1469 2016 1515 2077 καί
1526 2014 1806 2097 ίλενσύμιθαὲγὼκαί

231 2119 413 2172 mansionem
437 2115 517 2192 aprici
537 2133 602 2173 eum
624 2115 777 2189 faciemus.
792 2113 975 2185 Quemadmo-
1028 2110 1221 2194 θΠατὴρπρθς
1233 2110 1320 2181 αὐτὸν,
1331 2109 1409 2190 φησί,
1420 2109 1466 2169 καί
1475 2107 1556 2187 μονὴν
1564 2109 1629 2189 παρ’
1641 2111 1712 2188 αὐτῷ
1723 2133 1806 2182 ποιη-

228 2205 296 2265 dnm
307 2205 380 2265 cuim
390 2227 443 2265 non
455 2218 543 2285 potest
555 2205 617 2282 quis
630 2205 707 2265 radio
715 2205 797 2264 solari
808 2206 894 2286 probe
906 2206 972 2284 frui,
1027 2203 1136 2283 σύμεθα.
1149 2200 1257 2284 Ὥσπερ
1276 2191 1320 2262 ούν
1339 2203 1452 2274 ἡλιακῆς
1475 2205 1579 2269 ἀκτῖνος
1602 2199 1744 2261 ἀπολαύειν
1766 2207 1808 2271 ὡς

228 2297 280 2354 nisi
302 2298 393 2356 oculos
414 2297 538 2377 aperiat:
553 2296 592 2354 ita
613 2317 699 2374 neque
718 2295 801 2377 hujus
821 2296 974 2377 splendoris
1026 2295 1079 2378 χρὴ
1089 2297 1138 2356 οὐκ
1156 2294 1208 2369 ἔνι,
1229 2293 1267 2373 μὴ
1281 2292 1445 2372 διανοίγοντα
1467 2290 1528 2360 τοὺς
1540 2292 1705 2372 ὀφθαλμούς·
1720 2291 1807 2362 ούτως

227 2390 335 2450 abunde
355 2412 462 2449 consors
480 2411 546 2466 asse,
560 2389 613 2449 nisi
636 2390 734 2449 anima
753 2390 844 2449 oculos
857 2391 971 2470 aperiat,
1026 2389 1084 2451 otti
1102 2388 1199 2463 ταύτης
1210 2394 1351 2468 μετασχεῖν
1364 2384 1607 2467 τῆςλαμπρθῦαοτ
1620 2385 1752 2465 δαψιλῶς,
1764 2384 1806 2464 μὴ

226 2505 374 2562 oomrmqno
387 2483 472 2543 aciem
485 2483 607 2563 undique
617 2497 706 2564 paret.
723 2481 868 2554 Quomodo
883 2497 974 2544 antem
1026 2480 1127 2564 σφύάρα
1141 2479 1344 2541 ἀναππάσαντα
1356 2478 1387 2538 αθ
1402 2482 1450 2551 τῆς
1464 2481 1551 2558 φυχῆς
1565 2476 1657 2556 ὄμμα,
1679 2478 1725 2537 καί
1740 2479 1806 2550 ἀξυ-

227 2574 258 2633 id
274 2575 334 2634 lieri
344 2575 447 2656 possit?
459 2575 489 2635 Si
505 2574 628 2634 animum
641 2573 716 2635 omni
728 2574 797 2636 vitio
811 2595 969 2656 purgemus.
992 2573 1115 2657 ρδορκὲς
1128 2572 1192 2633 citro
1209 2573 1337 2632 πάντοθεν
1358 2569 1605 2631 κατασκευάσαντα.
1623 2572 1689 2639 Πῶς
1708 2571 1738 2634 θλ
1757 2572 1806 2653 γί-

227 2666 370 2730 Peccatum
398 2667 470 2725 enim
494 2666 663 2726 tenebrosum
680 2679 741 2744 est,
763 2665 900 2745 densaque
928 2688 973 2727 oa-
1025 2689 1098 2726 νεται
1113 2671 1205 2739 τοῦτο,
1216 2662 1305 2724 Ὅταν
1321 2661 1429 2723 πάντων
1441 2661 1629 2744 ἐκκαθάρωμεν
1642 2667 1695 2723 τῶν
1709 2669 1806 2726 παθῶν

227 2757 312 2837 ligine
327 2759 445 2817 offusum
455 2781 466 2837 ς
485 2757 568 2836 idque
579 2757 748 2841 indepalam
765 2771 816 2836 cst,
838 2758 913 2838 quod
929 2760 972 2820 in-
1026 2758 1074 2833 τλν
1089 2757 1186 2839 θωχήν.
1200 2755 1235 2817 Ἢ
1248 2756 1301 2839 γάρ
1313 2754 1432 2839 ἁμαρτία
1455 2754 1546 2824 σκάτος
1563 2755 1632 2830 lori,
1651 2757 1697 2817 καλ
1711 2757 1807 2827 σκάτος

227 2851 394 2911 considerate
417 2865 444 2911 et
472 2851 529 2910 sine
561 2851 672 2911 arbitris
704 2850 874 2912 admittatur.
902 2854 973 2914 Nam
1027 2849 1107 2931 βαθύ·
1129 2849 1175 2912 καλ
1188 2852 1366 2920 δῆλονίκτοῦ
1380 2845 1550 2915 tancredo<
1565 2847 1806 2920 miltidasim<

100 2979 139 3007 an.
169 2995 173 3005 .
194 2975 217 3006 ο.
230 2945 335 3004 Omnis
348 2948 400 3024 qni
414 2945 573 3024 maleagit,
584 2944 648 3004 odit
660 2944 807 3018 lucern‚et
821 2965 881 3005 non
890 2951 973 3007 venit
1026 2945 1154 3028 πράσσειν
1169 2941 1259 3014 αι’ντίν.
1273 2943 1333 3009 Πᾶς
1351 2937 1475 3022 piperi
1494 2942 1582 3021 φαῦλα
1596 2941 1735 3023 πράσσων,
1759 2966 1807 3022 μι-

107 3079 159 3108 ,,,,
189 3095 194 3109 ,
228 3037 270 3094 nd
287 3036 409 3107 ίιισεαις
430 3049 474 3112 et,
501 3037 574 3116 Qnoe
594 3039 628 3094 in
643 3035 757 3097 occulto
772 3037 869 3116 fiunt,
891 3052 975 3119 turpe
1027 3032 1256 3118 σεῑτθφῶς,καλ
1278 3036 1325 3093 αλκ
1348 3033 1455 3114 ἔρχεται
1470 3031 1804 3114 πρθςτθφῶς’καλ,Τά

78 3140 113 3171 ¹²·
229 3140 272 3186 est
289 3126 609 3187 εεάὶεενο.5ἰοιιῐοαίαι
625 3126 784 3186 intenebris
797 3149 846 3188 nec
856 3129 974 3190 amioum
1026 3134 1113 3212 κρυφῇ
1128 3127 1269 3209 γινύμκνα,
1291 3124 1400 3207 αἰσχράν
1424 3127 1480 3184 ἐστι
1499 3123 1546 3183 καί
1562 3121 1658 3202 λέγειν.
1672 3124 1805 3208 Καθάπερ

228 3239 277 3278 nec
292 3217 434 3277 inimicum
446 3218 617 3298 agnoscimus
635 3238 778 3296 rerumque
792 3219 916 3280 omnium
926 3241 974 3282 na·
1027 3215 1072 3286 ούν
1087 3225 1115 3283 ἀν
1128 3221 1228 3300 σκάιφ,
1249 3222 1279 3280 ού
1291 3216 1383 3299 φίλον,
1404 3219 1451 3276 ola
1470 3214 1563 3297 θχθρίν
1581 3239 1623 3284 τις
1637 3206 1716 3292 dia,
1733 3214 1804 3278 ἀλλά

229 3322 318 3369 turam
329 3311 497 3390 ignoramus,
514 3309 554 3369 sic
573 3321 600 3369 et
615 3308 643 3367 in
657 3323 767 3390 peocato
781 3310 891 3371 accidit.
904 3313 975 3373 Nam
1026 3315 1115 3384 πάσας
1124 3319 1212 3395 ἀγνοεῖ
1222 3316 1275 3372 τῶν
1286 3309 1451 3393 πραγμάτοιν
1463 3307 1512 3377 τὰς
1525 3307 1626 3390 φύσεις·
1636 3307 1708 3370 οὕτω
1718 3310 1802 3372 nativ

230 3402 277 3481 qui
299 3403 421 3462 avaritiae
441 3402 550 3480 studet,
567 3421 621 3462 non
641 3400 786 3481 distinguit
806 3403 924 3464 amicum
938 3405 974 3466 ab
1025 3405 1201 3489 τῇάμαρτίφ.
1221 3402 1276 3465 Καὶ
1290 3401 1569 3485 γθρθπλεοντκτῆσαι
1588 3400 1759 3481 βωλύμονος,
1772 3405 1804 3463 αθ

229 3497 356 3557 inimico:
370 3495 534 3576 invidusqne
546 3495 741 3557 ιιοοεττίααάἰαε
748 3497 802 3557 sibi
806 3499 934 3580 junctum
943 3514 975 3561 ut
1027 3498 1194 3582 διαιρεῖ·τθν
1206 3497 1279 3579 φίλον
1290 3495 1343 3557 ἀπὸ
1351 3501 1397 3556 τοῦ
1403 3493 1542 3572 πολεμίου·
1554 3493 1600 3555 καλ
1611 3497 1626 3553 ὁ
1639 3494 1801 3574 βασκαίνων,

230 3587 370 3648 inimicum
388 3589 469 3648 habet
477 3611 487 3667 3
499 3609 531 3648 ac
545 3586 594 3669 qui
610 3586 765 3667 insidiatur,
778 3603 869 3650 nonna
882 3612 973 3653 omnes
993 3614 1012 3662 n
1026 3591 1125 3653 καλτθν
1145 3589 1246 3672 σφίθφα
1257 3585 1421 3670 ᾧκιιωμίνον
1432 3587 1571 3668 ὣτέχθρὸν
1582 3590 1644 3668 δρᾷ·
1659 3587 1706 3647 καὶ
1717 3590 1733 3646 θ
1743 3589 1805 3648 dm-

119 3682 334 3741 renatorbellum
352 3682 422 3762 gerit
441 3706 448 3738 t
466 3702 521 3742 uno
535 3683 639 3760 verbo,
654 3682 776 3762 quisquis
796 3699 906 3765 peocato
925 3688 974 3747 ob-
1026 3682 1155 3745 ύουλεύων
1179 3680 1277 3761 ὁμοίως
1295 3680 1361 3762 πρὸς
1381 3678 1483 3747 πάντας
1496 3678 1734 3757 ἐκπατολίμωται,
1755 3678 1803 3740 καί

76 3758 330 3835 ,asianam
345 3789 395 3853 αι,
414 3774 484 3834 nisu
499 3774 592 3834 risen
604 3774 639 3834 ss
659 3774 741 3834 esan
759 3790 786 3837 a
803 3778 971 3859 mma,
1026 3779 1117 3845 asia
1131 3775 1228 3843 οπαςι
1244 3772 1293 3847 nt
1306 3770 1439 3853 amplo
1462 3775 1559 3844 ποια,
1576 3775 1629 3830 ται
1651 3770 1803 3850 nomm

77 3823 105 3865 ab
121 3822 200 3866 ebriit.

231 3887 318 3945 neqm
333 3888 424 3926 rerum
442 3881 566 3926 nanuam
586 3866 672 3926 novit.
688 3871 727 3927 Ac
745 3870 974 3947 quemadmodum
1025 3868 1097 3930 οὐδὲν
1115 3867 1249 3946 διινήνσχε
1262 3863 1309 3925 καί
1321 3863 1485 3944 μαινομένων
1496 3863 1562 3946 πρὸς
1573 3863 1665 3924 ebrias
1673 3863 1803 3945 πραγμά-

231 3972 311 4019 noctu
322 3959 439 4040 lignum,
459 3959 615 4041 plumbum,
630 3959 742 4037 serrum,
757 3976 909 4043 argentim,
924 3985 973 4024 au.
1025 3985 1077 4021 των
1089 3961 1126 4039 μὴ
1141 3962 1284 4040 ἐπιγνῶναι
1299 3957 1348 4029 τλν
1359 3955 1443 4038 φύσιν.
1463 3955 1518 4016 Καὶ
1536 3954 1658 4036 καθάπερ
1670 3958 1698 4015 ἀν
1713 3955 1801 4032 νυκτὶ,

230 4074 310 4128 rum,
329 4052 449 4134 lapidem
468 4051 632 4133 pretiosum,
657 4052 800 4131 omniaque
814 4055 876 4135 pari
893 4057 974 4117 modo
1026 4051 1072 4111 καλ
1085 4050 1167 4124 bibon,
1181 4048 1228 4110 καὶ
1240 4047 1401 4128 Ι’μύλούδον,
1422 4047 1469 4106 καλ
1484 4045 1601 4128 σίδηρον,
1614 4045 1662 4106 καλ
1674 4046 1801 4130 ἀργορον,

230 4144 376 4223 cernimus,
390 4164 453 4204 cum
467 4143 518 4203 lux
529 4143 566 4202 ad
583 4142 641 4202 bac
656 4142 831 4207 discernenda
852 4168 905 4207 non
924 4149 974 4210 ad·
1026 4143 1072 4205 καλ
1085 4143 1192 4225 χροσθν,
1204 4141 1251 4201 καλ
1263 4140 1334 4201 λίθον
1352 4139 1450 4218 τίμιον,
1469 4139 1558 4198 πάντα
1572 4137 1668 4218 ὁμοίοις
1682 4143 1801 4222 ὁρῶμιν,

231 4237 283 4295 sit:
295 4237 334 4295 sic
353 4237 401 4315 qui
411 4236 470 4297 rita
488 4236 613 4317 impurus
627 4250 677 4312 est,
691 4240 872 4319 temperantiae
885 4239 973 4301 virtu-
1024 4243 1071 4298 τοῦ
1082 4234 1257 4316 διακρίνοντος
1270 4232 1338 4294 αὐτὰ
1350 4233 1436 4313 φοντθς
1448 4232 1478 4292 ού
1489 4229 1633 4313 παρόντος·
1647 4230 1717 4292 adeor
1727 4233 1802 4293 καλθ

231 4343 285 4388 tem
292 4350 345 4389 non
353 4331 440 4406 novit,
450 4350 535 4407 neque
541 4329 720 4411 philosophia
728 4331 970 4412 pulchritudinem.
1026 4329 1083 4409 βίον
1100 4327 1248 4410 ἀκάθαρτον
1265 4325 1344 4407 ἔχων,
1357 4328 1404 4384 οὐκ
1422 4314 1475 4384 οἶδε
1497 4328 1546 4397 τῆς
1565 4324 1735 4406 σωφροσύνης
1749 4323 1801 4398 τὴν

230 4420 264 4479 ln
277 4421 394 4481 tenebris
409 4421 492 4498 enim,
508 4435 539 4480 ut
548 4423 606 4502 jam
617 4422 689 4499 dixi,
701 4444 734 4484 ne
744 4425 849 4507 lapides
861 4427 973 4506 quidem
1026 4419 1132 4504 ἀριτλν,
1147 4421 1177 4480 οὗ
1188 4422 1238 4491 τῆς
1248 4415 1401 4497 φιλοσοφίας
1410 4415 1441 4475 τὸ
1453 4415 1558 4483 κᾶλλος·
1572 4416 1621 4476 Ἔν
1635 4414 1689 4498 γὰρ
1702 4415 1801 4498 πάτῳ,

230 4513 341 4594 pretiosi
353 4512 586 4594 pulchritudinem
600 4535 677 4574 suam
695 4517 834 4597 exhibent,
854 4541 907 4580 uon
922 4541 971 4580 na·
1025 4512 1147 4592 καθάπερ
1162 4509 1242 4591 ltin*
1256 4507 1347 4582 ‘labb
1360 4506 1409 4567 κᾶν
1429 4507 1497 4567 λίθω
1518 4507 1631 4568 ’‘W“
1647 4506 1747 4587 τίμῑθῑν
1759 4506 1801 4569 ἢ

230 4619 299 4665 tura
318 4626 373 4666 suae
388 4605 469 4683 vitio,
486 4605 535 4665 sed
547 4608 725 4687 spectantium
745 4611 905 4690 ignorantia.
917 4614 972 4674 Ne·
1024 4614 1121 4684 κάλιλας
1140 4615 1188 4674 οὐκ
1211 4610 1390 4692 ἐμφαίνωσιν,
1400 4613 1430 4669 ού
1444 4607 1519 4691 παρά
1531 4607 1580 4682 τὴν
1593 4606 1692 4670 οἰκείαν
1707 4608 1801 4691 φύσιν,

229 4814 340 4864 ctionem
349 4823 420 4878 puto.
431 4810 501 4862 Editi
512 4822 538 4862 ct
552 4809 595 4861 alii
607 4813 665 4863 llas.
676 4819 729 4866 ἀλλ’
740 4821 823 4871 ἐκείνου
835 4826 913 4888 χωρίς.
923 4819 991 4870 Neu·
1039 4830 1139 4870 aonstat
1147 4835 1244 4869 samias.
1264 4817 1357 4866 Verum
1370 4826 1398 4865 ut
1418 4829 1493 4866 nemo
1504 4831 1557 4866 non
1568 4811 1646 4880 ridet,
1659 4821 1744 4876 θκιίνης
1752 4832 1802 4883 pro

229 4905 269 4943 tra
280 4907 341 4942 vero
353 4888 428 4940 lectio
447 4887 530 4954 placet
546 4887 650 4953 savilio,
674 4893 718 4957 qui
735 4891 787 4944 barn
806 4906 895 4946 notet:
905 4895 990 4947 Inter-
1036 4906 1120 4954 mim
1130 4895 1223 4964 posito,
1235 4891 1463 4947 nibildiffioultatis
1472 4910 1526 4946 esso
1536 4905 1629 4961 potest.

224 4987 292 5038 pm,
304 4966 349 5020 sed
361 4968 431 5018 omni
447 4966 502 5017 luce
514 4965 613 5032 penitus
623 4967 733 5022 tenebrae
748 4984 836 5024 carent
843 4978 940 5042 ‚quasi
951 4975 987 5025 le-
1067 4993 1080 5018 ι
1090 4975 1139 5029 atii
1148 4984 1188 5030 ιθν
1197 4980 1261 5046 φίλον
1272 4979 1313 5027 τοῦ
1320 4978 1439 5040 πολεμία.

227 5061 303 5117 geret,
313 5053 365 5100 ἀλλ’
375 5055 456 5100 ἐκείνου
473 5045 540 5112 (scil.
552 5048 634 5118 φωτός)
645 5057 715 5119 χωρὶς
724 5058 739 5113 ἡ
747 5060 834 5106 σκοτία.
845 5052 929 5104 Iocus
937 5064 985 5119 est,
1064 5055 1079 5099 b
1091 5051 1178 5104 Μοτεί.
1189 5049 1326 5119 etquidem
1337 5051 1398 5102 Mn.
1419 5055 1539 5119 μολυθθον.
1551 5047 1631 5104 smil.
1643 5059 1670 5100 et
1680 5047 1723 5101 alit
1729 5057 1800 5117 μολι-

225 5145 264 5178 αιε
273 5127 376 5195 γάάὶσα,
388 5142 439 5176 raon
457 5142 648 5195 sanctumque
666 5131 745 5194 enim,
758 5141 786 5180 ut
799 5130 887 5182 amus
903 5141 985 5186 ίαιίνον
1034 5133 1247 5198 ύθονςαίταωφατ
1265 5127 1368 5180 dicitur.

223 5222 270 5272 pro
284 5211 366 5264 ίνεὶνης
377 5208 539 5265 τολοικοφανῶς
549 5202 642 5254 dicam
653 5205 691 5254 ad
702 5214 792 5261 σκοτίαν
806 5207 906 5276 referri,
921 5214 986 5258 satis
