<?xml version="1.0" encoding="UTF-8"?>
<!DOCTYPE html PUBLIC "-//W3C//DTD XHTML 1.0 Transitional//EN"
    "http://www.w3.org/TR/xhtml1/DTD/xhtml1-transitional.dtd">
<html xmlns="http://www.w3.org/1999/xhtml" xml:lang="en" lang="en">
 <head>
  <title>
</title>
<meta http-equiv="Content-Type" content="text/html;charset=utf-8" />
  <meta name='ocr-system' content='tesseract 3.04.00' />
  <meta name='ocr-capabilities' content='ocr_page ocr_carea ocr_par ocr_line ocrx_word'/>
</head>
<body>
  <div class='ocr_page' id='page_1' title='image "./sanctipatrisnos02chrygoog_0580.png"; bbox 0 0 3750 5940; ppageno 0'>
   <div class='ocr_carea' id='block_1_1' title="bbox 66 422 867 504">
    <p class='ocr_par' dir='ltr' id='par_1_1' title="bbox 66 422 867 504">
     <span class='ocr_line' id='line_1_1' title="bbox 66 422 867 504; baseline 0.009 -7"><span class='ocrx_word' id='word_1_1' title='bbox 66 447 200 499; x_wconf 72' lang='lat' dir='ltr'>eaxan.</span> <span class='ocrx_word' id='word_1_2' title='bbox 225 422 274 498; x_wconf 87' lang='lat' dir='ltr'>al.</span> <span class='ocrx_word' id='word_1_3' title='bbox 303 449 422 500; x_wconf 82' lang='lat' dir='ltr'>nxxxr.</span> <span class='ocrx_word' id='word_1_4' title='bbox 795 429 867 504; x_wconf 76' lang='lat'>553</span> 
     </span>
    </p>
   </div>
   <div class='ocr_carea' id='block_1_2' title="bbox 60 571 1021 5023">
    <p class='ocr_par' dir='ltr' id='par_1_2' title="bbox 60 571 1021 5023">
     <span class='ocr_line' id='line_1_2' title="bbox 61 571 864 655; baseline 0.006 -24"><span class='ocrx_word' id='word_1_5' title='bbox 61 608 66 619; x_wconf 89' lang='lat'><em>·</em></span> <span class='ocrx_word' id='word_1_6' title='bbox 118 586 145 631; x_wconf 85' lang='lat' dir='ltr'>et</span> <span class='ocrx_word' id='word_1_7' title='bbox 166 571 241 652; x_wconf 89' lang='lat' dir='ltr'>quod</span> <span class='ocrx_word' id='word_1_8' title='bbox 254 592 404 634; x_wconf 66' lang='lat' dir='ltr'>samonem</span> <span class='ocrx_word' id='word_1_9' title='bbox 415 573 595 652; x_wconf 74' lang='lat' dir='ltr'>servaverint,</span> <span class='ocrx_word' id='word_1_10' title='bbox 605 573 719 655; x_wconf 87' lang='lat' dir='ltr'>ideoque</span> <span class='ocrx_word' id='word_1_11' title='bbox 736 575 800 637; x_wconf 89' lang='lat' dir='ltr'>odio</span> <span class='ocrx_word' id='word_1_12' title='bbox 815 577 864 638; x_wconf 79' lang='lat' dir='ltr'>ha.</span> 
     </span>
     <span class='ocr_line' id='line_1_3' title="bbox 60 663 910 748; baseline 0.008 -25"><span class='ocrx_word' id='word_1_13' title='bbox 60 703 65 712; x_wconf 86' lang='lat'>·</span> <span class='ocrx_word' id='word_1_14' title='bbox 118 663 242 724; x_wconf 86' lang='lat' dir='ltr'>beantur.</span> <span class='ocrx_word' id='word_1_15' title='bbox 256 663 339 739; x_wconf 90' lang='lat' dir='ltr'>Quod</span> <span class='ocrx_word' id='word_1_16' title='bbox 360 665 383 725; x_wconf 82' lang='lat' dir='ltr'>si</span> <span class='ocrx_word' id='word_1_17' title='bbox 400 664 486 740; x_wconf 84' lang='lat' dir='ltr'>dicat,</span> <span class='ocrx_word' id='word_1_18' title='bbox 506 666 588 726; x_wconf 85' lang='lat' dir='ltr'>Sicut</span> <span class='ocrx_word' id='word_1_19' title='bbox 600 687 652 748; x_wconf 81' lang='lat' dir='ltr'>ego</span> <span class='ocrx_word' id='word_1_20' title='bbox 674 689 733 728; x_wconf 84' lang='lat' dir='ltr'>non</span> <span class='ocrx_word' id='word_1_21' title='bbox 751 671 868 729; x_wconf 85' lang='lat' dir='ltr'>sumde</span> <span class='ocrx_word' id='word_1_22' title='bbox 906 680 910 685; x_wconf 84' lang='lat'>&#39;</span> 
     </span>
     <span class='ocr_line' id='line_1_4' title="bbox 118 757 866 837; baseline 0.008 -22"><span class='ocrx_word' id='word_1_23' title='bbox 118 757 237 831; x_wconf 78' lang='lat' dir='ltr'>mundo,</span> <span class='ocrx_word' id='word_1_24' title='bbox 254 778 287 816; x_wconf 87' lang='lat' dir='ltr'>ne</span> <span class='ocrx_word' id='word_1_25' title='bbox 310 757 440 817; x_wconf 83' lang='lat' dir='ltr'>turberis.</span> <span class='ocrx_word' id='word_1_26' title='bbox 456 757 530 818; x_wconf 93' lang='lat' dir='ltr'>lllud</span> <span class='ocrx_word' id='word_1_27' title='bbox 542 758 626 837; x_wconf 89' lang='lat' dir='ltr'>enim,</span> <span class='ocrx_word' id='word_1_28' title='bbox 642 760 733 835; x_wconf 85' lang='lat' dir='ltr'>Sicut,</span> <span class='ocrx_word' id='word_1_29' title='bbox 754 761 866 821; x_wconf 89' lang='lat' dir='ltr'>hicnon</span> 
     </span>
     <span class='ocr_line' id='line_1_5' title="bbox 61 850 868 931; baseline 0.009 -25"><span class='ocrx_word' id='word_1_30' title='bbox 61 879 65 914; x_wconf 88' lang='lat'>·‚</span> <span class='ocrx_word' id='word_1_31' title='bbox 117 863 269 910; x_wconf 79' lang='lat' dir='ltr'>accuratam</span> <span class='ocrx_word' id='word_1_32' title='bbox 283 850 391 912; x_wconf 83' lang='lat' dir='ltr'>denotat</span> <span class='ocrx_word' id='word_1_33' title='bbox 405 851 596 931; x_wconf 76' lang='lat' dir='ltr'>aequalitatem.</span> <span class='ocrx_word' id='word_1_34' title='bbox 611 854 649 912; x_wconf 95' lang='lat' dir='ltr'>Ut</span> <span class='ocrx_word' id='word_1_35' title='bbox 667 853 740 912; x_wconf 90' lang='lat' dir='ltr'>enim</span> <span class='ocrx_word' id='word_1_36' title='bbox 757 874 820 913; x_wconf 88' lang='lat' dir='ltr'>cum</span> <span class='ocrx_word' id='word_1_37' title='bbox 833 852 868 913; x_wconf 87' lang='lat' dir='ltr'>de</span> 
     </span>
     <span class='ocr_line' id='line_1_6' title="bbox 60 939 868 1019; baseline 0.01 -23"><span class='ocrx_word' id='word_1_38' title='bbox 60 981 66 991; x_wconf 89' lang='lat'>.</span> <span class='ocrx_word' id='word_1_39' title='bbox 118 939 177 1019; x_wconf 79' lang='lat' dir='ltr'>ipso</span> <span class='ocrx_word' id='word_1_40' title='bbox 190 953 216 998; x_wconf 87' lang='lat' dir='ltr'>et</span> <span class='ocrx_word' id='word_1_41' title='bbox 239 939 274 999; x_wconf 91' lang='lat' dir='ltr'>de</span> <span class='ocrx_word' id='word_1_42' title='bbox 289 943 369 1000; x_wconf 85' lang='lat' dir='ltr'>Patre</span> <span class='ocrx_word' id='word_1_43' title='bbox 382 940 465 1019; x_wconf 90' lang='lat' dir='ltr'>illud,</span> <span class='ocrx_word' id='word_1_44' title='bbox 487 943 579 1015; x_wconf 86' lang='lat' dir='ltr'>Sicut,</span> <span class='ocrx_word' id='word_1_45' title='bbox 603 941 714 1019; x_wconf 88' lang='lat' dir='ltr'>dicitur,</span> <span class='ocrx_word' id='word_1_46' title='bbox 727 942 814 1002; x_wconf 80' lang='lat' dir='ltr'>mrtlta</span> <span class='ocrx_word' id='word_1_47' title='bbox 831 944 868 1004; x_wconf 90' lang='lat' dir='ltr'>ob</span> 
     </span>
     <span class='ocr_line' id='line_1_7' title="bbox 61 1034 868 1115; baseline 0.009 -26"><span class='ocrx_word' id='word_1_48' title='bbox 61 1095 64 1109; x_wconf 54' lang='lat'>‚</span> <span class='ocrx_word' id='word_1_49' title='bbox 118 1046 220 1091; x_wconf 79' lang='lat' dir='ltr'>natura</span> <span class='ocrx_word' id='word_1_50' title='bbox 248 1034 434 1113; x_wconf 75' lang='lat' dir='ltr'>dignationem</span> <span class='ocrx_word' id='word_1_51' title='bbox 459 1034 597 1095; x_wconf 84' lang='lat' dir='ltr'>indicatur</span> <span class='ocrx_word' id='word_1_52' title='bbox 623 1035 765 1115; x_wconf 76' lang='lat' dir='ltr'>aeqttalitac</span> <span class='ocrx_word' id='word_1_53' title='bbox 791 1059 798 1093; x_wconf 76' lang='grc' dir='ltr'><strong>ε</strong></span> <span class='ocrx_word' id='word_1_54' title='bbox 828 1035 868 1096; x_wconf 81' lang='lat' dir='ltr'>sic</span> 
     </span>
     <span class='ocr_line' id='line_1_8' title="bbox 61 1125 1021 1212; baseline 0.008 -29"><span class='ocrx_word' id='word_1_55' title='bbox 61 1156 64 1189; x_wconf 62' lang='grc' dir='ltr'><strong>ι</strong></span> <span class='ocrx_word' id='word_1_56' title='bbox 118 1148 180 1185; x_wconf 90' lang='lat' dir='ltr'>cum</span> <span class='ocrx_word' id='word_1_57' title='bbox 196 1125 252 1186; x_wconf 93' lang='lat' dir='ltr'>de</span> <span class='ocrx_word' id='word_1_58' title='bbox 244 1148 303 1208; x_wconf 80' lang='lat' dir='ltr'>ipso</span> <span class='ocrx_word' id='word_1_59' title='bbox 317 1141 343 1187; x_wconf 90' lang='lat' dir='ltr'>et</span> <span class='ocrx_word' id='word_1_60' title='bbox 356 1127 391 1187; x_wconf 88' lang='lat' dir='ltr'>de</span> <span class='ocrx_word' id='word_1_61' title='bbox 403 1128 482 1187; x_wconf 90' lang='lat' dir='ltr'>nobis</span> <span class='ocrx_word' id='word_1_62' title='bbox 496 1128 608 1206; x_wconf 88' lang='lat' dir='ltr'>dicitur,</span> <span class='ocrx_word' id='word_1_63' title='bbox 625 1129 711 1188; x_wconf 87' lang='lat' dir='ltr'>multa</span> <span class='ocrx_word' id='word_1_64' title='bbox 729 1128 867 1208; x_wconf 81' lang='lat' dir='ltr'>significa·</span> <span class='ocrx_word' id='word_1_65' title='bbox 917 1151 1021 1212; x_wconf 70' lang='lat' dir='ltr'>AEquntt-</span> 
     </span>
     <span class='ocr_line' id='line_1_9' title="bbox 61 1218 1020 1320; baseline -0.002 -43"><span class='ocrx_word' id='word_1_66' title='bbox 61 1261 62 1269; x_wconf 32' lang='lat'>,</span> <span class='ocrx_word' id='word_1_67' title='bbox 118 1232 162 1277; x_wconf 91' lang='lat' dir='ltr'>tur</span> <span class='ocrx_word' id='word_1_68' title='bbox 175 1218 318 1280; x_wconf 81' lang='lat' dir='ltr'>diversitas</span> <span class='ocrx_word' id='word_1_69' title='bbox 332 1220 368 1279; x_wconf 89' lang='lat' dir='ltr'>ob</span> <span class='ocrx_word' id='word_1_70' title='bbox 387 1241 517 1299; x_wconf 77' lang='lat' dir='ltr'>magnum</span> <span class='ocrx_word' id='word_1_71' title='bbox 527 1236 553 1281; x_wconf 88' lang='lat' dir='ltr'>et</span> <span class='ocrx_word' id='word_1_72' title='bbox 565 1222 704 1282; x_wconf 85' lang='lat' dir='ltr'>infinitum</span> <span class='ocrx_word' id='word_1_73' title='bbox 720 1220 866 1282; x_wconf 73' lang='lat' dir='ltr'>discrimen</span> <span class='ocrx_word' id='word_1_74' title='bbox 875 1226 907 1262; x_wconf 79' lang='lat'>¹⁸¹</span> <span class='ocrx_word' id='word_1_75' title='bbox 916 1231 1020 1320; x_wconf 50' lang='lat' dir='ltr'>t‘tpw·</span> 
     </span>
     <span class='ocr_line' id='line_1_10' title="bbox 61 1281 1020 1392; baseline 0.004 -21"><span class='ocrx_word' id='word_1_76' title='bbox 61 1348 63 1371; x_wconf 85' lang='lat' dir='ltr'>t</span> <span class='ocrx_word' id='word_1_77' title='bbox 118 1325 187 1370; x_wconf 83' lang='lat' dir='ltr'>inter</span> <span class='ocrx_word' id='word_1_78' title='bbox 197 1327 340 1392; x_wconf 87' lang='lat' dir='ltr'>utramque</span> <span class='ocrx_word' id='word_1_79' title='bbox 358 1327 493 1372; x_wconf 87' lang='lat' dir='ltr'>naturam.</span> <span class='ocrx_word' id='word_1_80' title='bbox 509 1316 581 1373; x_wconf 86' lang='lat' dir='ltr'>Nam</span> <span class='ocrx_word' id='word_1_81' title='bbox 598 1337 622 1374; x_wconf 87' lang='lat' dir='ltr'>sr</span> <span class='ocrx_word' id='word_1_82' title='bbox 615 1314 795 1374; x_wconf 83' lang='lat' dir='ltr'>Peccatum</span> <span class='ocrx_word' id='word_1_83' title='bbox 807 1336 866 1375; x_wconf 84' lang='lat' dir='ltr'>non</span> <span class='ocrx_word' id='word_1_84' title='bbox 876 1293 957 1387; x_wconf 64' lang='lat' dir='ltr'>:imm</span> <span class='ocrx_word' id='word_1_85' title='bbox 961 1281 1020 1384; x_wconf 60' lang='lat'>,⁸⁸¹⁰</span> 
     </span>
     <span class='ocr_line' id='line_1_11' title="bbox 61 1400 1018 1491; baseline 0.008 -28.365"><span class='ocrx_word' id='word_1_86' title='bbox 61 1407 199 1487; x_wconf 83' lang='lat' dir='ltr'>·‚secit</span> <span class='ocrx_word' id='word_1_87' title='bbox 212 1428 305 1488; x_wconf 76' lang='lat' dir='ltr'>neque</span> <span class='ocrx_word' id='word_1_88' title='bbox 320 1408 426 1466; x_wconf 80' lang='lat' dir='ltr'>dolus</span> <span class='ocrx_word' id='word_1_89' title='bbox 415 1421 550 1468; x_wconf 74' lang='lat' dir='ltr'>inventus</span> <span class='ocrx_word' id='word_1_90' title='bbox 561 1422 603 1468; x_wconf 86' lang='lat' dir='ltr'>est</span> <span class='ocrx_word' id='word_1_91' title='bbox 612 1429 784 1491; x_wconf 69' lang='lat' dir='ltr'>cnoreepus,</span> <span class='ocrx_word' id='word_1_92' title='bbox 801 1403 936 1488; x_wconf 72' lang='lat' dir='ltr'>quo-¹⁸⁶¹·</span> <span class='ocrx_word' id='word_1_93' title='bbox 944 1400 984 1450; x_wconf 82' lang='lat'>⁵³·</span> <span class='ocrx_word' id='word_1_94' title='bbox 994 1416 1018 1463; x_wconf 82' lang='lat'>⁹·</span> 
     </span>
     <span class='ocr_line' id='line_1_12' title="bbox 61 1466 1017 1584; baseline 0.005 -27"><span class='ocrx_word' id='word_1_95' title='bbox 61 1529 63 1547; x_wconf 88' lang='lat'><em>·</em></span> <span class='ocrx_word' id='word_1_96' title='bbox 118 1499 199 1558; x_wconf 88' lang='lat' dir='ltr'>modo</span> <span class='ocrx_word' id='word_1_97' title='bbox 217 1499 320 1581; x_wconf 82' lang='lat' dir='ltr'><strong>possint</strong></span> <span class='ocrx_word' id='word_1_98' title='bbox 337 1500 452 1582; x_wconf 85' lang='lat' dir='ltr'>apostoli</span> <span class='ocrx_word' id='word_1_99' title='bbox 465 1499 507 1559; x_wconf 88' lang='lat' dir='ltr'>illi</span> <span class='ocrx_word' id='word_1_100' title='bbox 522 1501 697 1582; x_wconf 78' lang='lat' dir='ltr'>comparari?</span> <span class='ocrx_word' id='word_1_101' title='bbox 712 1501 789 1574; x_wconf 89' lang='lat' dir='ltr'><strong>Quid</strong></span> <span class='ocrx_word' id='word_1_102' title='bbox 803 1524 867 1584; x_wconf 78' lang='lat' dir='ltr'>ergo</span> <span class='ocrx_word' id='word_1_103' title='bbox 877 1466 978 1574; x_wconf 44' lang='lat' dir='ltr'>:fem</span> <span class='ocrx_word' id='word_1_104' title='bbox 995 1479 1017 1510; x_wconf 71' lang='lat'>²</span> 
     </span>
     <span class='ocr_line' id='line_1_13' title="bbox 61 1588 868 1706; baseline 0.008 -58.163"><span class='ocrx_word' id='word_1_105' title='bbox 61 1608 100 1706; x_wconf 79' lang='lat' dir='ltr'>,n</span> <span class='ocrx_word' id='word_1_106' title='bbox 118 1588 171 1649; x_wconf 82' lang='lat' dir='ltr'>siti</span> <span class='ocrx_word' id='word_1_107' title='bbox 184 1593 254 1667; x_wconf 86' lang='lat' dir='ltr'>vult,</span> <span class='ocrx_word' id='word_1_108' title='bbox 268 1595 315 1651; x_wconf 86' lang='lat' dir='ltr'>De</span> <span class='ocrx_word' id='word_1_109' title='bbox 325 1594 435 1651; x_wconf 84' lang='lat' dir='ltr'>mundo</span> <span class='ocrx_word' id='word_1_110' title='bbox 445 1613 505 1651; x_wconf 82' lang='lat' dir='ltr'>non</span> <span class='ocrx_word' id='word_1_111' title='bbox 518 1600 611 1652; x_wconf 81' lang='lat' dir='ltr'>sunt?</span> <span class='ocrx_word' id='word_1_112' title='bbox 631 1592 675 1652; x_wconf 74' lang='lat' dir='ltr'>td</span> <span class='ocrx_word' id='word_1_113' title='bbox 689 1593 767 1653; x_wconf 83' lang='lat' dir='ltr'>aliud</span> <span class='ocrx_word' id='word_1_114' title='bbox 782 1596 868 1676; x_wconf 84' lang='lat' dir='ltr'>respi-</span> 
     </span>
     <span class='ocr_line' id='line_1_14' title="bbox 61 1683 868 1761; baseline 0.009 -21"><span class='ocrx_word' id='word_1_115' title='bbox 61 1739 63 1751; x_wconf 83' lang='grc'>,</span> <span class='ocrx_word' id='word_1_116' title='bbox 118 1683 202 1758; x_wconf 91' lang='lat' dir='ltr'>ciunt,</span> <span class='ocrx_word' id='word_1_117' title='bbox 216 1685 287 1745; x_wconf 84' lang='lat' dir='ltr'>nibil</span> <span class='ocrx_word' id='word_1_118' title='bbox 301 1707 363 1744; x_wconf 91' lang='lat' dir='ltr'>cum</span> <span class='ocrx_word' id='word_1_119' title='bbox 376 1699 447 1745; x_wconf 87' lang='lat' dir='ltr'>terra</span> <span class='ocrx_word' id='word_1_120' title='bbox 464 1707 606 1745; x_wconf 89' lang='lat' dir='ltr'>commune</span> <span class='ocrx_word' id='word_1_121' title='bbox 625 1685 736 1761; x_wconf 85' lang='lat' dir='ltr'>habent,</span> <span class='ocrx_word' id='word_1_122' title='bbox 749 1686 796 1746; x_wconf 85' lang='lat' dir='ltr'>sed</span> <span class='ocrx_word' id='word_1_123' title='bbox 816 1709 868 1747; x_wconf 73' lang='lat' dir='ltr'>ue·</span> 
     </span>
     <span class='ocr_line' id='line_1_15' title="bbox 61 1775 867 1839; baseline 0.007 -6"><span class='ocrx_word' id='word_1_124' title='bbox 61 1817 64 1827; x_wconf 85' lang='lat'>.</span> <span class='ocrx_word' id='word_1_125' title='bbox 117 1775 205 1836; x_wconf 90' lang='lat' dir='ltr'>lorum</span> <span class='ocrx_word' id='word_1_126' title='bbox 225 1778 290 1837; x_wconf 86' lang='lat' dir='ltr'>lacti</span> <span class='ocrx_word' id='word_1_127' title='bbox 304 1791 367 1837; x_wconf 89' lang='lat' dir='ltr'>sunt</span> <span class='ocrx_word' id='word_1_128' title='bbox 393 1779 477 1839; x_wconf 85' lang='lat' dir='ltr'>cives.</span> <span class='ocrx_word' id='word_1_129' title='bbox 493 1778 543 1838; x_wconf 85' lang='lat' dir='ltr'>llis</span> <span class='ocrx_word' id='word_1_130' title='bbox 558 1799 623 1838; x_wconf 84' lang='lat' dir='ltr'>vero</span> <span class='ocrx_word' id='word_1_131' title='bbox 643 1800 764 1838; x_wconf 89' lang='lat' dir='ltr'>amorem</span> <span class='ocrx_word' id='word_1_132' title='bbox 787 1800 867 1839; x_wconf 83' lang='lat' dir='ltr'>suum</span> 
     </span>
     <span class='ocr_line' id='line_1_16' title="bbox 61 1869 867 1952; baseline 0.009 -26"><span class='ocrx_word' id='word_1_133' title='bbox 61 1925 63 1940; x_wconf 74' lang='lat'>‚</span> <span class='ocrx_word' id='word_1_134' title='bbox 117 1869 243 1947; x_wconf 77' lang='lat' dir='ltr'>ostendit,</span> <span class='ocrx_word' id='word_1_135' title='bbox 255 1893 317 1930; x_wconf 89' lang='lat' dir='ltr'>cum</span> <span class='ocrx_word' id='word_1_136' title='bbox 330 1870 406 1952; x_wconf 88' lang='lat' dir='ltr'>apud</span> <span class='ocrx_word' id='word_1_137' title='bbox 423 1874 530 1931; x_wconf 89' lang='lat' dir='ltr'>Patrem</span> <span class='ocrx_word' id='word_1_138' title='bbox 542 1871 636 1931; x_wconf 88' lang='lat' dir='ltr'>laudat</span> <span class='ocrx_word' id='word_1_139' title='bbox 652 1872 724 1950; x_wconf 89' lang='lat' dir='ltr'>illos,</span> <span class='ocrx_word' id='word_1_140' title='bbox 740 1885 767 1931; x_wconf 87' lang='lat' dir='ltr'>et</span> <span class='ocrx_word' id='word_1_141' title='bbox 782 1874 867 1933; x_wconf 87' lang='lat' dir='ltr'>Geni·</span> 
     </span>
     <span class='ocr_line' id='line_1_17' title="bbox 61 1962 864 2043; baseline 0.007 -24"><span class='ocrx_word' id='word_1_142' title='bbox 61 1996 62 2004; x_wconf 27' lang='grc' dir='ltr'><strong>κ</strong></span> <span class='ocrx_word' id='word_1_143' title='bbox 116 1962 168 2020; x_wconf 86' lang='lat' dir='ltr'>tori</span> <span class='ocrx_word' id='word_1_144' title='bbox 191 1962 370 2023; x_wconf 85' lang='lat' dir='ltr'><strong>commendat.</strong></span> <span class='ocrx_word' id='word_1_145' title='bbox 397 1966 467 2024; x_wconf 86' lang='lat' dir='ltr'>Cum</span> <span class='ocrx_word' id='word_1_146' title='bbox 491 1964 563 2024; x_wconf 80' lang='lat' dir='ltr'>dixit</span> <span class='ocrx_word' id='word_1_147' title='bbox 577 1978 687 2043; x_wconf 66' lang='lat' dir='ltr'>autem,</span> <span class='ocrx_word' id='word_1_148' title='bbox 700 1966 791 2025; x_wconf 81' lang='lat' dir='ltr'>Serva</span> <span class='ocrx_word' id='word_1_149' title='bbox 805 1987 864 2039; x_wconf 87' lang='lat' dir='ltr'>eos,</span> 
     </span>
     <span class='ocr_line' id='line_1_18' title="bbox 116 2057 866 2139; baseline 0.009 -27"><span class='ocrx_word' id='word_1_150' title='bbox 116 2075 168 2113; x_wconf 90' lang='lat' dir='ltr'>non</span> <span class='ocrx_word' id='word_1_151' title='bbox 190 2057 278 2115; x_wconf 86' lang='lat' dir='ltr'>solum</span> <span class='ocrx_word' id='word_1_152' title='bbox 295 2070 371 2137; x_wconf 83' lang='lat' dir='ltr'>rogat</span> <span class='ocrx_word' id='word_1_153' title='bbox 395 2071 425 2116; x_wconf 93' lang='lat' dir='ltr'>ut</span> <span class='ocrx_word' id='word_1_154' title='bbox 449 2078 465 2116; x_wconf 86' lang='lat' dir='ltr'>a</span> <span class='ocrx_word' id='word_1_155' title='bbox 485 2057 614 2139; x_wconf 86' lang='lat' dir='ltr'>periculis</span> <span class='ocrx_word' id='word_1_156' title='bbox 628 2058 691 2116; x_wconf 82' lang='lat' dir='ltr'>illos</span> <span class='ocrx_word' id='word_1_157' title='bbox 710 2059 866 2135; x_wconf 80' lang='lat' dir='ltr'>eruat;sed</span> 
     </span>
     <span class='ocr_line' id='line_1_19' title="bbox 114 2147 865 2230; baseline 0.008 -26"><span class='ocrx_word' id='word_1_158' title='bbox 114 2147 206 2224; x_wconf 84' lang='lat' dir='ltr'>etiam,</span> <span class='ocrx_word' id='word_1_159' title='bbox 228 2162 259 2207; x_wconf 95' lang='lat' dir='ltr'>ut</span> <span class='ocrx_word' id='word_1_160' title='bbox 284 2149 311 2209; x_wconf 92' lang='lat' dir='ltr'>in</span> <span class='ocrx_word' id='word_1_161' title='bbox 337 2148 393 2208; x_wconf 83' lang='lat' dir='ltr'>fide</span> <span class='ocrx_word' id='word_1_162' title='bbox 416 2164 620 2230; x_wconf 82' lang='lat' dir='ltr'>permaneant:</span> <span class='ocrx_word' id='word_1_163' title='bbox 649 2149 713 2208; x_wconf 92' lang='lat' dir='ltr'>ideo</span> <span class='ocrx_word' id='word_1_164' title='bbox 742 2149 865 2226; x_wconf 86' lang='lat' dir='ltr'>addidit,</span> 
     </span>
     <span class='ocr_line' id='line_1_20' title="bbox 114 2242 865 2324; baseline 0.012 -27"><span class='ocrx_word' id='word_1_165' title='bbox 114 2242 161 2298; x_wconf 74' lang='lat'>17.</span> <span class='ocrx_word' id='word_1_166' title='bbox 172 2243 333 2324; x_wconf 73' lang='lat' dir='ltr'>Sanctifica</span> <span class='ocrx_word' id='word_1_167' title='bbox 344 2264 391 2302; x_wconf 84' lang='lat' dir='ltr'>eos</span> <span class='ocrx_word' id='word_1_168' title='bbox 400 2248 431 2301; x_wconf 81' lang='lat' dir='ltr'>in</span> <span class='ocrx_word' id='word_1_169' title='bbox 442 2247 572 2303; x_wconf 79' lang='lat' dir='ltr'>veritate</span> <span class='ocrx_word' id='word_1_170' title='bbox 584 2257 650 2313; x_wconf 67' lang='lat' dir='ltr'>tuan·</span> <span class='ocrx_word' id='word_1_171' title='bbox 661 2258 768 2304; x_wconf 80' lang='lat' dir='ltr'>sanctos</span> <span class='ocrx_word' id='word_1_172' title='bbox 780 2244 865 2306; x_wconf 82' lang='lat' dir='ltr'>redde</span> 
     </span>
     <span class='ocr_line' id='line_1_21' title="bbox 112 2333 864 2419; baseline 0.008 -27"><span class='ocrx_word' id='word_1_173' title='bbox 112 2355 162 2412; x_wconf 87' lang='lat' dir='ltr'>per</span> <span class='ocrx_word' id='word_1_174' title='bbox 174 2333 277 2394; x_wconf 93' lang='lat' dir='ltr'>donum</span> <span class='ocrx_word' id='word_1_175' title='bbox 287 2336 406 2416; x_wconf 80' lang='lat' dir='ltr'>Spiritus</span> <span class='ocrx_word' id='word_1_176' title='bbox 418 2350 444 2396; x_wconf 92' lang='lat' dir='ltr'>et</span> <span class='ocrx_word' id='word_1_177' title='bbox 456 2358 505 2419; x_wconf 89' lang='lat' dir='ltr'>per</span> <span class='ocrx_word' id='word_1_178' title='bbox 518 2351 590 2396; x_wconf 88' lang='lat' dir='ltr'>recta</span> <span class='ocrx_word' id='word_1_179' title='bbox 604 2335 746 2418; x_wconf 78' lang='lat' dir='ltr'>dogmata3</span> <span class='ocrx_word' id='word_1_180' title='bbox 760 2352 790 2398; x_wconf 88' lang='lat' dir='ltr'>ut</span> <span class='ocrx_word' id='word_1_181' title='bbox 802 2360 864 2398; x_wconf 91' lang='lat' dir='ltr'>cum</span> 
     </span>
     <span class='ocr_line' id='line_1_22' title="bbox 113 2427 1015 2512; baseline 0.006 -25"><span class='ocrx_word' id='word_1_182' title='bbox 113 2427 190 2501; x_wconf 88' lang='lat' dir='ltr'>dicit,</span> <span class='ocrx_word' id='word_1_183' title='bbox 201 2432 309 2488; x_wconf 71' lang='lat' dir='ltr'>Mundi</span> <span class='ocrx_word' id='word_1_184' title='bbox 322 2435 390 2490; x_wconf 84' lang='lat' dir='ltr'>estis</span> <span class='ocrx_word' id='word_1_185' title='bbox 397 2442 515 2511; x_wconf 84' lang='lat' dir='ltr'>propter</span> <span class='ocrx_word' id='word_1_186' title='bbox 527 2451 700 2504; x_wconf 82' lang='lat' dir='ltr'>sermonem,</span> <span class='ocrx_word' id='word_1_187' title='bbox 717 2452 805 2512; x_wconf 82' lang='lat' dir='ltr'>quem</span> <span class='ocrx_word' id='word_1_188' title='bbox 819 2434 863 2491; x_wconf 88' lang='lat' dir='ltr'>lo·</span> <span class='ocrx_word' id='word_1_189' title='bbox 873 2455 941 2501; x_wconf 72' lang='lat' dir='ltr'>tm.</span> <span class='ocrx_word' id='word_1_190' title='bbox 952 2453 1015 2503; x_wconf 69' lang='lat'>153.</span> 
     </span>
     <span class='ocr_line' id='line_1_23' title="bbox 113 2522 864 2603; baseline 0.007 -23"><span class='ocrx_word' id='word_1_191' title='bbox 113 2535 219 2601; x_wconf 80' lang='lat' dir='ltr'>quotus</span> <span class='ocrx_word' id='word_1_192' title='bbox 234 2543 299 2581; x_wconf 84' lang='lat' dir='ltr'>sum</span> <span class='ocrx_word' id='word_1_193' title='bbox 315 2526 413 2592; x_wconf 61' lang='lat' dir='ltr'>vobin</span> <span class='ocrx_word' id='word_1_194' title='bbox 432 2523 555 2603; x_wconf 87' lang='lat' dir='ltr'>idipsum</span> <span class='ocrx_word' id='word_1_195' title='bbox 575 2542 647 2582; x_wconf 89' lang='lat' dir='ltr'>nunc</span> <span class='ocrx_word' id='word_1_196' title='bbox 660 2522 699 2582; x_wconf 86' lang='lat' dir='ltr'>ait</span> <span class='ocrx_word' id='word_1_197' title='bbox 718 2546 726 2580; x_wconf 74' lang='grc' dir='ltr'><strong><em>ε</em></strong></span> <span class='ocrx_word' id='word_1_198' title='bbox 747 2523 864 2585; x_wconf 87' lang='lat' dir='ltr'>lustitue</span> 
     </span>
     <span class='ocr_line' id='line_1_24' title="bbox 75 2612 865 2699; baseline 0.009 -29"><span class='ocrx_word' id='word_1_199' title='bbox 75 2625 93 2671; x_wconf 80' lang='grc' dir='ltr'>Ε</span> <span class='ocrx_word' id='word_1_200' title='bbox 112 2612 184 2689; x_wconf 91' lang='lat' dir='ltr'>illos,</span> <span class='ocrx_word' id='word_1_201' title='bbox 200 2613 267 2674; x_wconf 85' lang='lat' dir='ltr'>doce</span> <span class='ocrx_word' id='word_1_202' title='bbox 280 2615 432 2675; x_wconf 86' lang='lat' dir='ltr'>veritatem.</span> <span class='ocrx_word' id='word_1_203' title='bbox 456 2615 539 2694; x_wconf 76' lang='lat' dir='ltr'>Atqui</span> <span class='ocrx_word' id='word_1_204' title='bbox 552 2615 606 2674; x_wconf 88' lang='lat' dir='ltr'>hoc</span> <span class='ocrx_word' id='word_1_205' title='bbox 619 2615 755 2699; x_wconf 86' lang='lat' dir='ltr'>Spiritum</span> <span class='ocrx_word' id='word_1_206' title='bbox 776 2616 865 2677; x_wconf 82' lang='lat' dir='ltr'>lacere</span> 
     </span>
     <span class='ocr_line' id='line_1_25' title="bbox 112 2707 863 2791; baseline 0.007 -26"><span class='ocrx_word' id='word_1_207' title='bbox 112 2707 189 2767; x_wconf 87' lang='lat' dir='ltr'>dicit.</span> <span class='ocrx_word' id='word_1_208' title='bbox 207 2709 263 2767; x_wconf 91' lang='lat' dir='ltr'>Cur</span> <span class='ocrx_word' id='word_1_209' title='bbox 273 2724 364 2768; x_wconf 87' lang='lat' dir='ltr'>autem</span> <span class='ocrx_word' id='word_1_210' title='bbox 379 2708 449 2768; x_wconf 92' lang='lat' dir='ltr'>illud</span> <span class='ocrx_word' id='word_1_211' title='bbox 463 2731 478 2768; x_wconf 89' lang='lat' dir='ltr'>a</span> <span class='ocrx_word' id='word_1_212' title='bbox 493 2710 572 2768; x_wconf 86' lang='lat' dir='ltr'>Patre</span> <span class='ocrx_word' id='word_1_213' title='bbox 585 2730 657 2768; x_wconf 92' lang='lat' dir='ltr'>nuuc</span> <span class='ocrx_word' id='word_1_214' title='bbox 671 2709 811 2791; x_wconf 78' lang='lat' dir='ltr'>postulat?</span> <span class='ocrx_word' id='word_1_215' title='bbox 824 2713 863 2771; x_wconf 88' lang='lat' dir='ltr'>Ut</span> 
     </span>
     <span class='ocr_line' id='line_1_26' title="bbox 113 2802 863 2884; baseline 0.005 -24"><span class='ocrx_word' id='word_1_216' title='bbox 113 2823 221 2862; x_wconf 88' lang='lat' dir='ltr'>rursum</span> <span class='ocrx_word' id='word_1_217' title='bbox 233 2803 412 2881; x_wconf 68' lang='lat' dir='ltr'>equalitatem</span> <span class='ocrx_word' id='word_1_218' title='bbox 424 2803 522 2862; x_wconf 82' lang='lat' dir='ltr'>discas.</span> <span class='ocrx_word' id='word_1_219' title='bbox 535 2804 617 2861; x_wconf 80' lang='lat' dir='ltr'>Recta</span> <span class='ocrx_word' id='word_1_220' title='bbox 633 2802 736 2884; x_wconf 89' lang='lat' dir='ltr'>quippe</span> <span class='ocrx_word' id='word_1_221' title='bbox 754 2803 789 2862; x_wconf 88' lang='lat' dir='ltr'>de</span> <span class='ocrx_word' id='word_1_222' title='bbox 803 2805 863 2864; x_wconf 87' lang='lat' dir='ltr'>Deo</span> 
     </span>
     <span class='ocr_line' id='line_1_27' title="bbox 112 2894 864 2975; baseline 0.005 -22"><span class='ocrx_word' id='word_1_223' title='bbox 112 2894 238 2975; x_wconf 79' lang='lat' dir='ltr'>dogmata</span> <span class='ocrx_word' id='word_1_224' title='bbox 260 2896 380 2955; x_wconf 87' lang='lat' dir='ltr'>animam</span> <span class='ocrx_word' id='word_1_225' title='bbox 400 2896 578 2955; x_wconf 86' lang='lat' dir='ltr'>sanctificant.</span> <span class='ocrx_word' id='word_1_226' title='bbox 606 2895 636 2955; x_wconf 88' lang='lat' dir='ltr'>Si</span> <span class='ocrx_word' id='word_1_227' title='bbox 660 2909 750 2955; x_wconf 70' lang='lat' dir='ltr'>aretem</span> <span class='ocrx_word' id='word_1_228' title='bbox 779 2897 864 2957; x_wconf 87' lang='lat' dir='ltr'>verbo</span> 
     </span>
     <span class='ocr_line' id='line_1_28' title="bbox 111 2986 863 3064; baseline 0.004 -19"><span class='ocrx_word' id='word_1_229' title='bbox 111 2989 274 3048; x_wconf 85' lang='lat' dir='ltr'>sanctificari</span> <span class='ocrx_word' id='word_1_230' title='bbox 295 2988 373 3064; x_wconf 87' lang='lat' dir='ltr'>dicit,</span> <span class='ocrx_word' id='word_1_231' title='bbox 397 3009 430 3047; x_wconf 94' lang='lat' dir='ltr'>ne</span> <span class='ocrx_word' id='word_1_232' title='bbox 449 2987 567 3047; x_wconf 84' lang='lat' dir='ltr'>mireris.</span> <span class='ocrx_word' id='word_1_233' title='bbox 582 2987 664 3059; x_wconf 90' lang='lat' dir='ltr'>Quod</span> <span class='ocrx_word' id='word_1_234' title='bbox 679 3008 743 3047; x_wconf 83' lang='lat' dir='ltr'>vero</span> <span class='ocrx_word' id='word_1_235' title='bbox 757 2986 792 3047; x_wconf 86' lang='lat' dir='ltr'>de</span> <span class='ocrx_word' id='word_1_236' title='bbox 815 2987 863 3048; x_wconf 90' lang='lat' dir='ltr'>do·</span> 
     </span>
     <span class='ocr_line' id='line_1_29' title="bbox 111 3079 862 3160; baseline 0.004 -21"><span class='ocrx_word' id='word_1_237' title='bbox 111 3081 197 3140; x_wconf 89' lang='lat' dir='ltr'>ctrina</span> <span class='ocrx_word' id='word_1_238' title='bbox 213 3081 350 3160; x_wconf 90' lang='lat' dir='ltr'>loquatur,</span> <span class='ocrx_word' id='word_1_239' title='bbox 368 3080 412 3140; x_wconf 90' lang='lat' dir='ltr'>his</span> <span class='ocrx_word' id='word_1_240' title='bbox 433 3080 523 3140; x_wconf 84' lang='lat' dir='ltr'>verbis</span> <span class='ocrx_word' id='word_1_241' title='bbox 547 3079 656 3139; x_wconf 90' lang='lat' dir='ltr'>innuit:</span> <span class='ocrx_word' id='word_1_242' title='bbox 672 3080 772 3141; x_wconf 69' lang='lat' dir='ltr'>&amp;nmo</span> <span class='ocrx_word' id='word_1_243' title='bbox 796 3093 862 3142; x_wconf 82' lang='lat' dir='ltr'>tuus</span> 
     </span>
     <span class='ocr_line' id='line_1_30' title="bbox 110 3171 859 3252; baseline 0.004 -22"><span class='ocrx_word' id='word_1_244' title='bbox 110 3177 221 3231; x_wconf 77' lang='lat' dir='ltr'>ueritas</span> <span class='ocrx_word' id='word_1_245' title='bbox 252 3186 309 3247; x_wconf 85' lang='lat' dir='ltr'>est;</span> <span class='ocrx_word' id='word_1_246' title='bbox 324 3172 376 3231; x_wconf 90' lang='lat' dir='ltr'>hoc</span> <span class='ocrx_word' id='word_1_247' title='bbox 399 3185 449 3248; x_wconf 87' lang='lat' dir='ltr'>est,</span> <span class='ocrx_word' id='word_1_248' title='bbox 468 3171 545 3231; x_wconf 88' lang='lat' dir='ltr'>Nihil</span> <span class='ocrx_word' id='word_1_249' title='bbox 570 3171 703 3231; x_wconf 85' lang='lat' dir='ltr'>mendacii</span> <span class='ocrx_word' id='word_1_250' title='bbox 726 3171 754 3232; x_wconf 89' lang='lat' dir='ltr'>in</span> <span class='ocrx_word' id='word_1_251' title='bbox 779 3171 859 3252; x_wconf 67' lang='lat' dir='ltr'>ipso,</span> 
     </span>
     <span class='ocr_line' id='line_1_31' title="bbox 109 3264 858 3349; baseline 0.003 -24"><span class='ocrx_word' id='word_1_252' title='bbox 109 3266 218 3326; x_wconf 91' lang='lat' dir='ltr'>omnino</span> <span class='ocrx_word' id='word_1_253' title='bbox 240 3268 342 3349; x_wconf 87' lang='lat' dir='ltr'>quippe</span> <span class='ocrx_word' id='word_1_254' title='bbox 362 3280 465 3348; x_wconf 86' lang='lat' dir='ltr'>oportet</span> <span class='ocrx_word' id='word_1_255' title='bbox 479 3266 569 3325; x_wconf 88' lang='lat' dir='ltr'>omnia</span> <span class='ocrx_word' id='word_1_256' title='bbox 582 3264 655 3325; x_wconf 83' lang='lat' dir='ltr'>dicta</span> <span class='ocrx_word' id='word_1_257' title='bbox 669 3266 727 3347; x_wconf 89' lang='lat' dir='ltr'>ejus</span> <span class='ocrx_word' id='word_1_258' title='bbox 741 3266 858 3344; x_wconf 80' lang='lat' dir='ltr'>evenire3</span> 
     </span>
     <span class='ocr_line' id='line_1_32' title="bbox 109 3358 860 3439; baseline 0.004 -23"><span class='ocrx_word' id='word_1_259' title='bbox 109 3373 134 3417; x_wconf 88' lang='lat' dir='ltr'>et</span> <span class='ocrx_word' id='word_1_260' title='bbox 147 3358 220 3438; x_wconf 93' lang='lat' dir='ltr'>quod</span> <span class='ocrx_word' id='word_1_261' title='bbox 235 3358 304 3419; x_wconf 91' lang='lat' dir='ltr'>nihil</span> <span class='ocrx_word' id='word_1_262' title='bbox 320 3359 467 3439; x_wconf 80' lang='lat' dir='ltr'>figuratum</span> <span class='ocrx_word' id='word_1_263' title='bbox 491 3358 536 3418; x_wconf 82' lang='lat' dir='ltr'>vel</span> <span class='ocrx_word' id='word_1_264' title='bbox 551 3378 722 3439; x_wconf 89' lang='lat' dir='ltr'>corporeum,</span> <span class='ocrx_word' id='word_1_265' title='bbox 738 3358 777 3418; x_wconf 78' lang='lat' dir='ltr'>sic</span> <span class='ocrx_word' id='word_1_266' title='bbox 799 3380 860 3419; x_wconf 85' lang='lat' dir='ltr'>rur·</span> 
     </span>
     <span class='ocr_line' id='line_1_33' title="bbox 62 3450 987 3573; baseline 0.007 -63"><span class='ocrx_word' id='word_1_267' title='bbox 62 3502 98 3542; x_wconf 80' lang='lat' dir='ltr'>tot</span> <span class='ocrx_word' id='word_1_268' title='bbox 110 3474 170 3510; x_wconf 87' lang='lat' dir='ltr'>sum</span> <span class='ocrx_word' id='word_1_269' title='bbox 186 3451 312 3530; x_wconf 83' lang='lat' dir='ltr'>ostendit,</span> <span class='ocrx_word' id='word_1_270' title='bbox 330 3466 359 3511; x_wconf 88' lang='lat' dir='ltr'>ut</span> <span class='ocrx_word' id='word_1_271' title='bbox 379 3466 405 3511; x_wconf 89' lang='lat' dir='ltr'>ct</span> <span class='ocrx_word' id='word_1_272' title='bbox 424 3451 525 3511; x_wconf 84' lang='lat' dir='ltr'>Paulus</span> <span class='ocrx_word' id='word_1_273' title='bbox 535 3450 570 3510; x_wconf 84' lang='lat' dir='ltr'>de</span> <span class='ocrx_word' id='word_1_274' title='bbox 584 3450 703 3510; x_wconf 85' lang='lat' dir='ltr'>Ecclesia</span> <span class='ocrx_word' id='word_1_275' title='bbox 715 3451 775 3510; x_wconf 87' lang='lat' dir='ltr'>ait·</span> <span class='ocrx_word' id='word_1_276' title='bbox 791 3453 859 3512; x_wconf 82' lang='lat' dir='ltr'>san-</span> <span class='ocrx_word' id='word_1_277' title='bbox 845 3465 951 3573; x_wconf 70' lang='lat' dir='ltr'>-ttptee</span> <span class='ocrx_word' id='word_1_278' title='bbox 963 3467 987 3516; x_wconf 83' lang='lat'><strong><em>5</em></strong></span> 
     </span>
     <span class='ocr_line' id='line_1_34' title="bbox 72 3526 910 3607; baseline 0.004 -4"><span class='ocrx_word' id='word_1_279' title='bbox 72 3558 90 3603; x_wconf 84' lang='grc' dir='ltr'>Α</span> <span class='ocrx_word' id='word_1_280' title='bbox 109 3546 239 3605; x_wconf 86' lang='lat' dir='ltr'>ctificavit</span> <span class='ocrx_word' id='word_1_281' title='bbox 255 3568 314 3607; x_wconf 86' lang='lat' dir='ltr'>eam</span> <span class='ocrx_word' id='word_1_282' title='bbox 334 3547 361 3605; x_wconf 92' lang='lat' dir='ltr'>in</span> <span class='ocrx_word' id='word_1_283' title='bbox 375 3546 475 3606; x_wconf 79' lang='lat' dir='ltr'>verbis</span> <span class='ocrx_word' id='word_1_284' title='bbox 497 3544 571 3606; x_wconf 88' lang='lat' dir='ltr'>Solet</span> <span class='ocrx_word' id='word_1_285' title='bbox 582 3543 655 3604; x_wconf 88' lang='lat' dir='ltr'>enim</span> <span class='ocrx_word' id='word_1_286' title='bbox 668 3544 785 3606; x_wconf 87' lang='lat' dir='ltr'>verbum</span> <span class='ocrx_word' id='word_1_287' title='bbox 806 3526 910 3606; x_wconf 79' lang='lat' dir='ltr'>Dei²⁶</span> 
     </span>
     <span class='ocr_line' id='line_1_35' title="bbox 109 3638 858 3722; baseline 0.004 -25"><span class='ocrx_word' id='word_1_288' title='bbox 109 3662 233 3720; x_wconf 80' lang='lat' dir='ltr'>purgare</span> <span class='ocrx_word' id='word_1_289' title='bbox 257 3639 376 3701; x_wconf 87' lang='lat' dir='ltr'>Videtur</span> <span class='ocrx_word' id='word_1_290' title='bbox 400 3653 489 3699; x_wconf 88' lang='lat' dir='ltr'>autem</span> <span class='ocrx_word' id='word_1_291' title='bbox 515 3639 584 3698; x_wconf 89' lang='lat' dir='ltr'>mihi</span> <span class='ocrx_word' id='word_1_292' title='bbox 597 3638 669 3698; x_wconf 94' lang='lat' dir='ltr'>illud</span> <span class='ocrx_word' id='word_1_293' title='bbox 671 3640 858 3722; x_wconf 81' lang='lat' dir='ltr'>,Sanctificn</span> 
     </span>
     <span class='ocr_line' id='line_1_36' title="bbox 108 3732 857 3813; baseline 0.001 -22"><span class='ocrx_word' id='word_1_294' title='bbox 108 3753 164 3807; x_wconf 85' lang='lat' dir='ltr'>eos,</span> <span class='ocrx_word' id='word_1_295' title='bbox 187 3732 263 3792; x_wconf 88' lang='lat' dir='ltr'>aliud</span> <span class='ocrx_word' id='word_1_296' title='bbox 284 3754 394 3812; x_wconf 88' lang='lat' dir='ltr'>quoque</span> <span class='ocrx_word' id='word_1_297' title='bbox 418 3732 584 3812; x_wconf 79' lang='lat' dir='ltr'>significare3</span> <span class='ocrx_word' id='word_1_298' title='bbox 609 3753 714 3813; x_wconf 84' lang='lat' dir='ltr'>nempe,</span> <span class='ocrx_word' id='word_1_299' title='bbox 740 3734 857 3813; x_wconf 76' lang='lat' dir='ltr'>Segrega</span> 
     </span>
     <span class='ocr_line' id='line_1_37' title="bbox 108 3822 854 3906; baseline 0.001 -23"><span class='ocrx_word' id='word_1_300' title='bbox 108 3827 243 3884; x_wconf 82' lang='lat' dir='ltr'>cosvcrbo</span> <span class='ocrx_word' id='word_1_301' title='bbox 253 3840 278 3884; x_wconf 90' lang='lat' dir='ltr'>ct</span> <span class='ocrx_word' id='word_1_302' title='bbox 289 3825 488 3906; x_wconf 69' lang='lat' dir='ltr'>pradicationi3</span> <span class='ocrx_word' id='word_1_303' title='bbox 505 3822 577 3902; x_wconf 90' lang='lat' dir='ltr'>quod</span> <span class='ocrx_word' id='word_1_304' title='bbox 592 3824 681 3904; x_wconf 87' lang='lat' dir='ltr'>ipsum</span> <span class='ocrx_word' id='word_1_305' title='bbox 696 3845 731 3883; x_wconf 84' lang='lat' dir='ltr'>ex</span> <span class='ocrx_word' id='word_1_306' title='bbox 741 3846 854 3903; x_wconf 88' lang='lat' dir='ltr'>sequeu-</span> 
     </span>
     <span class='ocr_line' id='line_1_38' title="bbox 109 3915 857 3997; baseline -0.003 -21"><span class='ocrx_word' id='word_1_307' title='bbox 109 3918 180 3977; x_wconf 90' lang='lat' dir='ltr'>tibus</span> <span class='ocrx_word' id='word_1_308' title='bbox 193 3919 285 3997; x_wconf 87' lang='lat' dir='ltr'>liquet.</span> <span class='ocrx_word' id='word_1_309' title='bbox 300 3917 348 3977; x_wconf 87' lang='lat' dir='ltr'>t8.</span> <span class='ocrx_word' id='word_1_310' title='bbox 365 3918 445 3976; x_wconf 85' lang='lat' dir='ltr'>Sicut</span> <span class='ocrx_word' id='word_1_311' title='bbox 459 3921 537 3975; x_wconf 80' lang='lat' dir='ltr'>enim</span> <span class='ocrx_word' id='word_1_312' title='bbox 559 3938 613 3988; x_wconf 77' lang='lat' dir='ltr'>ane,</span> <span class='ocrx_word' id='word_1_313' title='bbox 631 3915 728 3993; x_wconf 83' lang='lat' dir='ltr'>inquit,</span> <span class='ocrx_word' id='word_1_314' title='bbox 750 3920 857 3976; x_wconf 81' lang='lat' dir='ltr'>misisti</span> 
     </span>
     <span class='ocr_line' id='line_1_39' title="bbox 90 4007 855 4095; baseline -0.003 -25"><span class='ocrx_word' id='word_1_315' title='bbox 90 4016 139 4095; x_wconf 67' lang='lat' dir='ltr'>jn</span> <span class='ocrx_word' id='word_1_316' title='bbox 154 4014 305 4082; x_wconf 86' lang='lat' dir='ltr'>mundum,</span> <span class='ocrx_word' id='word_1_317' title='bbox 323 4024 350 4069; x_wconf 86' lang='lat' dir='ltr'>ct</span> <span class='ocrx_word' id='word_1_318' title='bbox 373 4030 424 4090; x_wconf 82' lang='lat' dir='ltr'>ego</span> <span class='ocrx_word' id='word_1_319' title='bbox 450 4013 516 4067; x_wconf 84' lang='lat' dir='ltr'>misi</span> <span class='ocrx_word' id='word_1_320' title='bbox 531 4030 588 4068; x_wconf 86' lang='lat' dir='ltr'>eos.</span> <span class='ocrx_word' id='word_1_321' title='bbox 605 4007 687 4080; x_wconf 88' lang='lat' dir='ltr'>Quod</span> <span class='ocrx_word' id='word_1_322' title='bbox 709 4021 734 4066; x_wconf 88' lang='lat' dir='ltr'>et</span> <span class='ocrx_word' id='word_1_323' title='bbox 755 4008 855 4068; x_wconf 87' lang='lat' dir='ltr'>Paulus</span> 
     </span>
     <span class='ocr_line' id='line_1_40' title="bbox 107 4100 992 4177; baseline -0.003 -15"><span class='ocrx_word' id='word_1_324' title='bbox 107 4104 183 4177; x_wconf 87' lang='lat' dir='ltr'>dicit,</span> <span class='ocrx_word' id='word_1_325' title='bbox 192 4108 310 4162; x_wconf 85' lang='lat' dir='ltr'>Ponens</span> <span class='ocrx_word' id='word_1_326' title='bbox 322 4107 353 4160; x_wconf 86' lang='lat' dir='ltr'>in</span> <span class='ocrx_word' id='word_1_327' title='bbox 369 4104 451 4161; x_wconf 84' lang='lat' dir='ltr'>nobis</span> <span class='ocrx_word' id='word_1_328' title='bbox 463 4104 585 4159; x_wconf 64' lang='lat' dir='ltr'>cabum</span> <span class='ocrx_word' id='word_1_329' title='bbox 595 4100 854 4160; x_wconf 78' lang='lat' dir='ltr'>reconciliationis.</span> <span class='ocrx_word' id='word_1_330' title='bbox 865 4139 890 4172; x_wconf 70' lang='lat'>2,</span> <span class='ocrx_word' id='word_1_331' title='bbox 904 4127 957 4174; x_wconf 47' lang='grc' dir='ltr'>σν,</span> <span class='ocrx_word' id='word_1_332' title='bbox 969 4128 992 4174; x_wconf 68' lang='grc'>5,</span> 
     </span>
     <span class='ocr_line' id='line_1_41' title="bbox 109 4192 907 4275; baseline -0.003 -19"><span class='ocrx_word' id='word_1_333' title='bbox 109 4200 161 4256; x_wconf 90' lang='lat' dir='ltr'>Pro</span> <span class='ocrx_word' id='word_1_334' title='bbox 179 4218 233 4275; x_wconf 89' lang='lat' dir='ltr'>quo</span> <span class='ocrx_word' id='word_1_335' title='bbox 254 4195 325 4254; x_wconf 89' lang='lat' dir='ltr'>enim</span> <span class='ocrx_word' id='word_1_336' title='bbox 342 4195 466 4254; x_wconf 87' lang='lat' dir='ltr'>Christus</span> <span class='ocrx_word' id='word_1_337' title='bbox 485 4193 570 4269; x_wconf 86' lang='lat' dir='ltr'>abiit,</span> <span class='ocrx_word' id='word_1_338' title='bbox 585 4214 634 4272; x_wconf 88' lang='lat' dir='ltr'>pro</span> <span class='ocrx_word' id='word_1_339' title='bbox 650 4193 702 4251; x_wconf 86' lang='lat' dir='ltr'>lroe</span> <span class='ocrx_word' id='word_1_340' title='bbox 717 4192 746 4250; x_wconf 90' lang='lat' dir='ltr'>hi</span> <span class='ocrx_word' id='word_1_341' title='bbox 763 4193 856 4252; x_wconf 88' lang='lat' dir='ltr'>orbem</span> <span class='ocrx_word' id='word_1_342' title='bbox 870 4203 907 4254; x_wconf 86' lang='lat'>¹9·</span> 
     </span>
     <span class='ocr_line' id='line_1_42' title="bbox 108 4286 857 4371; baseline -0.005 -21"><span class='ocrx_word' id='word_1_343' title='bbox 108 4288 373 4371; x_wconf 87' lang='lat' dir='ltr'>comprehenderunt.</span> <span class='ocrx_word' id='word_1_344' title='bbox 391 4287 464 4346; x_wconf 91' lang='lat' dir='ltr'>Illud</span> <span class='ocrx_word' id='word_1_345' title='bbox 480 4309 553 4360; x_wconf 86' lang='lat' dir='ltr'>vero,</span> <span class='ocrx_word' id='word_1_346' title='bbox 570 4287 661 4363; x_wconf 84' lang='lat' dir='ltr'>Sicut,</span> <span class='ocrx_word' id='word_1_347' title='bbox 685 4306 737 4345; x_wconf 92' lang='lat' dir='ltr'>non</span> <span class='ocrx_word' id='word_1_348' title='bbox 759 4286 857 4346; x_wconf 85' lang='lat' dir='ltr'>simili·</span> 
     </span>
     <span class='ocr_line' id='line_1_43' title="bbox 110 4380 857 4462; baseline 0 -21"><span class='ocrx_word' id='word_1_349' title='bbox 110 4383 210 4442; x_wconf 89' lang='lat' dir='ltr'>tudinis</span> <span class='ocrx_word' id='word_1_350' title='bbox 233 4397 271 4441; x_wconf 90' lang='lat' dir='ltr'>est</span> <span class='ocrx_word' id='word_1_351' title='bbox 295 4383 363 4440; x_wconf 88' lang='lat' dir='ltr'>inter</span> <span class='ocrx_word' id='word_1_352' title='bbox 384 4381 473 4462; x_wconf 87' lang='lat' dir='ltr'>ipsum</span> <span class='ocrx_word' id='word_1_353' title='bbox 491 4394 516 4439; x_wconf 83' lang='lat' dir='ltr'>et</span> <span class='ocrx_word' id='word_1_354' title='bbox 529 4380 664 4460; x_wconf 86' lang='lat' dir='ltr'>apostolos</span> <span class='ocrx_word' id='word_1_355' title='bbox 677 4403 684 4436; x_wconf 88' lang='lat'><strong>:</strong></span> <span class='ocrx_word' id='word_1_356' title='bbox 699 4380 857 4458; x_wconf 90' lang='lat' dir='ltr'>(quomodo</span> 
     </span>
     <span class='ocr_line' id='line_1_44' title="bbox 108 4471 858 4554; baseline -0.001 -19"><span class='ocrx_word' id='word_1_357' title='bbox 108 4477 179 4535; x_wconf 88' lang='lat' dir='ltr'>enim</span> <span class='ocrx_word' id='word_1_358' title='bbox 192 4476 270 4534; x_wconf 85' lang='lat' dir='ltr'>aliter</span> <span class='ocrx_word' id='word_1_359' title='bbox 282 4473 404 4532; x_wconf 89' lang='lat' dir='ltr'>homines</span> <span class='ocrx_word' id='word_1_360' title='bbox 423 4473 493 4532; x_wconf 89' lang='lat' dir='ltr'>mitti</span> <span class='ocrx_word' id='word_1_361' title='bbox 507 4486 628 4554; x_wconf 87' lang='lat' dir='ltr'>poterant</span> <span class='ocrx_word' id='word_1_362' title='bbox 638 4473 670 4548; x_wconf 69' lang='lat' dir='ltr'>l)</span> <span class='ocrx_word' id='word_1_363' title='bbox 685 4471 733 4531; x_wconf 82' lang='lat' dir='ltr'>sed</span> <span class='ocrx_word' id='word_1_364' title='bbox 746 4492 804 4532; x_wconf 83' lang='lat' dir='ltr'>mos</span> <span class='ocrx_word' id='word_1_365' title='bbox 817 4488 858 4534; x_wconf 82' lang='lat' dir='ltr'>est</span> 
     </span>
     <span class='ocr_line' id='line_1_45' title="bbox 72 4565 857 4648; baseline -0.004 -19"><span class='ocrx_word' id='word_1_366' title='bbox 72 4585 88 4630; x_wconf 82' lang='lat' dir='ltr'>n</span> <span class='ocrx_word' id='word_1_367' title='bbox 107 4570 131 4628; x_wconf 92' lang='lat' dir='ltr'>ei</span> <span class='ocrx_word' id='word_1_368' title='bbox 145 4569 179 4628; x_wconf 91' lang='lat' dir='ltr'>dc</span> <span class='ocrx_word' id='word_1_369' title='bbox 190 4570 281 4627; x_wconf 82' lang='lat' dir='ltr'>futuro</span> <span class='ocrx_word' id='word_1_370' title='bbox 302 4581 332 4626; x_wconf 89' lang='lat' dir='ltr'>ut</span> <span class='ocrx_word' id='word_1_371' title='bbox 342 4566 377 4625; x_wconf 96' lang='lat' dir='ltr'>de</span> <span class='ocrx_word' id='word_1_372' title='bbox 388 4566 523 4648; x_wconf 82' lang='lat' dir='ltr'>praetem&#39;to</span> <span class='ocrx_word' id='word_1_373' title='bbox 539 4565 625 4644; x_wconf 87' lang='lat' dir='ltr'>loqui.</span> <span class='ocrx_word' id='word_1_374' title='bbox 638 4566 685 4624; x_wconf 73' lang='lat'>19.</span> <span class='ocrx_word' id='word_1_375' title='bbox 700 4567 742 4624; x_wconf 83' lang='lat' dir='ltr'>Et</span> <span class='ocrx_word' id='word_1_376' title='bbox 751 4585 806 4645; x_wconf 86' lang='lat' dir='ltr'>pro</span> <span class='ocrx_word' id='word_1_377' title='bbox 815 4570 857 4627; x_wconf 88' lang='lat' dir='ltr'>eis</span> 
     </span>
     <span class='ocr_line' id='line_1_46' title="bbox 107 4658 856 4743; baseline -0.005 -22"><span class='ocrx_word' id='word_1_378' title='bbox 107 4663 261 4743; x_wconf 78' lang='lat' dir='ltr'>sanctifico</span> <span class='ocrx_word' id='word_1_379' title='bbox 273 4665 422 4740; x_wconf 84' lang='lat' dir='ltr'>meipsum,</span> <span class='ocrx_word' id='word_1_380' title='bbox 440 4672 472 4718; x_wconf 88' lang='lat' dir='ltr'>ut</span> <span class='ocrx_word' id='word_1_381' title='bbox 482 4663 541 4719; x_wconf 81' lang='lat' dir='ltr'>sint</span> <span class='ocrx_word' id='word_1_382' title='bbox 549 4658 730 4740; x_wconf 83' lang='lat' dir='ltr'>sanctificati</span> <span class='ocrx_word' id='word_1_383' title='bbox 739 4661 771 4716; x_wconf 86' lang='lat' dir='ltr'>in</span> <span class='ocrx_word' id='word_1_384' title='bbox 777 4663 856 4717; x_wconf 82' lang='lat' dir='ltr'>neri-</span> 
     </span>
     <span class='ocr_line' id='line_1_47' title="bbox 107 4750 854 4833; baseline -0.004 -20"><span class='ocrx_word' id='word_1_385' title='bbox 107 4768 175 4813; x_wconf 90' lang='lat' dir='ltr'>tate.</span> <span class='ocrx_word' id='word_1_386' title='bbox 188 4752 262 4826; x_wconf 88' lang='lat' dir='ltr'>Quid</span> <span class='ocrx_word' id='word_1_387' title='bbox 277 4767 325 4825; x_wconf 90' lang='lat' dir='ltr'>est,</span> <span class='ocrx_word' id='word_1_388' title='bbox 338 4753 496 4833; x_wconf 79' lang='lat' dir='ltr'>Sanctifico</span> <span class='ocrx_word' id='word_1_389' title='bbox 519 4755 660 4830; x_wconf 81' lang='lat' dir='ltr'>nteipsum</span> <span class='ocrx_word' id='word_1_390' title='bbox 671 4757 684 4808; x_wconf 75' lang='grc' dir='ltr'><strong><em>Ρ</em></strong></span> <span class='ocrx_word' id='word_1_391' title='bbox 695 4750 789 4809; x_wconf 78' lang='lat' dir='ltr'>Olfero</span> <span class='ocrx_word' id='word_1_392' title='bbox 804 4750 854 4810; x_wconf 88' lang='lat' dir='ltr'>tibi</span> 
     </span>
     <span class='ocr_line' id='line_1_48' title="bbox 106 4843 856 4923; baseline -0.008 -14"><span class='ocrx_word' id='word_1_393' title='bbox 106 4851 278 4910; x_wconf 82' lang='lat' dir='ltr'>sacrificium.</span> <span class='ocrx_word' id='word_1_394' title='bbox 296 4847 434 4907; x_wconf 84' lang='lat' dir='ltr'>Sacrificia</span> <span class='ocrx_word' id='word_1_395' title='bbox 448 4869 513 4906; x_wconf 76' lang='lat' dir='ltr'>vero</span> <span class='ocrx_word' id='word_1_396' title='bbox 535 4846 636 4923; x_wconf 90' lang='lat' dir='ltr'>omnia,</span> <span class='ocrx_word' id='word_1_397' title='bbox 653 4858 745 4904; x_wconf 88' lang='lat' dir='ltr'>sancta</span> <span class='ocrx_word' id='word_1_398' title='bbox 758 4843 856 4904; x_wconf 87' lang='lat' dir='ltr'>dieun-</span> 
     </span>
     <span class='ocr_line' id='line_1_49' title="bbox 105 4940 855 5023; baseline -0.011 -21"><span class='ocrx_word' id='word_1_399' title='bbox 105 4959 158 5019; x_wconf 89' lang='lat' dir='ltr'>tur,</span> <span class='ocrx_word' id='word_1_400' title='bbox 170 4958 196 5002; x_wconf 84' lang='lat' dir='ltr'>ct</span> <span class='ocrx_word' id='word_1_401' title='bbox 220 4941 328 5023; x_wconf 80' lang='lat' dir='ltr'>propt-ie</span> <span class='ocrx_word' id='word_1_402' title='bbox 342 4953 430 4999; x_wconf 85' lang='lat' dir='ltr'>sancta</span> <span class='ocrx_word' id='word_1_403' title='bbox 448 4960 508 5018; x_wconf 80' lang='lat' dir='ltr'>qua</span> <span class='ocrx_word' id='word_1_404' title='bbox 531 4940 589 4997; x_wconf 88' lang='lat' dir='ltr'>Deo</span> <span class='ocrx_word' id='word_1_405' title='bbox 615 4951 768 4997; x_wconf 86' lang='lat' dir='ltr'>consecrata</span> <span class='ocrx_word' id='word_1_406' title='bbox 782 4950 855 4995; x_wconf 89' lang='lat' dir='ltr'>sunt.</span> 
     </span>
    </p>
   </div>
   <div class='ocr_carea' id='block_1_3' title="bbox 105 5028 854 5113">
    <p class='ocr_par' dir='ltr' id='par_1_3' title="bbox 105 5028 854 5113">
     <span class='ocr_line' id='line_1_50' title="bbox 105 5028 854 5113; baseline -0.015 -16"><span class='ocrx_word' id='word_1_407' title='bbox 105 5041 174 5097; x_wconf 86' lang='lat' dir='ltr'>Cum</span> <span class='ocrx_word' id='word_1_408' title='bbox 201 5037 273 5096; x_wconf 88' lang='lat' dir='ltr'>euim</span> <span class='ocrx_word' id='word_1_409' title='bbox 300 5034 364 5094; x_wconf 92' lang='lat' dir='ltr'>olim</span> <span class='ocrx_word' id='word_1_410' title='bbox 393 5033 421 5092; x_wconf 88' lang='lat' dir='ltr'>in</span> <span class='ocrx_word' id='word_1_411' title='bbox 438 5033 524 5113; x_wconf 76' lang='lat' dir='ltr'>figura</span> <span class='ocrx_word' id='word_1_412' title='bbox 540 5031 717 5092; x_wconf 85' lang='lat' dir='ltr'>sanctificatio</span> <span class='ocrx_word' id='word_1_413' title='bbox 732 5042 799 5089; x_wconf 84' lang='lat' dir='ltr'>esset</span> <span class='ocrx_word' id='word_1_414' title='bbox 826 5028 854 5086; x_wconf 88' lang='lat' dir='ltr'>in</span> 
     </span>
    </p>
   </div>
   <div class='ocr_carea' id='block_1_4' title="bbox 0 0 1880 5940">
    <p class='ocr_par' dir='ltr' id='par_1_4' title="bbox 0 0 1880 5940">
     <span class='ocr_line' id='line_1_51' title="bbox 0 0 1880 5940; baseline 0 7"><span class='ocrx_word' id='word_1_415' title='bbox 0 0 1880 5940; x_wconf 95' lang='lat' dir='ltr'> </span> 
     </span>
    </p>
   </div>
  </div>
 </body>
</html>
