<?xml version="1.0" encoding="UTF-8"?>
<!DOCTYPE html PUBLIC "-//W3C//DTD XHTML 1.0 Transitional//EN"
    "http://www.w3.org/TR/xhtml1/DTD/xhtml1-transitional.dtd">
<html xmlns="http://www.w3.org/1999/xhtml" xml:lang="en" lang="en">
 <head>
  <title>
</title>
<meta http-equiv="Content-Type" content="text/html;charset=utf-8" />
  <meta name='ocr-system' content='tesseract 3.04.00' />
  <meta name='ocr-capabilities' content='ocr_page ocr_carea ocr_par ocr_line ocrx_word'/>
</head>
<body>
  <div class='ocr_page' id='page_1' title='image "./sanctipatrisnos02chrygoog_0520.png"; bbox 0 0 3750 5940; ppageno 0'>
   <div class='ocr_carea' id='block_1_1' title="bbox 68 414 832 512">
    <p class='ocr_par' dir='ltr' id='par_1_1' title="bbox 68 414 832 512">
     <span class='ocr_line' id='line_1_1' title="bbox 68 414 832 512; baseline -0.014 -18"><span class='ocrx_word' id='word_1_1' title='bbox 68 444 189 494; x_wconf 80' lang='lat' dir='ltr'><strong>uuxru.</strong></span> <span class='ocrx_word' id='word_1_2' title='bbox 220 420 268 493; x_wconf 81' lang='lat' dir='ltr'><strong>al.</strong></span> <span class='ocrx_word' id='word_1_3' title='bbox 296 443 402 493; x_wconf 80' lang='lat' dir='ltr'><strong>uxxu.</strong></span> <span class='ocrx_word' id='word_1_4' title='bbox 760 414 832 512; x_wconf 70' lang='lat'><strong>493</strong></span> 
     </span>
    </p>
   </div>
   <div class='ocr_carea' id='block_1_2' title="bbox 60 559 843 1573">
    <p class='ocr_par' dir='ltr' id='par_1_2' title="bbox 90 559 839 1015">
     <span class='ocr_line' id='line_1_2' title="bbox 90 559 835 645; baseline -0.015 -16"><span class='ocrx_word' id='word_1_5' title='bbox 90 588 161 645; x_wconf 72' lang='lat' dir='ltr'><strong>uere,</strong></span> <span class='ocrx_word' id='word_1_6' title='bbox 175 568 230 627; x_wconf 79' lang='lat' dir='ltr'><strong>uit:</strong></span> <span class='ocrx_word' id='word_1_7' title='bbox 244 571 283 626; x_wconf 86' lang='lat' dir='ltr'><strong>lu</strong></span> <span class='ocrx_word' id='word_1_8' title='bbox 295 567 382 626; x_wconf 79' lang='lat' dir='ltr'><strong>dorum</strong></span> <span class='ocrx_word' id='word_1_9' title='bbox 392 566 493 625; x_wconf 75' lang='lat' dir='ltr'><strong>Patris</strong></span> <span class='ocrx_word' id='word_1_10' title='bbox 508 568 565 623; x_wconf 84' lang='lat' dir='ltr'><strong>mei</strong></span> <span class='ocrx_word' id='word_1_11' title='bbox 578 566 745 622; x_wconf 80' lang='lat' dir='ltr'><em>mansiones</em></span> <span class='ocrx_word' id='word_1_12' title='bbox 759 559 835 619; x_wconf 81' lang='lat' dir='ltr'><strong>mul·</strong></span> 
     </span>
     <span class='ocr_line' id='line_1_3' title="bbox 92 655 835 740; baseline -0.012 -20"><span class='ocrx_word' id='word_1_13' title='bbox 92 673 129 720; x_wconf 81' lang='lat' dir='ltr'><strong>te</strong></span> <span class='ocrx_word' id='word_1_14' title='bbox 143 672 228 729; x_wconf 84' lang='lat' dir='ltr'><strong>suut,·</strong></span> <span class='ocrx_word' id='word_1_15' title='bbox 241 663 267 718; x_wconf 87' lang='lat' dir='ltr'><strong>si</strong></span> <span class='ocrx_word' id='word_1_16' title='bbox 281 678 339 740; x_wconf 77' lang='lat' dir='ltr'><strong>quo</strong></span> <span class='ocrx_word' id='word_1_17' title='bbox 362 659 473 729; x_wconf 76' lang='lat' dir='ltr'><strong>nunus,</strong></span> <span class='ocrx_word' id='word_1_18' title='bbox 493 656 633 714; x_wconf 76' lang='lat' dir='ltr'><strong>dixissem</strong></span> <span class='ocrx_word' id='word_1_19' title='bbox 648 655 744 725; x_wconf 80' lang='lat' dir='ltr'><strong>uobis,</strong></span> <span class='ocrx_word' id='word_1_20' title='bbox 762 655 835 733; x_wconf 79' lang='lat' dir='ltr'><strong>quia</strong></span> 
     </span>
     <span class='ocr_line' id='line_1_4' title="bbox 93 742 837 833; baseline -0.012 -21"><span class='ocrx_word' id='word_1_21' title='bbox 93 753 173 812; x_wconf 80' lang='lat' dir='ltr'><strong>vado</strong></span> <span class='ocrx_word' id='word_1_22' title='bbox 186 770 295 833; x_wconf 83' lang='lat' dir='ltr'><strong>parare</strong></span> <span class='ocrx_word' id='word_1_23' title='bbox 320 752 405 810; x_wconf 78' lang='lat' dir='ltr'><strong>uobis</strong></span> <span class='ocrx_word' id='word_1_24' title='bbox 422 747 545 808; x_wconf 62' lang='lat' dir='ltr'><strong>mum&gt;</strong></span> <span class='ocrx_word' id='word_1_25' title='bbox 561 744 591 805; x_wconf 91' lang='lat' dir='ltr'><strong>id</strong></span> <span class='ocrx_word' id='word_1_26' title='bbox 604 757 663 819; x_wconf 87' lang='lat' dir='ltr'><strong>est,</strong></span> <span class='ocrx_word' id='word_1_27' title='bbox 685 742 767 817; x_wconf 89' lang='lat' dir='ltr'><strong>Quod</strong></span> <span class='ocrx_word' id='word_1_28' title='bbox 787 762 837 804; x_wconf 82' lang='lat' dir='ltr'><strong>ros</strong></span> 
     </span>
     <span class='ocr_line' id='line_1_5' title="bbox 93 838 838 923; baseline -0.011 -20"><span class='ocrx_word' id='word_1_29' title='bbox 93 843 140 903; x_wconf 90' lang='lat' dir='ltr'><strong>ille</strong></span> <span class='ocrx_word' id='word_1_30' title='bbox 150 843 225 903; x_wconf 89' lang='lat' dir='ltr'><strong>loeus</strong></span> <span class='ocrx_word' id='word_1_31' title='bbox 237 854 398 923; x_wconf 73' lang='lat' dir='ltr'>excepturus</span> <span class='ocrx_word' id='word_1_32' title='bbox 412 839 448 899; x_wconf 90' lang='lat' dir='ltr'><strong>sit</strong></span> <span class='ocrx_word' id='word_1_33' title='bbox 460 838 545 919; x_wconf 87' lang='lat' dir='ltr'><strong>quiet</strong></span> <span class='ocrx_word' id='word_1_34' title='bbox 559 839 681 897; x_wconf 76' lang='lat' dir='ltr'><strong>renum.-</strong></span> <span class='ocrx_word' id='word_1_35' title='bbox 693 838 764 896; x_wconf 81' lang='lat' dir='ltr'><strong>Num</strong></span> <span class='ocrx_word' id='word_1_36' title='bbox 778 855 838 895; x_wconf 80' lang='lat' dir='ltr'><strong>mu·</strong></span> 
     </span>
     <span class='ocr_line' id='line_1_6' title="bbox 95 926 839 1015; baseline -0.012 -20"><span class='ocrx_word' id='word_1_37' title='bbox 95 956 146 1015; x_wconf 73' lang='lat' dir='ltr'><strong>gna</strong></span> <span class='ocrx_word' id='word_1_38' title='bbox 158 935 198 996; x_wconf 91' lang='lat' dir='ltr'><strong>ibi</strong></span> <span class='ocrx_word' id='word_1_39' title='bbox 211 949 250 996; x_wconf 87' lang='lat' dir='ltr'><strong>est</strong></span> <span class='ocrx_word' id='word_1_40' title='bbox 264 933 435 995; x_wconf 76' lang='lat' dir='ltr'><strong>mansionum</strong></span> <span class='ocrx_word' id='word_1_41' title='bbox 455 932 544 1013; x_wconf 84' lang='lat' dir='ltr'><strong>eopia,</strong></span> <span class='ocrx_word' id='word_1_42' title='bbox 560 950 610 991; x_wconf 86' lang='lat' dir='ltr'><strong>nee</strong></span> <span class='ocrx_word' id='word_1_43' title='bbox 619 942 706 1011; x_wconf 72' lang='lat' dir='ltr'><strong>potest</strong></span> <span class='ocrx_word' id='word_1_44' title='bbox 717 926 774 988; x_wconf 85' lang='lat' dir='ltr'><strong>diei</strong></span> <span class='ocrx_word' id='word_1_45' title='bbox 791 926 839 988; x_wconf 84' lang='lat' dir='ltr'><strong>iile</strong></span> 
     </span>
    </p>

    <p class='ocr_par' dir='ltr' id='par_1_3' title="bbox 60 1022 843 1573">
     <span class='ocr_line' id='line_1_7' title="bbox 60 1022 840 1111; baseline -0.013 -22"><span class='ocrx_word' id='word_1_46' title='bbox 60 1033 78 1081; x_wconf 73' lang='grc' dir='ltr'><strong><em>Β</em></strong></span> <span class='ocrx_word' id='word_1_47' title='bbox 95 1042 225 1111; x_wconf 66' lang='grc' dir='ltr'>ιριιιιιιιιιι</span> <span class='ocrx_word' id='word_1_48' title='bbox 236 1049 304 1109; x_wconf 86' lang='lat' dir='ltr'><strong>opus</strong></span> <span class='ocrx_word' id='word_1_49' title='bbox 314 1026 422 1087; x_wconf 79' lang='lat' dir='ltr'><strong>habere</strong></span> <span class='ocrx_word' id='word_1_50' title='bbox 428 1025 501 1101; x_wconf 86' lang='lat' dir='ltr'><strong>Quia</strong></span> <span class='ocrx_word' id='word_1_51' title='bbox 511 1024 584 1084; x_wconf 85' lang='lat' dir='ltr'><strong>enim</strong></span> <span class='ocrx_word' id='word_1_52' title='bbox 595 1022 676 1100; x_wconf 80' lang='lat' dir='ltr'><strong>dixit,</strong></span> <span class='ocrx_word' id='word_1_53' title='bbox 685 1024 754 1083; x_wconf 82' lang='lat' dir='ltr'><strong>Nou</strong></span> <span class='ocrx_word' id='word_1_54' title='bbox 761 1032 840 1101; x_wconf 83' lang='lat' dir='ltr'><strong>pote·</strong></span> 
     </span>
     <span class='ocr_line' id='line_1_8' title="bbox 95 1114 840 1203; baseline -0.011 -21"><span class='ocrx_word' id='word_1_55' title='bbox 95 1124 288 1203; x_wconf 78' lang='lat' dir='ltr'><strong>stismesequi</strong></span> <span class='ocrx_word' id='word_1_56' title='bbox 297 1121 383 1179; x_wconf 88' lang='lat' dir='ltr'><strong>modo</strong></span> <span class='ocrx_word' id='word_1_57' title='bbox 390 1142 401 1188; x_wconf 86' lang='lat'><strong>,·</strong></span> <span class='ocrx_word' id='word_1_58' title='bbox 411 1138 446 1177; x_wconf 88' lang='lat' dir='ltr'><strong>ne</strong></span> <span class='ocrx_word' id='word_1_59' title='bbox 460 1130 584 1199; x_wconf 84' lang='lat' dir='ltr'><strong>putarent</strong></span> <span class='ocrx_word' id='word_1_60' title='bbox 595 1114 719 1176; x_wconf 86' lang='lat' dir='ltr'><strong>exclusos</strong></span> <span class='ocrx_word' id='word_1_61' title='bbox 735 1134 764 1175; x_wconf 83' lang='lat' dir='ltr'><strong>se</strong></span> <span class='ocrx_word' id='word_1_62' title='bbox 775 1132 840 1189; x_wconf 78' lang='lat' dir='ltr'><strong>esse,</strong></span> 
     </span>
     <span class='ocr_line' id='line_1_9' title="bbox 97 1208 841 1294; baseline -0.007 -19"><span class='ocrx_word' id='word_1_63' title='bbox 97 1213 188 1275; x_wconf 84' lang='lat' dir='ltr'><strong>addit:</strong></span> <span class='ocrx_word' id='word_1_64' title='bbox 200 1217 227 1273; x_wconf 80' lang='lat'><strong>5.</strong></span> <span class='ocrx_word' id='word_1_65' title='bbox 245 1216 284 1273; x_wconf 86' lang='lat' dir='ltr'><strong>Ut</strong></span> <span class='ocrx_word' id='word_1_66' title='bbox 295 1217 345 1273; x_wconf 81' lang='lat' dir='ltr'><strong>ubi</strong></span> <span class='ocrx_word' id='word_1_67' title='bbox 354 1232 406 1294; x_wconf 79' lang='lat' dir='ltr'><strong>ego</strong></span> <span class='ocrx_word' id='word_1_68' title='bbox 419 1232 493 1283; x_wconf 88' lang='lat' dir='ltr'><strong>sum,</strong></span> <span class='ocrx_word' id='word_1_69' title='bbox 516 1224 546 1270; x_wconf 87' lang='lat' dir='ltr'><strong>et</strong></span> <span class='ocrx_word' id='word_1_70' title='bbox 558 1230 613 1270; x_wconf 68' lang='grc' dir='ltr'><strong>νος</strong></span> <span class='ocrx_word' id='word_1_71' title='bbox 631 1213 706 1270; x_wconf 87' lang='lat' dir='ltr'><strong>sitis.</strong></span> <span class='ocrx_word' id='word_1_72' title='bbox 723 1208 841 1271; x_wconf 84' lang='lat' dir='ltr'><strong>Tantam</strong></span> 
     </span>
     <span class='ocr_line' id='line_1_10' title="bbox 97 1301 841 1391; baseline -0.005 -25"><span class='ocrx_word' id='word_1_73' title='bbox 97 1309 210 1391; x_wconf 89' lang='lat' dir='ltr'><strong>hujusce</strong></span> <span class='ocrx_word' id='word_1_74' title='bbox 220 1307 258 1367; x_wconf 82' lang='lat' dir='ltr'><strong>rei</strong></span> <span class='ocrx_word' id='word_1_75' title='bbox 274 1327 366 1367; x_wconf 85' lang='lat' dir='ltr'><strong>euram</strong></span> <span class='ocrx_word' id='word_1_76' title='bbox 377 1305 473 1382; x_wconf 85' lang='lat' dir='ltr'><strong>habeo,</strong></span> <span class='ocrx_word' id='word_1_77' title='bbox 487 1318 517 1363; x_wconf 91' lang='lat' dir='ltr'><strong>ut</strong></span> <span class='ocrx_word' id='word_1_78' title='bbox 528 1301 557 1363; x_wconf 89' lang='lat' dir='ltr'><strong>id</strong></span> <span class='ocrx_word' id='word_1_79' title='bbox 571 1304 630 1384; x_wconf 87' lang='lat' dir='ltr'><strong>jam</strong></span> <span class='ocrx_word' id='word_1_80' title='bbox 643 1302 773 1381; x_wconf 82' lang='lat' dir='ltr'><strong>iecissem,</strong></span> <span class='ocrx_word' id='word_1_81' title='bbox 789 1302 841 1363; x_wconf 87' lang='lat' dir='ltr'><strong>uisi</strong></span> 
     </span>
     <span class='ocr_line' id='line_1_11' title="bbox 95 1392 843 1481; baseline -0.007 -21"><span class='ocrx_word' id='word_1_82' title='bbox 95 1401 153 1481; x_wconf 84' lang='lat' dir='ltr'><strong>jam</strong></span> <span class='ocrx_word' id='word_1_83' title='bbox 166 1399 232 1460; x_wconf 91' lang='lat' dir='ltr'><strong>olim</strong></span> <span class='ocrx_word' id='word_1_84' title='bbox 243 1398 321 1459; x_wconf 83' lang='lat' dir='ltr'><strong>uobis</strong></span> <span class='ocrx_word' id='word_1_85' title='bbox 333 1410 512 1478; x_wconf 76' lang='lat' dir='ltr'><strong>preparatum</strong></span> <span class='ocrx_word' id='word_1_86' title='bbox 526 1408 609 1457; x_wconf 86' lang='lat' dir='ltr'><strong>esset:</strong></span> <span class='ocrx_word' id='word_1_87' title='bbox 621 1395 763 1457; x_wconf 85' lang='lat' dir='ltr'><strong>ostendeus</strong></span> <span class='ocrx_word' id='word_1_88' title='bbox 771 1392 843 1455; x_wconf 82' lang='lat' dir='ltr'><strong>mul·</strong></span> 
     </span>
     <span class='ocr_line' id='line_1_12' title="bbox 99 1488 465 1573; baseline -0.016 -20"><span class='ocrx_word' id='word_1_89' title='bbox 99 1507 157 1553; x_wconf 90' lang='lat' dir='ltr'><strong>tum</strong></span> <span class='ocrx_word' id='word_1_90' title='bbox 171 1491 237 1573; x_wconf 79' lang='lat' dir='ltr'><strong>ipsis</strong></span> <span class='ocrx_word' id='word_1_91' title='bbox 248 1511 304 1551; x_wconf 83' lang='lat' dir='ltr'><strong>esse</strong></span> <span class='ocrx_word' id='word_1_92' title='bbox 316 1488 465 1551; x_wconf 82' lang='lat' dir='ltr'><strong>fidendum.</strong></span> 
     </span>
    </p>
   </div>
   <div class='ocr_carea' id='block_1_3' title="bbox 61 2034 873 4627">
    <p class='ocr_par' dir='ltr' id='par_1_4' title="bbox 108 2034 850 2210">
     <span class='ocr_line' id='line_1_13' title="bbox 148 2034 849 2100; baseline -0.003 -1"><span class='ocrx_word' id='word_1_93' title='bbox 148 2044 175 2099; x_wconf 71' lang='lat' dir='ltr'><strong>t.</strong></span> <span class='ocrx_word' id='word_1_94' title='bbox 199 2038 302 2099; x_wconf 83' lang='lat' dir='ltr'><strong>Deinde</strong></span> <span class='ocrx_word' id='word_1_95' title='bbox 329 2059 362 2098; x_wconf 89' lang='lat' dir='ltr'><strong>ne</strong></span> <span class='ocrx_word' id='word_1_96' title='bbox 384 2036 525 2099; x_wconf 86' lang='lat' dir='ltr'><strong>videretur</strong></span> <span class='ocrx_word' id='word_1_97' title='bbox 553 2038 583 2098; x_wconf 89' lang='lat' dir='ltr'><strong>id</strong></span> <span class='ocrx_word' id='word_1_98' title='bbox 607 2034 698 2100; x_wconf 86' lang='lat' dir='ltr'><strong>dicere</strong></span> <span class='ocrx_word' id='word_1_99' title='bbox 717 2035 849 2099; x_wconf 81' lang='lat' dir='ltr'><strong>aduiaudi</strong></span> 
     </span>
     <span class='ocr_line' id='line_1_14' title="bbox 108 2131 850 2210; baseline -0.004 -19"><span class='ocrx_word' id='word_1_100' title='bbox 108 2155 199 2209; x_wconf 80' lang='lat' dir='ltr'><strong>mursa,</strong></span> <span class='ocrx_word' id='word_1_101' title='bbox 213 2131 262 2193; x_wconf 87' lang='lat' dir='ltr'><strong>sed</strong></span> <span class='ocrx_word' id='word_1_102' title='bbox 281 2131 418 2192; x_wconf 86' lang='lat' dir='ltr'><strong>eredereut</strong></span> <span class='ocrx_word' id='word_1_103' title='bbox 439 2153 496 2191; x_wconf 84' lang='lat' dir='ltr'><strong>rem</strong></span> <span class='ocrx_word' id='word_1_104' title='bbox 513 2131 552 2192; x_wconf 89' lang='lat' dir='ltr'><strong>ita</strong></span> <span class='ocrx_word' id='word_1_105' title='bbox 563 2154 592 2192; x_wconf 83' lang='lat' dir='ltr'><strong>se</strong></span> <span class='ocrx_word' id='word_1_106' title='bbox 603 2131 712 2210; x_wconf 78' lang='lat' dir='ltr'><strong>habere,</strong></span> <span class='ocrx_word' id='word_1_107' title='bbox 734 2132 827 2193; x_wconf 83' lang='lat' dir='ltr'><strong>subdit</strong></span> <span class='ocrx_word' id='word_1_108' title='bbox 844 2156 850 2188; x_wconf 75' lang='grc' dir='ltr'>ι</span> 
     </span>
    </p>

    <p class='ocr_par' dir='ltr' id='par_1_5' title="bbox 108 2227 859 2960">
     <span class='ocr_line' id='line_1_15' title="bbox 108 2227 852 2309; baseline -0.001 -23"><span class='ocrx_word' id='word_1_109' title='bbox 108 2229 137 2286; x_wconf 71' lang='lat' dir='ltr'><strong>k.</strong></span> <span class='ocrx_word' id='word_1_110' title='bbox 148 2230 188 2286; x_wconf 82' lang='lat' dir='ltr'><strong>Et</strong></span> <span class='ocrx_word' id='word_1_111' title='bbox 202 2248 260 2309; x_wconf 87' lang='lat' dir='ltr'><strong>quo</strong></span> <span class='ocrx_word' id='word_1_112' title='bbox 272 2248 324 2307; x_wconf 76' lang='lat' dir='ltr'><strong>ego</strong></span> <span class='ocrx_word' id='word_1_113' title='bbox 339 2227 420 2286; x_wconf 84' lang='lat' dir='ltr'><strong>vado</strong></span> <span class='ocrx_word' id='word_1_114' title='bbox 434 2229 526 2299; x_wconf 89' lang='lat' dir='ltr'><strong>scitis,</strong></span> <span class='ocrx_word' id='word_1_115' title='bbox 546 2238 574 2285; x_wconf 88' lang='lat' dir='ltr'><strong>et</strong></span> <span class='ocrx_word' id='word_1_116' title='bbox 589 2230 674 2286; x_wconf 81' lang='lat' dir='ltr'><strong>oium</strong></span> <span class='ocrx_word' id='word_1_117' title='bbox 691 2230 783 2287; x_wconf 84' lang='lat' dir='ltr'><strong>scitis.</strong></span> <span class='ocrx_word' id='word_1_118' title='bbox 796 2227 852 2289; x_wconf 82' lang='lat' dir='ltr'><strong>vi-</strong></span> 
     </span>
     <span class='ocr_line' id='line_1_16' title="bbox 109 2316 854 2398; baseline -0.003 -19"><span class='ocrx_word' id='word_1_119' title='bbox 109 2319 170 2379; x_wconf 86' lang='lat' dir='ltr'><strong>deu&#39;</strong></span> <span class='ocrx_word' id='word_1_120' title='bbox 182 2318 319 2398; x_wconf 90' lang='lat' dir='ltr'><strong>quomodo</strong></span> <span class='ocrx_word' id='word_1_121' title='bbox 337 2316 459 2377; x_wconf 82' lang='lat' dir='ltr'><strong>ostendat</strong></span> <span class='ocrx_word' id='word_1_122' title='bbox 472 2317 512 2377; x_wconf 86' lang='lat' dir='ltr'><strong>eis</strong></span> <span class='ocrx_word' id='word_1_123' title='bbox 526 2316 584 2376; x_wconf 81' lang='lat' dir='ltr'><strong>haee</strong></span> <span class='ocrx_word' id='word_1_124' title='bbox 598 2338 651 2377; x_wconf 88' lang='lat' dir='ltr'><strong>uon</strong></span> <span class='ocrx_word' id='word_1_125' title='bbox 666 2318 766 2379; x_wconf 79' lang='lat' dir='ltr'><strong>frustra</strong></span> <span class='ocrx_word' id='word_1_126' title='bbox 779 2316 854 2377; x_wconf 85' lang='lat' dir='ltr'><strong>dicta</strong></span> 
     </span>
     <span class='ocr_line' id='line_1_17' title="bbox 110 2411 854 2491; baseline -0.001 -17"><span class='ocrx_word' id='word_1_127' title='bbox 110 2415 200 2475; x_wconf 78' lang='lat' dir='ltr'><strong>suisse-</strong></span> <span class='ocrx_word' id='word_1_128' title='bbox 215 2414 290 2474; x_wconf 88' lang='lat' dir='ltr'><strong>Illud</strong></span> <span class='ocrx_word' id='word_1_129' title='bbox 301 2435 364 2475; x_wconf 79' lang='lat' dir='ltr'><strong>uero</strong></span> <span class='ocrx_word' id='word_1_130' title='bbox 378 2412 457 2490; x_wconf 84' lang='lat' dir='ltr'><strong>dicit,</strong></span> <span class='ocrx_word' id='word_1_131' title='bbox 468 2411 543 2491; x_wconf 90' lang='lat' dir='ltr'><strong>quod</strong></span> <span class='ocrx_word' id='word_1_132' title='bbox 556 2412 637 2473; x_wconf 82' lang='lat' dir='ltr'><strong>sciret</strong></span> <span class='ocrx_word' id='word_1_133' title='bbox 649 2412 712 2473; x_wconf 83' lang='lat' dir='ltr'><strong>illos</strong></span> <span class='ocrx_word' id='word_1_134' title='bbox 726 2412 797 2474; x_wconf 87' lang='lat' dir='ltr'><strong>hane</strong></span> <span class='ocrx_word' id='word_1_135' title='bbox 806 2434 854 2473; x_wconf 89' lang='lat' dir='ltr'><strong>cu·</strong></span> 
     </span>
     <span class='ocr_line' id='line_1_18' title="bbox 111 2506 854 2589; baseline 0 -22"><span class='ocrx_word' id='word_1_136' title='bbox 111 2530 173 2589; x_wconf 86' lang='lat' dir='ltr'><strong>pere</strong></span> <span class='ocrx_word' id='word_1_137' title='bbox 189 2507 324 2568; x_wconf 81' lang='lat' dir='ltr'><strong>notitiam.</strong></span> <span class='ocrx_word' id='word_1_138' title='bbox 346 2509 415 2567; x_wconf 79' lang='lat' dir='ltr'><strong>Nam</strong></span> <span class='ocrx_word' id='word_1_139' title='bbox 432 2507 529 2566; x_wconf 85' lang='lat' dir='ltr'><strong>Petrus</strong></span> <span class='ocrx_word' id='word_1_140' title='bbox 547 2527 599 2566; x_wconf 90' lang='lat' dir='ltr'><strong>non</strong></span> <span class='ocrx_word' id='word_1_141' title='bbox 622 2506 746 2567; x_wconf 79' lang='lat' dir='ltr'><strong>discendi</strong></span> <span class='ocrx_word' id='word_1_142' title='bbox 763 2528 854 2585; x_wconf 76' lang='lat' dir='ltr'><strong>caussa,</strong></span> 
     </span>
     <span class='ocr_line' id='line_1_19' title="bbox 111 2599 855 2681; baseline -0.003 -20"><span class='ocrx_word' id='word_1_143' title='bbox 111 2601 160 2661; x_wconf 83' lang='lat' dir='ltr'><strong>sed</strong></span> <span class='ocrx_word' id='word_1_144' title='bbox 180 2614 210 2660; x_wconf 92' lang='lat' dir='ltr'><strong>ut</strong></span> <span class='ocrx_word' id='word_1_145' title='bbox 226 2614 381 2681; x_wconf 80' lang='lat' dir='ltr'><strong>sequeretur</strong></span> <span class='ocrx_word' id='word_1_146' title='bbox 401 2621 475 2673; x_wconf 88' lang='lat' dir='ltr'><strong>eum,</strong></span> <span class='ocrx_word' id='word_1_147' title='bbox 499 2599 638 2680; x_wconf 84' lang='lat' dir='ltr'><strong>superiora</strong></span> <span class='ocrx_word' id='word_1_148' title='bbox 660 2600 791 2680; x_wconf 74' lang='lat' dir='ltr'><strong>loquutus</strong></span> <span class='ocrx_word' id='word_1_149' title='bbox 807 2616 855 2661; x_wconf 87' lang='lat' dir='ltr'><strong>est.</strong></span> 
     </span>
     <span class='ocr_line' id='line_1_20' title="bbox 113 2692 858 2774; baseline -0.001 -20"><span class='ocrx_word' id='word_1_150' title='bbox 113 2697 184 2768; x_wconf 81' lang='lat' dir='ltr'><strong>Quia</strong></span> <span class='ocrx_word' id='word_1_151' title='bbox 194 2717 259 2756; x_wconf 87' lang='lat' dir='ltr'><strong>vero</strong></span> <span class='ocrx_word' id='word_1_152' title='bbox 273 2695 425 2774; x_wconf 77' lang='lat' dir='ltr'><strong>increpatus</strong></span> <span class='ocrx_word' id='word_1_153' title='bbox 439 2693 597 2767; x_wconf 71' lang='lat' dir='ltr'><strong>incinerat,</strong></span> <span class='ocrx_word' id='word_1_154' title='bbox 614 2706 641 2752; x_wconf 91' lang='lat' dir='ltr'><strong>et</strong></span> <span class='ocrx_word' id='word_1_155' title='bbox 655 2692 764 2752; x_wconf 79' lang='lat' dir='ltr'><strong>interim</strong></span> <span class='ocrx_word' id='word_1_156' title='bbox 777 2693 858 2753; x_wconf 86' lang='lat' dir='ltr'><strong>Chri-</strong></span> 
     </span>
     <span class='ocr_line' id='line_1_21' title="bbox 115 2784 859 2868; baseline -0.001 -20"><span class='ocrx_word' id='word_1_157' title='bbox 115 2803 172 2848; x_wconf 84' lang='lat' dir='ltr'><strong>stus</strong></span> <span class='ocrx_word' id='word_1_158' title='bbox 196 2786 270 2868; x_wconf 89' lang='lat' dir='ltr'><strong>quod</strong></span> <span class='ocrx_word' id='word_1_159' title='bbox 296 2785 463 2866; x_wconf 87' lang='lat' dir='ltr'><strong>impossibile</strong></span> <span class='ocrx_word' id='word_1_160' title='bbox 482 2784 637 2858; x_wconf 81' lang='lat' dir='ltr'><strong>videbatur,</strong></span> <span class='ocrx_word' id='word_1_161' title='bbox 651 2785 782 2867; x_wconf 86' lang='lat' dir='ltr'><strong>possibile</strong></span> <span class='ocrx_word' id='word_1_162' title='bbox 802 2806 859 2847; x_wconf 87' lang='lat' dir='ltr'><strong>esse</strong></span> 
     </span>
     <span class='ocr_line' id='line_1_22' title="bbox 115 2875 859 2960; baseline -0.001 -20"><span class='ocrx_word' id='word_1_163' title='bbox 115 2880 289 2955; x_wconf 60' lang='lat' dir='ltr'><strong>menstruum</strong></span> <span class='ocrx_word' id='word_1_164' title='bbox 305 2891 331 2937; x_wconf 87' lang='lat' dir='ltr'><strong>et</strong></span> <span class='ocrx_word' id='word_1_165' title='bbox 348 2899 412 2936; x_wconf 91' lang='lat' dir='ltr'><strong>cum</strong></span> <span class='ocrx_word' id='word_1_166' title='bbox 426 2877 595 2958; x_wconf 86' lang='lat' dir='ltr'><strong>impossibile</strong></span> <span class='ocrx_word' id='word_1_167' title='bbox 612 2875 762 2954; x_wconf 86' lang='lat' dir='ltr'><strong>videretur,</strong></span> <span class='ocrx_word' id='word_1_168' title='bbox 780 2879 859 2960; x_wconf 87' lang='lat' dir='ltr'><strong>eupi-</strong></span> 
     </span>
    </p>

    <p class='ocr_par' dir='ltr' id='par_1_6' title="bbox 79 2966 860 3330">
     <span class='ocr_line' id='line_1_23' title="bbox 79 2966 860 3053; baseline -0.001 -20"><span class='ocrx_word' id='word_1_169' title='bbox 79 2966 97 3013; x_wconf 73' lang='grc' dir='ltr'><strong>Β</strong></span> <span class='ocrx_word' id='word_1_170' title='bbox 115 2974 227 3033; x_wconf 84' lang='lat' dir='ltr'><strong>ditatum</strong></span> <span class='ocrx_word' id='word_1_171' title='bbox 239 2971 331 3053; x_wconf 87' lang='lat' dir='ltr'><strong>injecit</strong></span> <span class='ocrx_word' id='word_1_172' title='bbox 341 2968 412 3050; x_wconf 89' lang='lat' dir='ltr'><strong>quid</strong></span> <span class='ocrx_word' id='word_1_173' title='bbox 424 2969 495 3030; x_wconf 82' lang='lat' dir='ltr'><strong>illud</strong></span> <span class='ocrx_word' id='word_1_174' title='bbox 507 2983 574 3031; x_wconf 87' lang='lat' dir='ltr'><strong>esset</strong></span> <span class='ocrx_word' id='word_1_175' title='bbox 585 2970 764 3050; x_wconf 76' lang='lat' dir='ltr'><strong>eognoseendi</strong></span> <span class='ocrx_word' id='word_1_176' title='bbox 777 2996 786 3030; x_wconf 72' lang='lat' dir='ltr'><strong>r</strong></span> <span class='ocrx_word' id='word_1_177' title='bbox 798 2972 860 3033; x_wconf 91' lang='lat' dir='ltr'><strong>ideo</strong></span> 
     </span>
     <span class='ocr_line' id='line_1_24' title="bbox 115 3063 860 3137; baseline 0.001 -12"><span class='ocrx_word' id='word_1_178' title='bbox 115 3067 152 3125; x_wconf 86' lang='lat' dir='ltr'><strong>ait</strong></span> <span class='ocrx_word' id='word_1_179' title='bbox 168 3066 243 3125; x_wconf 89' lang='lat' dir='ltr'><strong>illis:</strong></span> <span class='ocrx_word' id='word_1_180' title='bbox 262 3067 301 3124; x_wconf 83' lang='lat' dir='ltr'><strong>Et</strong></span> <span class='ocrx_word' id='word_1_181' title='bbox 322 3068 406 3124; x_wconf 81' lang='lat' dir='ltr'><strong>viam</strong></span> <span class='ocrx_word' id='word_1_182' title='bbox 426 3068 517 3123; x_wconf 87' lang='lat' dir='ltr'><strong>scitis.</strong></span> <span class='ocrx_word' id='word_1_183' title='bbox 533 3063 612 3123; x_wconf 87' lang='lat' dir='ltr'><strong>Sicut</strong></span> <span class='ocrx_word' id='word_1_184' title='bbox 625 3063 699 3124; x_wconf 91' lang='lat' dir='ltr'><strong>enim</strong></span> <span class='ocrx_word' id='word_1_185' title='bbox 712 3064 761 3125; x_wconf 87' lang='lat' dir='ltr'><strong>ubi</strong></span> <span class='ocrx_word' id='word_1_186' title='bbox 774 3063 860 3137; x_wconf 82' lang='lat' dir='ltr'><strong>dixit,</strong></span> 
     </span>
     <span class='ocr_line' id='line_1_25' title="bbox 115 3155 860 3239; baseline 0.007 -21"><span class='ocrx_word' id='word_1_187' title='bbox 115 3163 166 3218; x_wconf 82' lang='lat' dir='ltr'><strong>Me</strong></span> <span class='ocrx_word' id='word_1_188' title='bbox 184 3161 314 3239; x_wconf 71' lang='lat' dir='ltr'><strong>negabis,</strong></span> <span class='ocrx_word' id='word_1_189' title='bbox 331 3178 394 3215; x_wconf 90' lang='lat' dir='ltr'><strong>cum</strong></span> <span class='ocrx_word' id='word_1_190' title='bbox 410 3176 489 3216; x_wconf 87' lang='lat' dir='ltr'><strong>nemo</strong></span> <span class='ocrx_word' id='word_1_191' title='bbox 500 3155 652 3236; x_wconf 90' lang='lat' dir='ltr'><strong>quidquam</strong></span> <span class='ocrx_word' id='word_1_192' title='bbox 671 3158 800 3239; x_wconf 84' lang='lat' dir='ltr'><strong>praeiatus</strong></span> <span class='ocrx_word' id='word_1_193' title='bbox 814 3180 860 3223; x_wconf 56' lang='lat' dir='ltr'><strong>ese</strong></span> 
     </span>
     <span class='ocr_line' id='line_1_26' title="bbox 115 3247 860 3330; baseline 0.001 -19"><span class='ocrx_word' id='word_1_194' title='bbox 115 3267 165 3323; x_wconf 86' lang='lat' dir='ltr'><strong>set,</strong></span> <span class='ocrx_word' id='word_1_195' title='bbox 179 3265 205 3310; x_wconf 89' lang='lat' dir='ltr'><strong>ut</strong></span> <span class='ocrx_word' id='word_1_196' title='bbox 216 3272 276 3330; x_wconf 77' lang='lat' dir='ltr'><strong>qim</strong></span> <span class='ocrx_word' id='word_1_197' title='bbox 290 3249 318 3308; x_wconf 91' lang='lat' dir='ltr'><strong>in</strong></span> <span class='ocrx_word' id='word_1_198' title='bbox 328 3247 455 3308; x_wconf 81' lang='lat' dir='ltr'><strong>cordibus</strong></span> <span class='ocrx_word' id='word_1_199' title='bbox 464 3263 539 3308; x_wconf 85' lang='lat' dir='ltr'><strong>eraut</strong></span> <span class='ocrx_word' id='word_1_200' title='bbox 548 3264 727 3322; x_wconf 78' lang='lat' dir='ltr'><strong>scrutaretur,</strong></span> <span class='ocrx_word' id='word_1_201' title='bbox 739 3249 860 3323; x_wconf 77' lang='lat' dir='ltr'><strong>addidit,</strong></span> 
     </span>
    </p>

    <p class='ocr_par' dir='ltr' id='par_1_7' title="bbox 116 3341 865 3518">
     <span class='ocr_line' id='line_1_27' title="bbox 119 3341 861 3419; baseline -0.001 -15"><span class='ocrx_word' id='word_1_202' title='bbox 119 3348 162 3403; x_wconf 81' lang='lat' dir='ltr'><strong>d&#39;e</strong></span> <span class='ocrx_word' id='word_1_203' title='bbox 175 3346 332 3403; x_wconf 83' lang='lat' dir='ltr'><strong>turbemini</strong></span> <span class='ocrx_word' id='word_1_204' title='bbox 348 3366 356 3398; x_wconf 94' lang='lat'><em>:</em></span> <span class='ocrx_word' id='word_1_205' title='bbox 372 3341 445 3401; x_wconf 80' lang='lat' dir='ltr'><strong>itaet</strong></span> <span class='ocrx_word' id='word_1_206' title='bbox 459 3342 511 3400; x_wconf 88' lang='lat' dir='ltr'><strong>hue</strong></span> <span class='ocrx_word' id='word_1_207' title='bbox 523 3341 595 3419; x_wconf 85' lang='lat' dir='ltr'><strong>loeo,</strong></span> <span class='ocrx_word' id='word_1_208' title='bbox 608 3342 655 3401; x_wconf 89' lang='lat' dir='ltr'><strong>ubi</strong></span> <span class='ocrx_word' id='word_1_209' title='bbox 666 3341 750 3419; x_wconf 84' lang='lat' dir='ltr'><strong>dixit,</strong></span> <span class='ocrx_word' id='word_1_210' title='bbox 763 3344 861 3414; x_wconf 84' lang='lat' dir='ltr'><strong>Scitis,</strong></span> 
     </span>
     <span class='ocr_line' id='line_1_28' title="bbox 116 3433 865 3518; baseline -0.004 -19"><span class='ocrx_word' id='word_1_211' title='bbox 116 3436 294 3517; x_wconf 79' lang='lat' dir='ltr'><strong>cupiditatem</strong></span> <span class='ocrx_word' id='word_1_212' title='bbox 309 3433 393 3493; x_wconf 85' lang='lat' dir='ltr'><strong>auimi</strong></span> <span class='ocrx_word' id='word_1_213' title='bbox 408 3455 504 3492; x_wconf 87' lang='lat' dir='ltr'><strong>eorum</strong></span> <span class='ocrx_word' id='word_1_214' title='bbox 525 3433 685 3509; x_wconf 77' lang='lat' dir='ltr'><strong>declaravit,</strong></span> <span class='ocrx_word' id='word_1_215' title='bbox 700 3436 798 3518; x_wconf 86' lang='lat' dir='ltr'><strong>etipse</strong></span> <span class='ocrx_word' id='word_1_216' title='bbox 816 3435 865 3496; x_wconf 87' lang='lat' dir='ltr'><strong>dat</strong></span> 
     </span>
    </p>

    <p class='ocr_par' dir='ltr' id='par_1_8' title="bbox 61 3525 873 4627">
     <span class='ocr_line' id='line_1_29' title="bbox 61 3525 866 3607; baseline -0.004 -19"><span class='ocrx_word' id='word_1_217' title='bbox 61 3544 64 3560; x_wconf 81' lang='lat'>&#39;</span> <span class='ocrx_word' id='word_1_218' title='bbox 118 3531 171 3588; x_wconf 78' lang='lat' dir='ltr'><strong>iilis</strong></span> <span class='ocrx_word' id='word_1_219' title='bbox 196 3525 379 3604; x_wconf 78' lang='lat' dir='ltr'><strong>iuterrogaudi</strong></span> <span class='ocrx_word' id='word_1_220' title='bbox 400 3526 577 3585; x_wconf 75' lang='lat' dir='ltr'><strong>occasionem.</strong></span> <span class='ocrx_word' id='word_1_221' title='bbox 604 3527 680 3587; x_wconf 87' lang='lat' dir='ltr'><strong>lttud</strong></span> <span class='ocrx_word' id='word_1_222' title='bbox 701 3550 777 3606; x_wconf 77' lang='lat' dir='ltr'><strong>uero,</strong></span> <span class='ocrx_word' id='word_1_223' title='bbox 800 3534 866 3607; x_wconf 82' lang='lat' dir='ltr'><strong>Quo</strong></span> 
     </span>
     <span class='ocr_line' id='line_1_30' title="bbox 61 3618 866 3701; baseline -0.004 -19"><span class='ocrx_word' id='word_1_224' title='bbox 61 3633 65 3675; x_wconf 74' lang='grc' dir='ltr'>ἰ</span> <span class='ocrx_word' id='word_1_225' title='bbox 117 3624 226 3682; x_wconf 73' lang='lat' dir='ltr'><strong>vodis?</strong></span> <span class='ocrx_word' id='word_1_226' title='bbox 245 3622 340 3678; x_wconf 85' lang='lat' dir='ltr'><strong>Petrus</strong></span> <span class='ocrx_word' id='word_1_227' title='bbox 360 3640 395 3676; x_wconf 82' lang='lat' dir='ltr'><strong>ex</strong></span> <span class='ocrx_word' id='word_1_228' title='bbox 411 3619 437 3678; x_wconf 74' lang='lat' dir='ltr'><strong>ui</strong></span> <span class='ocrx_word' id='word_1_229' title='bbox 452 3618 564 3694; x_wconf 79' lang='lat' dir='ltr'><strong>arum-is,</strong></span> <span class='ocrx_word' id='word_1_230' title='bbox 581 3620 702 3679; x_wconf 82' lang='lat' dir='ltr'><strong>Thomas</strong></span> <span class='ocrx_word' id='word_1_231' title='bbox 724 3643 787 3682; x_wconf 80' lang='lat' dir='ltr'><strong>vero</strong></span> <span class='ocrx_word' id='word_1_232' title='bbox 809 3644 866 3701; x_wconf 80' lang='lat' dir='ltr'><strong>prm</strong></span> 
     </span>
     <span class='ocr_line' id='line_1_31' title="bbox 61 3711 864 3793; baseline -0.004 -20"><span class='ocrx_word' id='word_1_233' title='bbox 61 3726 66 3755; x_wconf 75' lang='lat'>⁸</span> <span class='ocrx_word' id='word_1_234' title='bbox 118 3716 214 3773; x_wconf 81' lang='lat' dir='ltr'><strong>timore</strong></span> <span class='ocrx_word' id='word_1_235' title='bbox 228 3712 304 3772; x_wconf 79' lang='lat' dir='ltr'><strong>dicit.</strong></span> <span class='ocrx_word' id='word_1_236' title='bbox 322 3711 349 3769; x_wconf 79' lang='grc'><strong>5.</strong></span> <span class='ocrx_word' id='word_1_237' title='bbox 366 3713 503 3783; x_wconf 83' lang='lat' dir='ltr'><strong>Durniue,</strong></span> <span class='ocrx_word' id='word_1_238' title='bbox 525 3716 669 3772; x_wconf 85' lang='lat' dir='ltr'><strong>nescimus</strong></span> <span class='ocrx_word' id='word_1_239' title='bbox 688 3734 747 3793; x_wconf 82' lang='lat' dir='ltr'><strong>quo</strong></span> <span class='ocrx_word' id='word_1_240' title='bbox 765 3715 864 3772; x_wconf 75' lang='lat' dir='ltr'><strong>orodis.</strong></span> 
     </span>
     <span class='ocr_line' id='line_1_32' title="bbox 62 3804 867 3886; baseline -0.002 -19"><span class='ocrx_word' id='word_1_241' title='bbox 62 3829 67 3838; x_wconf 95' lang='lat'><em>·</em></span> <span class='ocrx_word' id='word_1_242' title='bbox 122 3810 224 3868; x_wconf 82' lang='lat' dir='ltr'><strong>Loerun</strong></span> <span class='ocrx_word' id='word_1_243' title='bbox 235 3805 378 3880; x_wconf 84' lang='lat' dir='ltr'><strong>ueseiruus,</strong></span> <span class='ocrx_word' id='word_1_244' title='bbox 394 3804 493 3882; x_wconf 85' lang='lat' dir='ltr'><strong>iuquit,</strong></span> <span class='ocrx_word' id='word_1_245' title='bbox 505 3806 547 3863; x_wconf 84' lang='lat' dir='ltr'><strong>Et</strong></span> <span class='ocrx_word' id='word_1_246' title='bbox 561 3806 706 3883; x_wconf 79' lang='lat' dir='ltr'><strong>quoruodo</strong></span> <span class='ocrx_word' id='word_1_247' title='bbox 714 3826 867 3886; x_wconf 86' lang='lat' dir='ltr'><strong>possumus</strong></span> 
     </span>
     <span class='ocr_line' id='line_1_33' title="bbox 61 3896 867 3975; baseline -0.001 -17"><span class='ocrx_word' id='word_1_248' title='bbox 61 3928 69 3958; x_wconf 75' lang='grc' dir='ltr'>ι</span> <span class='ocrx_word' id='word_1_249' title='bbox 122 3906 206 3959; x_wconf 81' lang='lat' dir='ltr'><strong>oium</strong></span> <span class='ocrx_word' id='word_1_250' title='bbox 227 3903 320 3958; x_wconf 82' lang='lat' dir='ltr'><strong>scire?</strong></span> <span class='ocrx_word' id='word_1_251' title='bbox 341 3896 414 3957; x_wconf 85' lang='lat' dir='ltr'><strong>Vide</strong></span> <span class='ocrx_word' id='word_1_252' title='bbox 434 3918 515 3975; x_wconf 78' lang='lat' dir='ltr'><strong>quiam</strong></span> <span class='ocrx_word' id='word_1_253' title='bbox 538 3911 695 3957; x_wconf 82' lang='lat' dir='ltr'><strong>reverenter.</strong></span> <span class='ocrx_word' id='word_1_254' title='bbox 716 3899 777 3958; x_wconf 81' lang='lat' dir='ltr'><strong>Non</strong></span> <span class='ocrx_word' id='word_1_255' title='bbox 795 3899 867 3957; x_wconf 90' lang='lat' dir='ltr'><strong>euim</strong></span> 
     </span>
     <span class='ocr_line' id='line_1_34' title="bbox 63 3988 869 4073; baseline -0.001 -20"><span class='ocrx_word' id='word_1_256' title='bbox 63 4023 70 4038; x_wconf 91' lang='lat'><strong>·</strong></span> <span class='ocrx_word' id='word_1_257' title='bbox 85 3992 103 4039; x_wconf 74' lang='lat' dir='ltr'>C</span> <span class='ocrx_word' id='word_1_258' title='bbox 122 3993 206 4068; x_wconf 84' lang='lat' dir='ltr'><strong>dixit,</strong></span> <span class='ocrx_word' id='word_1_259' title='bbox 225 3991 278 4049; x_wconf 91' lang='lat' dir='ltr'><strong>Die</strong></span> <span class='ocrx_word' id='word_1_260' title='bbox 291 3989 369 4048; x_wconf 91' lang='lat' dir='ltr'><strong>nobis</strong></span> <span class='ocrx_word' id='word_1_261' title='bbox 382 3988 472 4047; x_wconf 85' lang='lat' dir='ltr'><strong>locum</strong></span> <span class='ocrx_word' id='word_1_262' title='bbox 479 4013 488 4065; x_wconf 88' lang='lat'>;</span> <span class='ocrx_word' id='word_1_263' title='bbox 504 3988 563 4063; x_wconf 84' lang='lat' dir='ltr'><strong>sed,</strong></span> <span class='ocrx_word' id='word_1_264' title='bbox 576 3992 727 4050; x_wconf 84' lang='lat' dir='ltr'><strong>Nescimus</strong></span> <span class='ocrx_word' id='word_1_265' title='bbox 741 4011 799 4073; x_wconf 77' lang='lat' dir='ltr'><strong>quo</strong></span> <span class='ocrx_word' id='word_1_266' title='bbox 812 4013 869 4052; x_wconf 73' lang='lat' dir='ltr'><strong>ora·</strong></span> 
     </span>
     <span class='ocr_line' id='line_1_35' title="bbox 62 4079 868 4163; baseline -0.005 -18"><span class='ocrx_word' id='word_1_267' title='bbox 62 4107 71 4118; x_wconf 92' lang='lat'><strong>·</strong></span> <span class='ocrx_word' id='word_1_268' title='bbox 124 4088 179 4145; x_wconf 86' lang='lat' dir='ltr'><strong>dis.</strong></span> <span class='ocrx_word' id='word_1_269' title='bbox 196 4083 254 4141; x_wconf 82' lang='lat' dir='ltr'><strong>Hoc</strong></span> <span class='ocrx_word' id='word_1_270' title='bbox 267 4081 339 4140; x_wconf 91' lang='lat' dir='ltr'><strong>enim</strong></span> <span class='ocrx_word' id='word_1_271' title='bbox 349 4081 407 4160; x_wconf 89' lang='lat' dir='ltr'><strong>jam</strong></span> <span class='ocrx_word' id='word_1_272' title='bbox 419 4079 486 4140; x_wconf 90' lang='lat' dir='ltr'><strong>olim</strong></span> <span class='ocrx_word' id='word_1_273' title='bbox 498 4100 591 4139; x_wconf 89' lang='lat' dir='ltr'><strong>omnes</strong></span> <span class='ocrx_word' id='word_1_274' title='bbox 603 4079 706 4140; x_wconf 83' lang='lat' dir='ltr'><strong>discere</strong></span> <span class='ocrx_word' id='word_1_275' title='bbox 716 4081 868 4163; x_wconf 83' lang='lat' dir='ltr'><strong>cupiebant.</strong></span> 
     </span>
     <span class='ocr_line' id='line_1_36' title="bbox 63 4171 869 4253; baseline -0.004 -15"><span class='ocrx_word' id='word_1_276' title='bbox 63 4189 72 4225; x_wconf 77' lang='lat'>⁸</span> <span class='ocrx_word' id='word_1_277' title='bbox 124 4181 194 4238; x_wconf 85' lang='lat' dir='ltr'><strong>Nam</strong></span> <span class='ocrx_word' id='word_1_278' title='bbox 209 4176 230 4235; x_wconf 91' lang='lat' dir='ltr'><strong>si</strong></span> <span class='ocrx_word' id='word_1_279' title='bbox 245 4172 334 4235; x_wconf 83' lang='lat' dir='ltr'><strong>Judaei</strong></span> <span class='ocrx_word' id='word_1_280' title='bbox 348 4171 377 4230; x_wconf 91' lang='lat' dir='ltr'><strong>id</strong></span> <span class='ocrx_word' id='word_1_281' title='bbox 388 4172 525 4231; x_wconf 84' lang='lat' dir='ltr'><strong>audientes</strong></span> <span class='ocrx_word' id='word_1_282' title='bbox 534 4171 788 4253; x_wconf 80' lang='lat' dir='ltr'><strong>animipendebaut,</strong></span> <span class='ocrx_word' id='word_1_283' title='bbox 800 4187 869 4235; x_wconf 81' lang='lat' dir='ltr'><strong>tam·</strong></span> 
     </span>
     <span class='ocr_line' id='line_1_37' title="bbox 125 4263 872 4349; baseline 0 -19"><span class='ocrx_word' id='word_1_284' title='bbox 125 4271 175 4331; x_wconf 87' lang='lat' dir='ltr'><strong>etsi</strong></span> <span class='ocrx_word' id='word_1_285' title='bbox 197 4268 341 4349; x_wconf 83' lang='lat' dir='ltr'><strong>cupiebant</strong></span> <span class='ocrx_word' id='word_1_286' title='bbox 360 4266 440 4325; x_wconf 88' lang='lat' dir='ltr'><strong>illum</strong></span> <span class='ocrx_word' id='word_1_287' title='bbox 464 4263 624 4343; x_wconf 81' lang='lat' dir='ltr'><strong>absoedere3</strong></span> <span class='ocrx_word' id='word_1_288' title='bbox 643 4266 730 4326; x_wconf 87' lang='lat' dir='ltr'><strong>multo</strong></span> <span class='ocrx_word' id='word_1_289' title='bbox 742 4268 830 4348; x_wconf 78' lang='lat' dir='ltr'><strong>magis</strong></span> <span class='ocrx_word' id='word_1_290' title='bbox 849 4269 872 4330; x_wconf 83' lang='lat' dir='ltr'><strong>it</strong></span> 
     </span>
     <span class='ocr_line' id='line_1_38' title="bbox 126 4359 873 4446; baseline -0.003 -21"><span class='ocrx_word' id='word_1_291' title='bbox 126 4367 171 4446; x_wconf 78' lang='lat' dir='ltr'><strong>quii</strong></span> <span class='ocrx_word' id='word_1_292' title='bbox 181 4384 328 4443; x_wconf 85' lang='lat' dir='ltr'><strong>numquam</strong></span> <span class='ocrx_word' id='word_1_293' title='bbox 340 4360 467 4420; x_wconf 81' lang='lat' dir='ltr'><strong>volebant</strong></span> <span class='ocrx_word' id='word_1_294' title='bbox 477 4359 512 4418; x_wconf 82' lang='lat' dir='ltr'><strong>ab</strong></span> <span class='ocrx_word' id='word_1_295' title='bbox 523 4359 571 4419; x_wconf 83' lang='lat' dir='ltr'><strong>illo</strong></span> <span class='ocrx_word' id='word_1_296' title='bbox 585 4360 714 4441; x_wconf 83' lang='lat' dir='ltr'><strong>separari,</strong></span> <span class='ocrx_word' id='word_1_297' title='bbox 729 4360 873 4425; x_wconf 82' lang='lat' dir='ltr'><strong>iddisoere</strong></span> 
     </span>
     <span class='ocr_line' id='line_1_39' title="bbox 126 4451 871 4537; baseline 0.001 -21"><span class='ocrx_word' id='word_1_298' title='bbox 126 4457 279 4537; x_wconf 82' lang='lat' dir='ltr'><strong>cupiebant.</strong></span> <span class='ocrx_word' id='word_1_299' title='bbox 296 4453 497 4512; x_wconf 85' lang='lat' dir='ltr'><strong>Reverebnntur</strong></span> <span class='ocrx_word' id='word_1_300' title='bbox 508 4451 684 4512; x_wconf 83' lang='lat' dir='ltr'><strong>autemillum</strong></span> <span class='ocrx_word' id='word_1_301' title='bbox 695 4452 871 4535; x_wconf 64' lang='lat' dir='ltr'><strong>interregem</strong></span> 
     </span>
     <span class='ocr_line' id='line_1_40' title="bbox 127 4545 873 4627; baseline -0.001 -17"><span class='ocrx_word' id='word_1_302' title='bbox 127 4552 291 4627; x_wconf 75' lang='lat' dir='ltr'><strong>interrogant</strong></span> <span class='ocrx_word' id='word_1_303' title='bbox 311 4561 400 4605; x_wconf 82' lang='lat' dir='ltr'><strong>tamen</strong></span> <span class='ocrx_word' id='word_1_304' title='bbox 424 4559 452 4604; x_wconf 90' lang='lat' dir='ltr'><strong>et</strong></span> <span class='ocrx_word' id='word_1_305' title='bbox 468 4565 560 4605; x_wconf 85' lang='lat' dir='ltr'><strong>amore</strong></span> <span class='ocrx_word' id='word_1_306' title='bbox 584 4559 611 4605; x_wconf 85' lang='lat' dir='ltr'><strong>et</strong></span> <span class='ocrx_word' id='word_1_307' title='bbox 634 4545 769 4607; x_wconf 81' lang='lat' dir='ltr'><strong>anxietate</strong></span> <span class='ocrx_word' id='word_1_308' title='bbox 787 4548 873 4610; x_wconf 88' lang='lat' dir='ltr'><strong>ducti.</strong></span> 
     </span>
    </p>
   </div>
   <div class='ocr_carea' id='block_1_4' title="bbox 62 4264 876 5002">
    <p class='ocr_par' dir='ltr' id='par_1_9' title="bbox 62 4264 876 5002">
     <span class='ocr_line' id='line_1_41' title="bbox 62 4264 70 4316; baseline 0 0"><span class='ocrx_word' id='word_1_309' title='bbox 62 4264 70 4316; x_wconf 82' lang='lat' dir='ltr'><strong>i</strong></span> 
     </span>
     <span class='ocr_line' id='line_1_42' title="bbox 62 4374 72 4408; baseline 0 0"><span class='ocrx_word' id='word_1_310' title='bbox 62 4374 72 4408; x_wconf 64' lang='lat' dir='ltr'><strong>d</strong></span> 
     </span>
     <span class='ocr_line' id='line_1_43' title="bbox 62 4466 73 4502; baseline 0 0"><span class='ocrx_word' id='word_1_311' title='bbox 62 4466 73 4502; x_wconf 85' lang='grc' dir='ltr'>ι</span> 
     </span>
     <span class='ocr_line' id='line_1_44' title="bbox 66 4560 73 4607; baseline 0 0"><span class='ocrx_word' id='word_1_312' title='bbox 66 4560 73 4607; x_wconf 83' lang='lat'>3</span> 
     </span>
     <span class='ocr_line' id='line_1_45' title="bbox 63 4637 872 4719; baseline 0.01 -25"><span class='ocrx_word' id='word_1_313' title='bbox 63 4652 75 4694; x_wconf 79' lang='grc' dir='ltr'>ς</span> <span class='ocrx_word' id='word_1_314' title='bbox 128 4642 204 4716; x_wconf 83' lang='lat' dir='ltr'><strong>Quid</strong></span> <span class='ocrx_word' id='word_1_315' title='bbox 221 4661 285 4719; x_wconf 82' lang='lat' dir='ltr'><strong>ergo</strong></span> <span class='ocrx_word' id='word_1_316' title='bbox 305 4637 448 4697; x_wconf 76' lang='lat' dir='ltr'><strong>Christus?</strong></span> <span class='ocrx_word' id='word_1_317' title='bbox 461 4641 489 4697; x_wconf 80' lang='lat'><strong>6.</strong></span> <span class='ocrx_word' id='word_1_318' title='bbox 502 4639 567 4718; x_wconf 82' lang='lat' dir='ltr'><strong>Ego</strong></span> <span class='ocrx_word' id='word_1_319' title='bbox 587 4658 652 4698; x_wconf 90' lang='lat' dir='ltr'><strong>sum</strong></span> <span class='ocrx_word' id='word_1_320' title='bbox 667 4643 733 4716; x_wconf 87' lang='lat' dir='ltr'><strong>oia,</strong></span> <span class='ocrx_word' id='word_1_321' title='bbox 748 4646 872 4715; x_wconf 83' lang='lat' dir='ltr'><strong>ueritas,</strong></span> 
     </span>
     <span class='ocr_line' id='line_1_46' title="bbox 62 4722 872 4813; baseline -0.002 -17"><span class='ocrx_word' id='word_1_322' title='bbox 62 4722 75 4780; x_wconf 61' lang='lat' dir='ltr'><strong>&#39;i</strong></span> <span class='ocrx_word' id='word_1_323' title='bbox 128 4750 156 4796; x_wconf 87' lang='lat' dir='ltr'><strong>et</strong></span> <span class='ocrx_word' id='word_1_324' title='bbox 171 4740 247 4794; x_wconf 86' lang='lat' dir='ltr'><strong>oito.</strong></span> <span class='ocrx_word' id='word_1_325' title='bbox 268 4735 361 4792; x_wconf 87' lang='lat' dir='ltr'><strong>Nemo</strong></span> <span class='ocrx_word' id='word_1_326' title='bbox 377 4735 460 4789; x_wconf 82' lang='lat' dir='ltr'><strong>uenit</strong></span> <span class='ocrx_word' id='word_1_327' title='bbox 479 4732 521 4789; x_wconf 83' lang='lat' dir='ltr'><strong>od</strong></span> <span class='ocrx_word' id='word_1_328' title='bbox 535 4733 668 4803; x_wconf 84' lang='lat' dir='ltr'><strong>Patrem,</strong></span> <span class='ocrx_word' id='word_1_329' title='bbox 683 4736 741 4791; x_wconf 86' lang='lat' dir='ltr'><strong>uisi</strong></span> <span class='ocrx_word' id='word_1_330' title='bbox 750 4755 804 4813; x_wconf 79' lang='lat' dir='ltr'><strong>per</strong></span> <span class='ocrx_word' id='word_1_331' title='bbox 816 4757 872 4794; x_wconf 82' lang='lat' dir='ltr'><strong>me.</strong></span> 
     </span>
     <span class='ocr_line' id='line_1_47' title="bbox 62 4825 876 4906; baseline 0.005 -24"><span class='ocrx_word' id='word_1_332' title='bbox 62 4829 74 4882; x_wconf 80' lang='lat' dir='ltr'><strong>i</strong></span> <span class='ocrx_word' id='word_1_333' title='bbox 129 4833 185 4890; x_wconf 88' lang='lat' dir='ltr'><strong>Cur</strong></span> <span class='ocrx_word' id='word_1_334' title='bbox 198 4850 261 4906; x_wconf 75' lang='lat' dir='ltr'><strong>ergo</strong></span> <span class='ocrx_word' id='word_1_335' title='bbox 275 4826 452 4904; x_wconf 78' lang='lat' dir='ltr'><strong>interrogatus</strong></span> <span class='ocrx_word' id='word_1_336' title='bbox 463 4845 479 4882; x_wconf 84' lang='lat' dir='ltr'><strong>a</strong></span> <span class='ocrx_word' id='word_1_337' title='bbox 491 4825 571 4883; x_wconf 84' lang='lat' dir='ltr'><strong>Petro</strong></span> <span class='ocrx_word' id='word_1_338' title='bbox 581 4844 636 4902; x_wconf 92' lang='lat' dir='ltr'><strong>quo</strong></span> <span class='ocrx_word' id='word_1_339' title='bbox 647 4825 708 4899; x_wconf 84' lang='lat' dir='ltr'><strong>iret,</strong></span> <span class='ocrx_word' id='word_1_340' title='bbox 719 4846 772 4886; x_wconf 92' lang='lat' dir='ltr'><strong>non</strong></span> <span class='ocrx_word' id='word_1_341' title='bbox 784 4828 876 4887; x_wconf 86' lang='lat' dir='ltr'><strong>statim</strong></span> 
     </span>
     <span class='ocr_line' id='line_1_48' title="bbox 69 4916 875 5002; baseline -0.006 -20"><span class='ocrx_word' id='word_1_342' title='bbox 69 4951 74 4962; x_wconf 93' lang='lat'><strong>·</strong></span> <span class='ocrx_word' id='word_1_343' title='bbox 130 4919 277 5002; x_wconf 79' lang='lat' dir='ltr'><strong>respondit,</strong></span> <span class='ocrx_word' id='word_1_344' title='bbox 303 4918 362 4996; x_wconf 78' lang='lat' dir='ltr'><strong>Ego</strong></span> <span class='ocrx_word' id='word_1_345' title='bbox 385 4916 419 4975; x_wconf 90' lang='lat' dir='ltr'><strong>ad</strong></span> <span class='ocrx_word' id='word_1_346' title='bbox 439 4917 547 4975; x_wconf 85' lang='lat' dir='ltr'><strong>Patrem</strong></span> <span class='ocrx_word' id='word_1_347' title='bbox 565 4916 648 4993; x_wconf 84' lang='lat' dir='ltr'><strong>vado,</strong></span> <span class='ocrx_word' id='word_1_348' title='bbox 668 4938 716 4976; x_wconf 79' lang='lat' dir='ltr'><strong>vos</strong></span> <span class='ocrx_word' id='word_1_349' title='bbox 739 4940 803 4979; x_wconf 88' lang='lat' dir='ltr'><strong>vero</strong></span> <span class='ocrx_word' id='word_1_350' title='bbox 823 4940 875 4978; x_wconf 90' lang='lat' dir='ltr'><strong>nou</strong></span> 
     </span>
    </p>
   </div>
   <div class='ocr_carea' id='block_1_5' title="bbox 151 5075 875 5222">
    <p class='ocr_par' dir='ltr' id='par_1_10' title="bbox 151 5075 875 5222">
     <span class='ocr_line' id='line_1_49' title="bbox 151 5075 364 5137; baseline -0.019 -9"><span class='ocrx_word' id='word_1_351' title='bbox 151 5082 163 5120; x_wconf 89' lang='lat' dir='ltr'><strong>l·</strong></span> <span class='ocrx_word' id='word_1_352' title='bbox 175 5075 263 5128; x_wconf 72' lang='lat' dir='ltr'><strong>Motel-</strong></span> <span class='ocrx_word' id='word_1_353' title='bbox 277 5079 364 5137; x_wconf 72' lang='grc' dir='ltr'>ὣιιξιν.</span> 
     </span>
     <span class='ocr_line' id='line_1_50' title="bbox 151 5152 875 5222; baseline -0.003 -16"><span class='ocrx_word' id='word_1_354' title='bbox 151 5156 218 5206; x_wconf 67' lang='grc' dir='ltr'><strong>ΓΑΙίι</strong></span> <span class='ocrx_word' id='word_1_355' title='bbox 240 5161 281 5209; x_wconf 64' lang='grc' dir='ltr'><strong>ὑπὸ</strong></span> <span class='ocrx_word' id='word_1_356' title='bbox 300 5163 340 5208; x_wconf 74' lang='grc' dir='ltr'><strong>τοῦ</strong></span> <span class='ocrx_word' id='word_1_357' title='bbox 360 5160 452 5207; x_wconf 68' lang='grc' dir='ltr'><strong>πιλὶοῦ.</strong></span> <span class='ocrx_word' id='word_1_358' title='bbox 467 5152 560 5217; x_wconf 77' lang='lat' dir='ltr'><strong>[Pado</strong></span> <span class='ocrx_word' id='word_1_359' title='bbox 577 5164 634 5202; x_wconf 84' lang='lat' dir='ltr'><strong>aute</strong></span> <span class='ocrx_word' id='word_1_360' title='bbox 650 5161 761 5222; x_wconf 64' lang='lat' dir='ltr'><strong>iporiam</strong></span> <span class='ocrx_word' id='word_1_361' title='bbox 773 5168 786 5199; x_wconf 64' lang='grc' dir='ltr'><strong>θ</strong></span> <span class='ocrx_word' id='word_1_362' title='bbox 797 5153 875 5205; x_wconf 79' lang='grc' dir='ltr'>3ιιιὶΙ.</span> 
     </span>
    </p>
   </div>
   <div class='ocr_carea' id='block_1_6' title="bbox 120 5231 726 5345">
    <p class='ocr_par' dir='ltr' id='par_1_11' title="bbox 120 5231 726 5345">
     <span class='ocr_line' id='line_1_51' title="bbox 120 5231 724 5314; baseline -0.031 -27"><span class='ocrx_word' id='word_1_363' title='bbox 120 5251 144 5287; x_wconf 84' lang='lat' dir='ltr'><strong>ut</strong></span> <span class='ocrx_word' id='word_1_364' title='bbox 157 5235 239 5287; x_wconf 76' lang='lat' dir='ltr'><strong>(Iudd,</strong></span> <span class='ocrx_word' id='word_1_365' title='bbox 253 5232 368 5283; x_wconf 79' lang='lat' dir='ltr'><strong>additum</strong></span> <span class='ocrx_word' id='word_1_366' title='bbox 383 5231 391 5295; x_wconf 94' lang='lat'>]</span> <span class='ocrx_word' id='word_1_367' title='bbox 688 5298 724 5314; x_wconf 77' lang='lat'><strong>.-</strong></span> 
     </span>
     <span class='ocr_line' id='line_1_52' title="bbox 688 5316 726 5345; baseline 0 0"><span class='ocrx_word' id='word_1_368' title='bbox 688 5316 726 5345; x_wconf 69' lang='lat' dir='ltr'><strong>,ur</strong></span> 
     </span>
    </p>
   </div>
   <div class='ocr_carea' id='block_1_7' title="bbox 0 0 1919 5940">
    <p class='ocr_par' dir='ltr' id='par_1_12' title="bbox 0 0 1919 5940">
     <span class='ocr_line' id='line_1_53' title="bbox 0 0 1919 5940; baseline 0 0"><span class='ocrx_word' id='word_1_369' title='bbox 0 0 1919 5940; x_wconf 95' lang='lat' dir='ltr'><strong> </strong></span> 
     </span>
    </p>
   </div>
  </div>
 </body>
</html>
