3750 5940
129 406 199 506 576
477 431 507 481 s.
534 429 677 481 tornum
701 426 889 479 cnnrsosn.
913 427 930 478 a

1 574 46 604 om·
54 555 119 605 ⁵³⁰·
128 555 165 616 Et
184 573 294 614 rursum
316 550 393 629 alibi,
416 552 479 613 bea:
498 567 599 615 autem
622 555 811 625 subintravit,
840 562 872 611 ut
927 576 930 593 ¹

128 641 293 709 abundaret
303 648 451 707 delictum.
467 647 551 726 Atqui
564 667 618 707 uon
627 645 688 706 ideo
700 642 873 720 subintravit,
927 645 930 665 “

128 739 176 800 sod
199 752 229 797 ut
242 738 413 797 cohiberetur
425 752 573 819 peccatum.

169 836 199 892 2.
219 830 320 894 Viden’
335 830 436 908 ubique
449 830 611 891 adverbium
628 851 664 890 ex
677 843 774 892 eventu
795 826 873 910 poni?

65 956 73 965 =
130 925 169 984 Ut
183 923 258 985 enim
272 922 435 982 architectus
447 922 567 1004 optimus
581 936 686 1005 partem
702 922 802 982 aedium
815 942 874 1002 per

130 1014 206 1090 fecit,
220 1027 324 1096 partem
336 1014 519 1095 imperfectam
536 1015 657 1094 reliquit,
672 1029 702 1075 ut
717 1037 749 1075 cx
768 1013 876 1074 residuo

72 1170 75 1176 ,
131 1107 207 1190 apud
218 1106 370 1167 incredulos
378 1105 413 1166 de
426 1120 483 1167 toto
494 1127 552 1167 sese
562 1107 704 1168 defendat:
716 1108 754 1167 ita
766 1121 792 1166 et
805 1108 878 1165 Deus

133 1220 232 1281 corpus
246 1212 368 1259 nostrum
384 1198 550 1279 conglutinat
563 1211 589 1260 et
603 1197 724 1280 perficit,
741 1193 878 1276 umquam

134 1293 247 1354 domurn
261 1290 409 1370 quamdam
419 1290 565 1367 labantem,
577 1312 640 1351 cum
653 1312 763 1351 manum
772 1289 879 1349 aridam

134 1399 224 1461 sanat,
244 1383 388 1466 paralytici
410 1384 530 1443 membra
546 1383 769 1462 firmat,claudos
787 1382 877 1461 erigit,

134 1477 255 1558 leprosos
268 1475 391 1551 mundat,
405 1496 491 1555 aegros
508 1488 595 1553 sanat,
608 1496 686 1535 crura
705 1474 806 1534 debilia
818 1494 880 1533 urn-

136 1569 236 1646 firmat,
246 1582 365 1628 mortuos
375 1567 496 1642 suscitat,
503 1567 608 1626 clausos
618 1567 710 1627 oculos
720 1566 817 1648 aperit,
828 1586 880 1625 non

136 1660 246 1721 habenti
265 1660 358 1721 oculos
380 1659 471 1720 risum
492 1658 548 1718 dat.
568 1660 635 1731 Qus
657 1658 747 1718 omnia
767 1657 881 1718 infirma

136 1767 240 1813 suturae
261 1753 329 1815 rina
349 1751 417 1812 dum
438 1753 567 1833 corrigit,
588 1765 744 1834 potestatem
766 1749 883 1811 ostendit

137 1868 225 1907 suam.
243 1848 313 1905 Cum
324 1845 392 1906 dicit
405 1859 506 1920 aretem,
522 1848 561 1905 Ut
572 1847 779 1928 mamsestetur
787 1845 883 1926 gloria

138 1941 207 2012 Dei,
223 1937 259 1998 de
278 1958 319 2010 se,
334 1958 386 1997 non
401 1938 437 1998 de
450 1939 529 1998 Patre
543 1938 673 2018 loquitur.
691 1937 770 1997 Illius
783 1936 884 2016 quippe
902 1951 920 1998 Β

139 2032 224 2113 gloria
232 2030 371 2091 manifesta
381 2045 446 2092 erat.
456 2031 528 2103 Quia
539 2033 611 2092 enim
621 2031 774 2109 audierant,
783 2034 883 2111 Deum,

140 2146 203 2187 cum
216 2124 354 2185 hominem
368 2125 510 2201 formaret,
524 2126 658 2207 accepisse
674 2125 772 2185 limum
786 2125 821 2185 de
832 2140 884 2184 ter·

140 2239 188 2295 ra;
202 2217 264 2277 idco
280 2217 320 2277 sic
339 2217 387 2277 ille
403 2218 492 2277 lutum
510 2217 647 2277 formavit.
662 2217 692 2278 si
709 2219 782 2278 enim
797 2217 885 2277 dixis·

140 2323 199 2369 set:
215 2309 275 2389 Ego
293 2331 354 2369 sum
373 2309 423 2388 qui
445 2309 535 2390 accepi
553 2310 695 2390 pulverem
710 2310 745 2369 dc
759 2325 846 2385 terra,
860 2324 886 2369 et

140 2399 277 2461 bominem
290 2392 422 2477 formari,
436 2401 467 2461 id
479 2401 651 2462 auditoribus
664 2403 806 2462 offensioni
819 2403 887 2462 fuis·

141 2508 203 2572 set,
217 2493 266 2553 ubi
280 2514 347 2554 vero
364 2492 395 2553 id
412 2493 472 2576 ipso
489 2516 570 2576 opere
590 2494 720 2572 ostendit,
737 2517 790 2554 non
807 2516 888 2576 repu-

143 2608 226 2669 gnare
240 2601 396 2668 potuerunt.
419 2590 536 2669 Accepto
558 2587 649 2668 itaque
661 2589 789 2670 pulvere,
807 2609 888 2668 quem

10 2672 16 2683 ’
90 2680 93 2685 ’
143 2703 206 2741 cum
217 2694 298 2762 sputo
308 2679 533 2757 commiscuitsic
544 2683 676 2741 occultam
685 2681 801 2762 gloriam
810 2703 888 2741 suam

143 2773 311 2834 manifestam
341 2773 474 2834 reddidit.
504 2775 566 2835 Non
590 2797 675 2857 parva
700 2776 773 2836 enim
801 2775 889 2855 gloria

143 2880 219 2944 erat,
241 2865 317 2946 quod
336 2881 465 2927 creaturae
485 2866 577 2949 opifex
597 2881 748 2950 putaretur.
770 2869 815 2928 Ex
837 2869 889 2927 hoc

143 2961 217 3021 enim
229 2974 324 3021 catera
339 2961 538 3041 sequebantur:
552 2983 588 3021 ex
605 2976 682 3043 parte
695 2976 782 3022 totum
796 2962 888 3022 credc-
907 2970 926 3019 G

143 3053 233 3113 batur.
247 3053 361 3134 Majoris
374 3073 490 3131 namque
506 3052 575 3112 fides
599 3052 630 3112 id
643 3054 718 3132 quod
731 3055 820 3114 minus
833 3069 890 3114 crat

144 3144 330 3205 confirmabat.
358 3145 517 3209 Creatururn
550 3144 622 3204 enim
648 3166 739 3205 rerum
768 3147 889 3205 omnium

88 3262 92 3268 ·
144 3235 383 3318 praestantissimus
396 3250 436 3295 cst
449 3236 541 3311 homo,
556 3249 582 3294 et
595 3237 779 3296 membrorum
792 3238 890 3318 pretio

145 3327 282 3387 sissimum
305 3341 344 3385 cst
367 3328 462 3386 oculus
483 3351 489 3383 :
511 3326 613 3386 idcirco
633 3350 685 3386 non
709 3328 890 3410 simpliciter,

146 3418 195 3478 sed
210 3419 257 3476 ilto
276 3417 357 3475 modo
369 3417 415 3476 hic
434 3417 526 3477 oculos
539 3418 651 3478 creavit.
668 3418 728 3478 Etsi
741 3420 814 3478 enim
827 3443 889 3500 par·

146 3531 213 3570 vurn
234 3509 269 3567 sit
286 3508 448 3584 membrum,
467 3523 611 3568 esttamen
632 3511 749 3570 maxime
771 3534 889 3570 necessa-

13 3651 19 3663 .
34 3617 86 3663 Cor.
99 3627 136 3663 m.
147 3600 218 3660 rium
233 3599 357 3681 corpori:
373 3600 424 3659 hoc
443 3601 546 3659 Paulus
558 3600 697 3660 declarat:
715 3606 757 3662 Et
770 3608 796 3661 si
809 3606 889 3662 dire·

0 3678 34 3726 ⁶·
147 3696 557 3768 ritauris,Nonsumoculus,
570 3699 888 3777 nonsnmdecorpore:

147 3810 217 3849 num
227 3790 292 3848 ideo
300 3809 360 3847 non
370 3801 412 3849 est
420 3790 457 3848 de
465 3796 603 3870 corpore?
612 3789 710 3848 Omnia
721 3790 890 3870 quippequae

145 3881 174 3941 in
195 3881 273 3940 nobis
287 3893 369 3957 sunt,
382 3880 506 3941 divinam
519 3880 667 3961 potentiam
688 3881 872 3940 demonstrant
880 3905 889 3957 ;

145 3973 232 4033 multo
245 3972 332 4054 magis
351 3971 456 4048 oculus,
471 3972 518 4050 qni
529 3985 616 4031 totum
628 3994 725 4053 corpus
743 3973 889 4052 gnbemat,

144 4066 193 4144 qui
207 4065 257 4125 toti
274 4064 380 4147 corpori
393 4064 626 4147 pulchritudinem
639 4065 719 4141 indit,
735 4066 783 4143 qui
797 4066 891 4125 faciem

145 4174 234 4235 ornat,
249 4160 294 4239 qni
309 4161 420 4219 lucerna
435 4172 474 4218 est
489 4158 612 4219 omnium
620 4160 810 4218 membrorum.
824 4163 892 4221 Nam
910 4178 929 4223 Ι)

145 4251 220 4330 quod
242 4252 337 4312 soleat
356 4251 431 4327 orbi,
449 4250 480 4310 id
495 4251 589 4310 oculus
612 4265 652 4310 cst
665 4251 780 4332 corpori.
801 4252 829 4311 si
844 4276 890 4311 so-

145 4345 198 4404 lem
212 4346 379 4426 exstinguas,
387 4345 477 4405 omnia
490 4343 645 4425 perdidisti,
652 4345 742 4404 omnia
753 4345 869 4403 turbasti
882 4368 889 4404 ε

146 4436 169 4495 si
184 4437 339 4517 exstinguas
363 4438 465 4510 oculos,
477 4437 558 4516 pcdcs
571 4451 634 4495 sunt
650 4437 770 4510 inutiles,
785 4457 890 4513 manus,

147 4528 211 4587 item
229 4530 288 4610 ipsa
303 4528 402 4587 anima.
427 4528 551 4607 Cognitio
568 4529 641 4587 enim
661 4528 704 4586 his
727 4529 891 4588 labefactatis

0 4648 11 4663 ³·
22 4620 891 4698 m.1,20‚abit:hisnamquchumnovimuslnvr'sibiliaenr'm

147 4719 248 4795 ipsine,
266 4736 287 4773 a
309 4727 444 4772 creatura
466 4716 578 4785 muudi,
598 4736 652 4794 per
670 4735 706 4772 ea
721 4736 786 4795 qun
800 4717 892 4797 sacta

146 4821 225 4882 sunt,
245 4808 407 4878 intellecta,
428 4811 655 4886 conspiciuntur,
673 4808 734 4865 Nou
754 4829 817 4887 ergo
832 4830 890 4867 cor·

146 4902 207 4984 pori
225 4901 312 4962 solum
325 4901 435 4960 lucerna
454 4914 494 4958 est
514 4901 608 4959 oculus
619 4946 628 4978 ,
641 4900 690 4960 scd
710 4902 807 4961 animae
827 4902 890 4983 plns

145 5016 231 5074 quam
243 4992 359 5075 corpori.
376 4993 546 5074 Quapropter
560 5013 609 5051 ceu
631 4992 657 5051 in
677 4994 751 5073 regio
770 4993 889 5074 quodam

884 792 921 832 828

894 851 914 895 Δ

181 5209 193 5235 ¹*
211 5208 287 5279 [παρὰ
296 5212 364 5261 τοῦτο
372 5203 450 5260 Savil.
464 5215 490 5256 et
502 5201 587 5267 Codd.
600 5201 705 5274 nostri]
