3750 5940
393 430 438 478 uu
463 432 555 479 caco
580 432 625 479 ur
650 432 825 480 zaocumo.
1320 408 1392 509 769

59 552 94 617 αλ
106 552 207 636 μίτρα,
227 554 287 615 ἀλλ’
302 552 416 615 &aaron
434 555 500 636 πρὸς
517 555 548 614 τδ
559 560 598 614 οῖ·
651 576 714 614 vero
735 553 979 629 ma'oriburvasis3
994 567 1075 633 atquc
1092 553 1137 613 hio
1149 554 1261 634 quidem
1277 558 1392 637 paulum

51 632 192 775 ρυαχίνσι·
205 630 320 706 ούποκή
337 634 416 714 χάρις
428 632 597 706 ἤπλωταιὼς
648 655 737 712 aquae,
762 578 809 693 ilie
833 654 899 693 voro
922 633 1039 693 multum
1061 632 1162 709 haurit,
1182 655 1235 695 uon
1259 634 1332 714 quod
1353 638 1391 697 ita

51 736 82 783 τις
111 711 182 775 ’τῶ
200 735 322 795 προσεμχ
384 736 414 773 συ
434 717 538 792 ἀγγεῖον
552 717 598 775 καί
649 734 787 773 mensuras
806 712 865 772 sons
877 710 995 790 dividat,
1011 711 1058 772 sed
1072 712 1147 792 quod
1157 712 1270 793 quisque
1282 736 1332 795 pro
1343 738 1391 777 va-

51 796 90 867 ,ἧς
99 793 216 877 χάριτος.
232 791 299 855 Ἐὰν
368 794 540 876 προσαγάγρς
554 795 598 853 πί-
647 792 685 852 sis
700 792 742 853 sui
756 791 903 874 capacitate
923 814 1022 872 aquam
1034 791 1143 853 hauriat
1165 816 1171 850 :
1195 793 1232 852 ita
1249 794 1335 874 gratia
1353 811 1393 857 ert

65 880 157 943 σκεῦος
179 870 285 955 μικρὸν,
308 871 405 955 ριυιρδν
427 877 528 942 ἀντλεῖς
548 873 597 947 τὴν
648 872 769 953 exposita
788 871 865 951 quasi
880 872 939 933 sons
967 870 1089 951 quidam,
1114 872 1285 954 propositum
1303 890 1394 938 autem

85 953 335 1035 άληνπροσαγιίγςς
348 955 396 1026 viu
411 952 537 1029 διάνοιαν,
551 979 597 1033 με·
647 950 706 1030 ejus
749 952 776 1011 ui
798 950 913 1029 accedit,
938 964 1031 1011 νεικεῖ
1054 974 1151 1012 urceus
1174 951 1207 1011 fit
1231 953 1334 1032 gratiae.
1362 957 1393 1017 Si

51 976 104 1107 ίιλν
122 1031 285 1135 εὐεργεσίαν.
303 1018 357 1093 'aa
374 1040 451 1093 τοῦτο
469 1038 483 1092 ὁ
499 1032 597 1113 Σωτὴρ
612 1048 631 1096 c
648 1051 712 1108 ergo
730 974 818 1091 iidem
839 1031 968 1111 exiguam
991 1030 1155 1112 applicueris
1187 1045 1324 1110 tamquam
1344 1057 1394 1096 vas

51 1137 73 1185 ς,
88 1112 130 1175 ὅτι
142 1115 258 1190 δυναμαι
269 1119 347 1173 τοῦτο
361 1117 486 1188 ποιῆσαις
500 1112 535 1173 Ὁ
550 1113 595 1186 δδ,
648 1132 775 1190 parvum,
815 1133 910 1171 arvam
933 1109 1048 1191 gratiam
1071 1111 1222 1171 hauriszsi
1243 1133 1309 1172 vero
1335 1136 1394 1175 ma·

51 1196 86 1253 tt
99 1190 214 1272 Σωτὴρ,
227 1191 306 1253 Κατὰ
320 1190 368 1263 τὴν
382 1190 471 1250 πίστιν
485 1215 531 1252 σου
549 1216 596 1271 γε·
648 1210 730 1266 gnum
741 1213 777 1272 ap
796 1133 905 1251 iicueris
918 1191 1052 1268 animum,
1064 1212 1192 1282 magnum
1206 1191 1299 1251 hauris
1314 1193 1394 1254 bene-

51 1276 160 1333 τεῦδενδ
171 1268 315 1339 ἀπόστολος
325 1269 534 1351 παρακελεύεται
547 1275 598 1332 iio-
647 1269 753 1329 ficium.
770 1213 912 1351 ίδδυρῑεττει
926 1270 1052 1330 Salvator
1066 1269 1134 1329 dicu
1152 1293 1159 1326 ε
1185 1273 1298 1345 Credis,
1321 1279 1394 1354 quia

57 1350 230 1424 Πλατύνδητε
243 1356 331 1429 ὑμεῖς,
350 1350 394 1408 ἵνα
412 1348 496 1431 δείξῃ,
507 1350 548 1411 ὅτι
561 1358 594 1433 τῇ
647 1369 699 1429 ego
711 1369 830 1428 possum
841 1350 1032 1488 affecere?
1045 1348 1092 1408 ille
1106 1371 1181 1422 vero,
1207 1354 1315 1431 Utique
1325 1356 1392 1413 Do-

51 1430 127 1512 ανοίρ
138 1429 290 1512 πλατυτέρα
306 1437 323 1503 ἡ
340 1430 419 1513 χάρις
441 1432 554 1514 ἐπεισέρ·
566 1455 595 1491 τ-
649 1431 728 1486 mine
751 1452 761 1484 .·
786 1442 844 1489 tum
879 1430 885 1445 '
914 1428 1288 1511 vator,Sec1mdumfidem
1311 1447 1393 1494 tuam

51 1509 127 1583 ίτης,
139 1508 252 1578 Ἀνοιξον
266 1512 296 1570 τὸ
304 1498 389 1589 στόμα
400 1532 461 1584 σου,
472 1511 517 1570 καί
527 1457 595 1584 πλη·
638 1506 702 1587 fiat
723 1510 786 1566 titt.
801 1505 906 1567 Idcirco
928 1507 1065 1590 apostolus
1087 1508 1240 1569 Corinthios
1264 1510 1393 1573 adhorta·

51 1590 83 1649 ῖὲν
101 1589 192 1670 “erupit
206 1595 239 1662 τῆ
254 1594 295 1649 εύε
330 1588 389 1672 εσίορ
412 1589 443 1648 εδ
467 1589 596 1669 κώλυμα,
647 1600 702 1661 tur,
716 1585 809 1647 dioens
826 1610 833 1643 :
849 1589 1033 1648 Dilatomim‘
1046 1601 1152 1660 eruor,
1180 1604 1210 1648 ut
1226 1590 1349 1650 ostendat
1363 1593 1390 1652 iu
1404 1619 1425 1650 τ.
1439 1605 1490 1650 cor.
1503 1603 1527 1651 6.

54 1656 289 1750 μετέρρρρδυμία.
357 1666 425 1748 σπλρ
439 1670 595 1741 τῆςδικαιο·
648 1665 769 1725 animum
787 1664 931 1727 dilatatum
950 1668 1073 1727 latiorem
1099 1667 1312 1749 amplioremque
1330 1693 1392 1752 gra·
1406 1669 1442 1715 ¹³·

58 1748 172 1821 Ἰησοῦς,
185 1731 308 1819 taurian
323 1753 460 1828 πανταχοῦ
480 1756 497 1821 ἡ
520 1751 595 1818 ἀκτίς
648 1744 715 1804 tiam
734 1745 861 1821 introire;
878 1760 905 1806 et
942 1748 1064 1839 rophaim,
1084 1748 1179 1827 Aperi
1198 1769 1229 1808 os
1250 1763 1343 1824 tuum,
1364 1767 1393 1812 et

51 1850 83 1887 υ·
97 1827 143 1886 καὶ
161 1831 175 1886 δ
190 1826 238 1905 μὲν
256 1828 392 1894 ἐλάττονος
407 1827 532 1887 ἀπολαύει
549 1834 593 1902 τῆς
648 1826 773 1904 implebo
798 1826 885 1885 illud.
968 1849 1027 1908 ipso
1045 1826 1137 1886 nullus
1150 1827 1292 1906 beneficio,
1316 1830 1393 1891 seda

51 1906 157 1978 είζονος,
181 1910 210 1966 οὐ
230 1911 277 1978 τῆς
296 1907 405 1988 χάριτος
425 1906 593 1986 μεριζούσης,
647 1918 738 1964 nostra
753 1904 915 1985 negligentia
925 1905 995 1965 obex
1006 1929 1040 1988 op
1079 1919 1165 1965 netur.
1182 1908 1328 1969 Luminare
1346 1912 1394 1992 ju-

51 1986 84 2053 ἀς
101 1985 131 2045 τὸ
185 2010 248 2125 ρρον
261 1985 471 2059 ύποάσλλούσης.
488 1986 593 2068 Ὥσπερ
611 2005 628 2049 ι)
647 1983 816 2047 stiuaeJesus
837 1999 948 2045 exortus
967 2001 1017 2061 est,
1063 1985 1136 2044 ‘ffirsi
1155 2001 1217 2047 suut
1241 2010 1348 2049 omnem
1365 1991 1393 2051 in

213 2092 233 2139 ρν

52 2071 73 2134 ἰς
85 2075 174 2126 πᾶσαν
247 2066 368 2145 γῆν,καὶ
383 2065 432 2145 μία
447 2065 534 2139 ἀκτίς,
548 2070 594 2131 καὶ
646 2078 751 2144 partem
767 2063 898 2156 spiritalis
914 2065 979 2125 solis
993 2064 1075 2139 radii,
1100 2078 1180 2145 atquc
1194 2088 1263 2153 unus
1283 2067 1394 2161 guidem

51 2155 82 2212 ’ἅς
100 2144 127 2206 δὲ
150 2151 165 2205 δ
185 2145 283 2224 κόσμος
304 2145 401 2225 ὁμοίως
413 2145 593 2226 περώτισται,
646 2144 778 2203 minorem
791 2143 906 2234 percunt
925 2145 1051 2223 gratiam,
1067 2144 1134 2205 aiter
1157 2166 1223 2206 vero
1246 2168 1391 2227 majorcm5

51 2251 63 2284 τ
79 2224 107 2283 δν
131 2226 186 2304 ἔχει
198 2227 229 2286 τὸ
244 2231 312 2308 ρῶς,
325 2230 339 2285 δ
354 2225 382 2285 δὲ
401 2224 521 2298 ἔλαττον,
535 2230 549 2286 ὁ
563 2228 590 2289 δὲ
646 2223 783 2303 nonquod
797 2238 884 2303 gratia
907 2224 945 2283 ita
957 2246 986 2283 se
998 2222 1117 2302 dividat,
1136 2223 1185 2284 sed
1199 2226 1272 2307 quod
1286 2227 1394 2291 animus

51 2249 88 2364 tir
103 2307 201 2378 στενὸν,
225 2310 240 2365 δ
259 2305 287 2366 δὲ
307 2303 478 2384 πλατύτερον,
494 2309 523 2365 οὐ
545 2315 591 2368 τοῦ
645 2302 987 2383 urensuramsubjiciat.Ut
1001 2302 1314 2385 enimsolunusestqui
1328 2308 1393 2367 umi-

51 2408 61 2450 ς
81 2384 165 2466 τούτῳ
180 2388 218 2464 τῷ
240 2385 304 2465 οίκῳ
319 2385 349 2443 τὸ
363 2386 460 2462 μεῖξον,
475 2384 589 2468 κάκείνῳ
643 2403 749 2443 versam
757 2396 854 2443 terram
861 2382 988 2457 illustrat,
995 2398 1022 2444 et
1028 2381 1122 2442 radius
1131 2404 1257 2463 unus,ac
1264 2385 1394 2466 splendor

51 2462 72 2522 ,δι
91 2463 156 2542 πρὸς
178 2463 226 2531 τὰς
245 2464 365 2562 θυρίδας,
388 2462 418 2530 ἃς
438 2464 553 2543 ἠνέῳξαν
566 2471 590 2527 οῖ
644 2476 880 2539 uuuo5nectamen
932 2460 1394 2527 ualitcrmundustotusillustratus

51 2541 132 2622 χώραν
146 2542 332 2620 λαμύανουσης
343 2548 390 2614 τῆς
404 2546 523 2615 ἀκτῖνος,
545 2546 590 2604 καί
644 2555 700 2617 est;
709 2554 790 2680 σῑρρρρ
802 2540 849 2600 hic
862 2540 909 2621 qui
930 2564 973 2601 cm
987 2542 1110 2624 amplum
1119 2564 1150 2601 ac
1160 2542 1332 2680 sglcndidum
1349 2547 1392 2606 iu-

51 2644 93 2691 ης·
114 2621 196 2689 οὕτως
209 2621 299 2693 ἐπειδὴ
326 2621 426 2703 Θυρίδες
446 2625 522 2739 ἡμῶν
542 2629 591 2695 τῆς
644 2621 736 2681 monh
789 2621 944 2697 t‚illevero
956 2621 1065 2700 minus3
1082 2636 1164 2701 atque
1191 2622 1394 2702 icquidcman-

51 2700 102 2775 τοί,
120 2704 182 2759 ὅταν
207 2700 383 2781 πλατυτέρους
409 2700 513 2781 άνοίςῃς
532 2703 591 2772 τοδς
645 2713 771 2777 gustum,
787 2700 833 2761 illc
851 2715 942 2761 autem
961 2701 1055 2778 latius,
1071 2723 1123 2762 non
1134 2701 1210 2780 quod
1221 2702 1258 2761 ita
1272 2704 1313 2762 sol
1329 2704 1394 2767 huic

51 2780 151 2860 ποτέραν
179 2779 243 2860 δέχῃ
264 2779 312 2851 τὴν
337 2780 502 2858 εὐεργεσίαν·
528 2781 590 2843 ὅταν
644 2778 738 2839 domui
748 2781 837 2860 majus
847 2794 873 2840 et
883 2780 925 2840 illi
936 2781 1026 2840 minus
1035 2779 1333 2861 distribuat,sedquod
1343 2808 1393 2865 pro

51 2858 153 2928 ,άνοιακ
170 2869 268 2927 στενοῖς
281 2859 329 2931 τὴν
345 2860 434 2939 χάριν.
450 2860 590 2921 Ἄνακάλυ·
645 2858 826 2940 amplitudine
838 2859 1016 2920 fenestrarum
1026 2882 1094 2952 quas
1106 2860 1147 2919 ilii
1161 2878 1335 2940 aperuerunt,
1346 2866 1395 2943 qui

51 2939 135 3017 ισμδν,
150 2938 193 2996 ἵνα
206 2937 265 3018 δεξρ,
279 2938 328 3010 τὴν
343 2937 435 3016 αὐγήν.
450 2939 503 3000 Διδι
516 2941 592 3002 τοῦτο’
608 2962 627 3008 Ε
645 2937 741 2999 domos
754 2938 969 3017 exaedificarunt,
985 2938 1080 2999 radius
1098 2940 1190 2999 locum
1208 2945 1393 3026 occupaverit,

63 3018 124 3099 περὶ
139 3021 246 3089 ἑαυτοῦ,
261 3017 356 3096 Ἡμεῖς
374 3021 402 3076 δὲ
415 3017 512 3087 πάντες
526 3023 592 3079 ἀνοι-
646 3016 736 3096 itaque
748 3040 804 3079 sese
818 3018 949 3079 infuderit
966 3043 972 3076 ε
988 3020 1028 3078 sic
1042 3019 1171 3098 quoniam
1187 3020 1283 3081 animae
1297 3037 1394 3084 nostrae

54 3096 165 3178 ροσώπῳ
184 3097 233 3168 τὴν
247 3097 323 3166 δόξαν
338 3097 434 3178 Κυρίου
448 3122 592 3181 κατοπτρι-
645 3097 767 3157 fenestra
783 3111 845 3157 sunt
865 3098 1039 3178 cogitationes
1053 3112 1079 3157 et
1093 3099 1214 3173 consilia,
1229 3102 1337 3190 quando
1353 3104 1392 3163 ia-

51 3174 197 3254 ιρρούμενοι
217 3176 270 3235 ἀπὸ
291 3174 366 3248 δόξης
382 3180 419 3242 εἰς
437 3177 523 3245 δόξαν.
544 3170 593 3247 Εἷς
646 3176 726 3236 tiores
734 3176 871 3258 aperueris
879 3176 1061 3257 cogitationes,
1069 3177 1256 3259 latiusacciprs
1264 3182 1393 3262 amplius·

51 3255 95 3325 ύύτ,
121 3252 165 3313 διδ
190 3259 238 3326 τῆς
263 3255 396 3337 ἱστορίας,
420 3257 465 3315 καὶ
486 3260 592 3317 πολλῶν
685 3257 887 3331 cbencsrcium3
901 3278 964 3317 cnm
974 3257 1157 3336 angustiorem
1169 3273 1285 3318 montem
1302 3260 1395 3321 reddi-

51 3358 132 3412 ρονται
147 3331 190 3392 διδ
203 3339 250 3405 τῆς
261 3334 441 3403 διδασκαλίας.
458 3336 593 3410 Koriaia
646 3278 729 3410 iius,
743 3335 925 3416 angustiorem
944 3356 1051 3415 quoquc
1068 3335 1182 3416 gratiam
1199 3338 1294 3398 efficis.
1310 3344 1333 3399 Α
1369 3344 1393 3402 ri

51 3414 121 3484 δήτω
134 3437 183 3473 σοι.
196 3413 230 3474 Ὁ
242 3414 269 3473 δὲ
282 3414 391 3494 τυρλδς,
406 3415 497 3494 grecia,
513 3416 593 3476 Ἰίκο·
647 3429 672 3473 et
682 3414 771 3474 rcrcia
780 3430 858 3475 tuam
869 3414 1057 3496 cogitationem
1068 3437 1100 3475 ac
1110 3429 1240 3492 mentem,
1256 3432 1286 3478 ut
1299 3442 1312 3479 s
1333 3364 1392 3481 iii-

51 3494 90 3552 τδν
108 3493 187 3567 Θεὸν,
204 3493 249 3552 καὶ
273 3498 302 3554 οὐ
324 3494 419 3553 κωλύει
444 3500 458 3554 ὁ
483 3495 593 3567 Ἰησοῦς.
647 3491 740 3554 dorem
754 3494 840 3576 posuis
859 3494 1010 3555 admittere.
1025 3496 1169 3577 Propterea
1182 3497 1284 3558 Paulus
1299 3442 1333 3559 dii
1347 3524 1393 3561 sc-

51 3582 113 3633 ιαῑον
135 3578 283 3652 θεωρῆσαι,
305 3573 347 3632 ὅτε
360 3572 405 3632 τὐν
418 3577 594 3653 δαιμονιῶντα
648 3573 706 3654 ipso
715 3572 783 3635 dicit
794 3599 800 3632 :
810 3576 872 3635 Nos
884 3596 955 3635 uero
970 3597 1069 3635 omnes
1079 3577 1212 3636 revelata
1214 3581 1302 3660 socie
1324 3583 1392 3660 glo·
1404 3607 1424 3639 2.
1439 3596 1491 3642 eur.
1505 3595 1527 3639 3.

51 3652 171 3731 ιρεκλτζύς
188 3652 238 3712 ὑπὸ
255 3658 300 3712 τοῦ
321 3652 368 3725 τὴν
386 3655 444 3733 εὖερ
464 3654 536 3713 εσίαν
548 3657 593 3714 δε·
648 3658 725 3713 riam
734 3656 858 3715 Domini
869 3656 1063 3736 speculamur,
1081 3659 1286 3737 transformati
1297 3663 1391 3721 σείει·
1406 3656 1441 3702 ¹⁸·

51 3734 197 3792 ιἰκολουθεῖν
210 3736 248 3813 τῷ
263 3732 365 3804 Ἰησοῦ·
390 3680 512 3794 trotino
527 3733 593 3833 χδιρ,
648 3737 736 3793 ritate
749 3738 782 3794 in
795 3734 971 3795 claritatem.
982 3737 1061 3796 Unus
1075 3757 1160 3794 caccus
1169 3752 1279 3797 sanatus
1291 3755 1330 3799 est
1353 3764 1392 3800 ιον

51 3820 83 3870 ῖν.
99 3811 132 3870 Ὁ
156 3811 183 3870 δὲ
205 3810 302 3894 Σωτὴρ
324 3809 420 3871 κωλύει
444 3812 490 3872 καί
504 3815 592 3892 λεγει·
647 3811 799 3889 historiam,
812 3827 839 3872 ct
849 3814 998 3873 multorum
1015 3814 1087 3874 oculi
1104 3814 1262 3894 aperiuntur
1276 3840 1325 3897 por
1338 3764 1390 3878 ‹io-

51 3881 110 3949 ιῖκύν
121 3915 184 3960 σου,
198 3891 242 3949 καί
257 3891 413 3970 διάγγελλε,
424 3890 472 3952 ὅσα
485 3894 592 3965 ἐποίησέ
601 3890 771 3979 ¹2³utrinam.
791 3892 947 3952 Secundum
964 3893 1049 3953 sulem
1066 3907 1140 3952 tuam
1158 3892 1206 3953 fiat
1223 3895 1281 3954 tibi.
1297 3899 1390 3958 Careias
1401 3917 1485 3960 araret.
1507 3931 1532 3977 ρ.

51 3995 69 4039 ις
86 3970 172 4030 ἕνεκεν
188 3970 232 4030 τδν
251 3969 298 4048 μὲν
316 3971 464 4042 coruum
480 3975 591 4033 ἀκολου·
610 3999 630 4043 ,ς
647 3985 748 4044 autem,
760 3971 862 4049 inquit,
876 3972 1056 4053 Sequebatur
1072 3973 1388 4054 magnificansDeum;
1400 3992 1438 4036 ²9·

56 4048 99 4109 τὸν
118 4049 144 4109 δὲ
167 4053 195 4109 οὐ
211 4048 321 4121 κωλύεις
335 4049 379 4109 διδ
398 4049 425 4109 τί
439 4050 523 4134 τούτῳ
545 4051 592 4131 μὲν
647 4072 734 4129 neque
753 4051 879 4131 prohibet
900 4053 987 4113 tuus.
1008 4051 1066 4111 Hoc
1089 4052 1147 4111 loco
1164 4073 1251 4133 opera:
1271 4039 1539 4136 pretiumL¹“'·¹⁸·4³·

51 4128 223 4201 ἱκολούθςσιν,
238 4128 328 4209 ἐκείνῳ
342 4127 370 4188 δὲ
380 4132 427 4189 οὐκ
443 4130 592 4210 ἐπιτρέπεις
647 4129 729 4189 suerit
751 4130 930 4207 considerare,
947 4152 1001 4210 quo
1014 4146 1104 4212 pacto,
1119 4152 1182 4190 cum
1200 4132 1293 4210 illum,
1312 4138 1390 4214 quia

51 4209 126 4287 ἶμως,
152 4210 197 4267 καί
219 4207 303 4288 τούτῳ
326 4209 518 4289 συμφερόντως.
539 4210 593 4272 Τὸν
647 4208 781 4269 daemonio
799 4209 961 4286 vexabatur,
981 4211 1099 4286 sanavit;
1113 4232 1174 4269 cum
1195 4212 1230 4270 ab
1247 4235 1289 4288 co,
1310 4237 1391 4293 quern

51 4292 75 4348 οὐ
89 4286 231 4367 συνεχώρει
245 4289 278 4345 δι’
291 4288 383 4370 ἑτέραν
395 4288 490 4363 αἰτίαν,
502 4290 592 4364 ἐπειδὴ
648 4288 1390 4372 beneficioassecerat‚rogarctur‚utJesumsoquerctur;

51 4376 83 4427 ὀῦ
99 4367 126 4426 δὲ
144 4368 330 4445 iurgantium<
337 4369 383 4427 καλ
396 4373 413 4439 ἡ
429 4367 497 4437 λίξις
511 4370 556 4428 καὶ
575 4376 591 4442 ἡ
649 4368 756 4428 volebat
766 4368 849 4443 enim,
863 4369 962 4448 inquit,
981 4370 1074 4448 scqui;
1090 4369 1136 4429 ille
1148 4384 1241 4431 contra
1254 4394 1306 4432 uon
1325 4398 1390 4456 per-

51 4470 118 4508 ιπτο.
135 4446 302 4507 Ἀποστελλει
317 4439 361 4507 οὖν
375 4448 452 4507 αὐτὸν
472 4448 593 4531 κήρυκα,
648 4448 738 4507 mittat
752 4461 779 4507 et
794 4447 882 4524 dicat,
900 4450 982 4508 Vade
994 4453 1027 4508 in
1039 4451 1159 4509 domum
1181 4464 1273 4526 tuom,
1290 4468 1317 4514 et
1331 4477 1390 4514 au-
1402 4478 1532 4538 tractu)

51 4525 181 4593 εστάσεως
195 4525 295 4606 κηρύξῃ
314 4527 358 4586 τὸν
378 4527 526 4609 εὐεργέτην.
540 4529 593 4588 Ξέ-
650 4532 756 4587 nuntia
771 4542 887 4618 guanto
900 4531 954 4587 tibi
968 4531 1074 4609 fecerit
1088 4531 1178 4590 Deua.
1190 4530 1251 4601 Qua
1265 4531 1299 4593 dc
1312 4556 1391 4595 causa

51 4630 89 4685 μοι
113 4609 174 4665 ἰδεῖν
194 4606 239 4664 τόν
254 4629 319 4665 ποτε
337 4605 374 4684 μὴ
394 4608 593 4680 καθεστηκότα,
648 4607 721 4667 hunc
738 4607 864 4685 quidem,
878 4607 926 4687 qui
939 4608 1015 4686 sequi
1035 4608 1139 4684 voluit,
1155 4610 1296 4690 prohibet,
1311 4615 1391 4674 illurn

51 4686 176 4765 ιηρύττειν
198 4685 300 4763 λόγους.
321 4688 397 4745 Ποιεῑ
421 4677 464 4745 οὖν
481 4688 544 4746 αὐτὸ
564 4687 595 4747 τὸ
648 4707 714 4746 rcro
726 4708 778 4746 non
792 4686 937 4768 prohibet?
949 4708 998 4745 cur
1009 4687 1051 4747 isti
1062 4703 1265 4768 ugtscsequatur
1314 4695 1390 4753 rmit-

51 4762 232 4846 εργετηθέντος
246 4765 366 4844 “ripum
386 4773 431 4825 τοῦ
455 4764 594 4835 σώσαντος.
650 4767 696 4841 tit,
712 4766 755 4826 illi
776 4781 867 4826 autem
887 4788 940 4825 non
960 4767 1114 4847 permittit?
1127 4769 1165 4828 Et
1177 4771 1219 4829 illi
1233 4772 1272 4831 uti
1287 4773 1351 4848 iter,
1365 4790 1392 4834 ct

51 4843 209 4921 θαυμαστὸν,
234 4843 316 4922 βλέπε
339 4843 387 4916 τὴν
411 4850 456 4905 τοῦ
470 4846 595 4926 Σωτῆρος
649 4846 713 4905 huic
731 4846 875 4905 fructuose.
896 4845 969 4906 Huic
988 4845 1115 4925 quidem,
1129 4863 1159 4907 ut
1179 4866 1388 4928 recoqueretur,

51 4948 69 4997 υ,
86 4922 166 4999 βλέπε
178 4930 223 4983 τοῦ
239 4925 423 5000 δαιμονιῶντος
437 4923 485 4996 τὴν
500 4929 594 5005 εὐγνω-
650 4947 703 4985 ιιυυ
712 4925 874 4985 concedebat
881 4924 963 4984 aliam
971 4926 1007 4984 ob
1016 4949 1136 5005 causam,
1147 4943 1286 5010 propterea
1296 4926 1390 5009 quoda

51 5001 172 5085 ιΣωτλρ
189 5002 276 5082 λέγει’
298 5002 433 5103 Πορεύου,
454 5006 500 5064 καὶ
514 5006 594 5084 ἀνάγ·
649 5006 854 5065 damoneoorre
873 5005 1391 5087 carueranponoadaemoniocorre-

51 5083 90 5155 ςσέ
105 5106 145 5142 σοι
157 5088 170 5141 ὁ
181 5082 257 5150 Θεάς.
269 5085 311 5143 Οὐ
322 5085 410 5162 λεγει,
423 5083 472 5145 ὅσα
481 5084 593 5159 ἐποίησά
648 5085 688 5165 pti
698 5098 725 5144 ct
731 5083 815 5144 dictio
823 5098 848 5144 ct
854 5026 949 5165 iingua
959 5086 1176 5166 perversasucrat
1183 5095 1263 5166 atque
1269 5087 1389 5149 distorta.

51 5273 86 5335 ιρὰ
97 5274 138 5324 τὴν
154 5269 287 5333 εὐεργεσίαν.
660 5282 671 5305 ·
688 5265 760 5318 Unus
770 5262 855 5318 Codex
866 5276 934 5318 recte
943 5278 1031 5336 κήρυκι
1040 5276 1080 5320 τοῦ
1092 5276 1213 5333 σώσαντος,
1222 5265 1266 5319 ulii
1274 5280 1386 5336 σώματος.
