3750 5940
49 444 143 494 ,tune
171 436 350 491 trosrono
376 436 500 487 sunno.
918 410 989 509 785

48 571 101 649 ῷή
115 565 187 637 δόξα.
238 564 354 637 buntur,
369 583 432 622 cum
453 560 510 621 illis
526 573 630 621 natura
649 558 822 621 imbecillitas
839 558 876 621 sit
894 560 990 642 explo-

239 656 311 719 rata,
328 641 391 701 licet
408 642 468 723 jam
489 640 541 701 Dei
562 638 712 719 bertelicin,
736 639 784 720 qui
803 638 903 699 dilexit
923 660 988 714 eos,

241 743 324 803 supra
357 734 481 781 naturam
510 721 565 781 sint
586 720 676 781 evecti·
697 742 705 777 e
730 733 757 779 et
783 717 910 811 deinceps
939 720 989 799 qui

241 799 378 879 qnondam
409 822 461 883 pau
559 814 651 875 erant,
672 797 806 861 evaserint
824 798 940 875 divites,
962 813 990 859 et

242 880 349 941 obscuri
369 880 422 940 sint
438 879 458 939 il
470 894 571 953 tuum,
590 893 616 939 et
639 878 759 939 illiterati
781 879 927 969 sapientes,
945 879 989 960 pi-

242 974 358 1019 scatores
383 959 519 1042 piscium,
537 981 602 1019 mox
626 957 769 1018 hominum
791 973 949 1039 piscatorem
963 972 990 1018 et

242 1039 280 1099 ita
297 1060 379 1099 cursu
400 1052 584 1099 consummato
605 1039 642 1099 ad
662 1040 748 1099 vitam
770 1037 846 1097 nullo
864 1038 919 1098 fine
934 1051 990 1098 teu

242 1120 372 1178 minatam
404 1118 608 1199 commigrarint
633 1118 670 1178 ad
695 1121 840 1179 Doctoretn
863 1140 944 1178 suum
964 1130 990 1177 et

244 1198 395 1258 Dominum
414 1202 508 1259 lesum
532 1198 671 1258 Christum
688 1222 695 1255 ε
712 1198 764 1279 ipsi
786 1196 882 1278 gloria.
894 1202 989 1256 Arnen.

50 1309 60 1353 ς
76 1283 193 1363 σαγήναις
208 1299 226 1346 n
284 1282 314 1337 2.
324 1278 378 1350 Qui
391 1278 447 1337 suis
460 1278 660 1338 successoribus
675 1298 786 1359 sagenas
798 1277 899 1337 etrctia
908 1277 992 1336 tradi-

50 1388 102 1425 ,ασι
119 1364 192 1443 παρὰ
243 1356 352 1435 derunt,
363 1370 390 1416 et
404 1371 562 1438 potestatem
576 1378 658 1436 quam
670 1370 829 1437 acceperunt
841 1358 929 1433 abeo,
942 1356 990 1436 qui

50 1445 65 1502 :i
79 1443 191 1520 ἐπὶγῆς,
243 1451 400 1518 potestatem
425 1438 507 1496 hahet
530 1458 637 1496 ornnem
663 1437 690 1496 in
717 1437 783 1496 calo
805 1450 831 1496 et
856 1437 883 1495 in
905 1450 987 1496 tetra.

50 1532 89 1583 τοῦ
98 1531 192 1582 πατεῖν
243 1520 323 1577 Ecce
347 1516 433 1587 enim,
448 1516 552 1596 inquit,
567 1518 606 1575 do
624 1519 711 1576 vobis
730 1528 905 1597 potestatem
928 1517 1139 1595 cal-rucanas

50 1602 96 1674 rho
110 1601 192 1661 εὐνα.
242 1597 333 1654 candi
346 1617 436 1676 supro
455 1608 601 1677 serpentes
621 1610 651 1656 et
670 1600 846 1676 scorpiones,
858 1610 887 1655 et
905 1616 993 1676 super

51 1706 95 1753 ση.
118 1681 190 1742 Τού-
244 1695 360 1733 omnem
374 1689 548 1755 potestatem
564 1679 686 1748 inimici,
703 1687 732 1734 et
748 1676 826 1734 nihil
835 1678 920 1735 vobis
934 1696 990 1734 no·

51 1746 125 1832 t'rlv
144 1765 193 1841 ἀρ-
243 1758 327 1812 cebit.
339 1754 389 1813 llis
406 1754 490 1834 igitur
506 1756 534 1814 in
554 1768 682 1846 potestate
693 1768 719 1813 et
732 1754 820 1837 princi
840 1768 886 1813 atu
899 1755 991 1815 etzelo

51 1840 193 1901 ,διδάσχα-
244 1832 402 1904 succedunt,
419 1848 448 1893 ut
464 1834 637 1895 antedictum
646 1776 846 1906 est‚veneraudi
858 1832 991 1911 doctores,

51 1927 119 1980 ,ατοῦ
133 1920 193 1979 ποί-
243 1933 381 1972 sacrorum
397 1914 538 1988 antistites,
548 1928 575 1973 et
588 1913 688 1972 Christi
706 1914 796 1994 gregis
807 1927 934 1994 pastores,
945 1936 992 1975 ve-

51 2003 194 2078 οῑγινναῖοι
243 1992 332 2072 stigiis
353 1993 536 2072 apostolorum
555 1993 718 2070 insistentes,
734 1994 856 2073 generosi
871 1994 993 2054 Trinita-

52 2104 95 2139 100
107 2103 193 2161 mpu-
244 2072 279 2130 tis
297 2087 519 2162 propugnatores,
532 2073 580 2151 qui
597 2072 778 2153 pretermisso
795 2072 864 2153 legis
881 2086 993 2133 statuet

52 2159 193 2229 ιλαίόντες,
201 2178 238 2217 ns
245 2150 358 2211 virrsrco
369 2152 474 2233 Spiritu
484 2166 604 2233 accepto,
616 2150 651 2211 ad
662 2150 774 2211 modum
784 2152 866 2211 aratri
877 2152 993 2230 sulcant,

52 2262 131 2312 orec,
149 2239 194 2298 καὶ
211 2236 230 2281 Λ
245 2231 379 2311 profunde
392 2245 568 2306 excavant,ct
578 2245 909 2311 scrutantur,scnsumque
919 2233 993 2293 Scri·

54 2342 94 2386 at<
126 2321 196 2399 Γρα.
246 2324 333 2399 ptura
346 2332 427 2371 sacrm
438 2311 565 2371 omnibus
578 2324 668 2392 aperte
681 2310 819 2370 declarant
826 2311 893 2391 ;qui
909 2312 994 2373 lidem

72 2397 121 2467 τὴν
149 2397 196 2456 πί.
246 2390 403 2467 illustrant,
422 2405 448 2450 ct
468 2412 554 2472 parva
577 2390 705 2470 dogmata
733 2391 928 2465 exterminant,
966 2393 995 2453 ui

52 2477 197 2536 ὶπελάσαν-
247 2484 326 2529 reeta
341 2469 471 2530 doctrine
490 2470 641 2530 defensores
659 2469 742 2529 sacris
758 2468 932 2549 dogmatibus
944 2414 996 2531 dr-

53 2581 107 2616 ωσι
128 2581 196 2630 στη-
247 2562 339 2627 mant,
359 2564 385 2609 et
405 2549 529 2610 doctrina
550 2549 661 2609 minime
685 2569 747 2609 sana
770 2549 881 2611 inlectos
895 2552 996 2633 jaculis

53 2636 131 2696 iiim
146 2638 197 2719 ῥή-
247 2628 354 2688 divinis
363 2630 535 2707 confodiunt,
546 2630 595 2709 qui
605 2651 667 2689 cum
677 2630 770 2689 vinum
781 2631 996 2713 compunctionis

53 2716 197 2799 ηὑρόντες,
248 2708 366 2768 mixtum
381 2710 559 2787 invenissent,
574 2710 709 2769 sitientem
730 2730 839 2791 gregem
877 2724 995 2787 otarunt,

53 2819 197 2874 νποιμενι.
247 2802 273 2847 ct
293 2802 410 2848 assumta
429 2790 494 2848 tibia
512 2789 650 2879 pastorali,
668 2788 771 2849 divinis
791 2732 914 2849 canulrus
934 2811 997 2849 eum

53 2899 154 2943 ιαντες·
173 2880 197 2937 οἱ
248 2868 418 2928 oblectarunt
433 2893 439 2925 :
454 2869 572 2928 ministri
589 2883 615 2928 ct
630 2868 765 2943 custodes,
780 2882 807 2928 et
820 2870 935 2950 operarii
948 2870 996 2930 ui-

53 2959 197 3033 μπελῶνος,
249 2969 316 3022 neae,
330 2970 469 3007 sacrorum
482 2947 640 3028 dogmatum
648 2948 851 3029 praedicatores,
863 2962 891 3009 et
911 2948 995 3030 gladii

54 3045 115 3095 »ates
130 3036 199 3096 sord
249 3027 380 3086 adversus
392 3028 543 3104 hereticos,
558 3028 607 3106 qui
618 3028 699 3108 positi
713 3042 776 3088 sunt
788 3050 803 3087 a
815 3029 921 3109 Spiritu
935 3050 996 3089 san·

54 3139 68 3181 »t
83 3115 200 3184 τεθέντες
250 3123 292 3167 cto
303 3107 431 3189 episcopi,
444 3121 474 3167 ut
487 3110 525 3167 ait
539 3122 646 3167 sauctus
661 3107 762 3167 Paulus
778 3111 918 3168 :Pascite
931 3112 995 3170 Ec·
1005 3139 1145 3188 mm,

54 3195 136 3255 ,άνατε
150 3195 198 3269 τὴν
249 3188 371 3246 clesiam
386 3190 445 3247 Dei
463 3211 473 3244 .·
494 3187 541 3266 qni
562 3187 715 3268 ingruentes
734 3186 921 3248 tribulationes
941 3210 995 3249 non

54 3275 145 3355 ιλίψῃς
160 3276 198 3354 μὴ
250 3268 416 3345 relugenrnt,
429 3267 476 3345 qni
488 3268 647 3357 promissam
663 3288 788 3327 coronam
798 3268 861 3327 tite
871 3282 994 3350 reporta-

61 3358 108 3425 τῆς
131 3358 199 3426 ζωῆς
249 3360 325 3423 runt,
341 3347 388 3424 qui
404 3347 540 3428 juveniles
558 3346 921 3428 ctrpiditates-euimntntet
933 3350 996 3409 bea·

60 3435 200 3513 ἐπιουμίας
250 3438 305 3484 tam
325 3447 399 3505 spem
419 3426 573 3486 hereditate
591 3427 766 3507 possederunt
782 3451 789 3485 ε
803 3426 895 3507 magni
914 3428 997 3521 Regis

55 3515 198 3594 mpofflg-
250 3505 355 3563 militie
371 3506 520 3587 principes,
541 3507 591 3565 bei
611 3507 695 3567 verbo
716 3506 826 3581 divites,
845 3522 873 3568 et
896 3509 996 3591 spiritu

55 3617 77 3665 ;‚
90 3599 114 3653 oi
124 3596 199 3676 ἐντῷ
216 3611 233 3657 13
250 3606 394 3723 pauperes,
411 3586 557 3646 imitatores
568 3587 763 3667 apostolorum,
779 3602 806 3647 et
820 3589 913 3649 forma
929 3588 996 3648 lide·

55 3673 198 3750 πνεύματι·
261 3664 332 3739 ium;
344 3665 486 3726 civitatum
500 3681 629 3745 rectores,
646 3681 673 3727 ct
688 3668 762 3728 orbis
779 3682 911 3728 terrarum
926 3690 997 3750 pru·-

55 3757 200 3813 mtcswoi
252 3766 345 3819 cone53
362 3747 409 3825 qui
430 3747 534 3807 animas·
553 3770 615 3808 suas
632 3770 682 3829 pro
700 3768 779 3827 grege
800 3760 955 3827 posuerunt,
970 3760 997 3806 et

72 3832 199 3915 κήρυκες·
252 3848 302 3907 pro
320 3826 375 3885 side
391 3828 550 3905 sangninem
567 3849 647 3885 snum
659 3826 804 3901 fuderunt,
817 3827 865 3905 qui
880 3838 995 3885 veterem

55 3936 100 3981 τις,
113 3913 157 3971 καὶ
170 3915 201 3974 τὸ
252 3906 331 3964 illum
348 3908 534 3965 ¹lbraharnum
557 3906 655 3963 imitati
672 3919 749 3977 sunt,
772 3919 798 3963 et
811 3906 838 3964 in
855 3906 914 3986 ejus
935 3906 996 3964 sinn

56 3996 70 4050 tt
84 3993 128 4050 τὸν
144 4016 199 4051 πα.
254 3985 373 4063 requiem
390 3985 565 4058 invenerunt3
578 3984 672 4043 eodem
691 3984 806 4043 modoet
818 3985 862 4043 isti
874 3983 997 4044 defenso-

72 4082 126 4139 τοῖς
138 4072 201 4131 xo).
253 4086 294 4122 rcs
308 4063 417 4123 Domini
435 4064 593 4123 sententiam
610 4064 772 4155 excipientes
790 4063 824 4122 de
840 4063 996 4123 abominan-

57 4174 85 4210 ον
99 4152 144 4211 καὶ
155 4142 200 4210 οὗ·
253 4143 296 4202 dis
310 4157 337 4201 ct
355 4143 462 4202 nefariis
476 4143 599 4202 hostibus
619 4143 695 4215 fidet,
705 4143 753 4222 qui
770 4143 923 4224 Scripturas
937 4157 998 4203 tor-

56 4255 118 4290 ιενοι
141 4255 174 4290 πε
192 4231 202 4289 i
254 4237 363 4301 quentes
376 4244 408 4281 ac
422 4222 614 4304 depravantes,
628 4223 767 4284 veritatem
784 4223 942 4299 obscurant,
956 4236 997 4282 at·

56 4336 81 4378 χς
96 4256 203 4391 Γραφῑς
252 4324 305 4381 que
318 4316 413 4361 arecta
427 4303 472 4362 via
481 4301 649 4363 dellectentes
660 4303 781 4384 captivas
795 4303 933 4363 abducunt
941 4303 999 4363 atti-

57 4415 85 4459 tt,
97 4391 142 4448 καὶ
153 4395 201 4461 τῆς
253 4403 320 4456 ruas,
335 4397 361 4442 et
381 4382 408 4440 in
427 4396 539 4441 aetcrnas
559 4382 667 4442 heresis
689 4383 810 4442 tenebras
826 4383 997 4463 pertrahunt,

57 4469 151 4543 ύουσιν,
164 4473 201 4537 εἰς
253 4463 405 4543 congregati
413 4484 504 4521 ornnes
513 4462 675 4521 unanimiter
683 4460 776 4521 fideles
785 4460 949 4523 Dauidicum
958 4484 999 4523 zc-

57 4549 201 4630 ιθροισῦέν-
252 4549 1000 4632 lnrnpraesolerentes,ettamquamlapidesdetorrente,

57 4628 131 4727 deity
151 4632 201 4699 ζῆ·
255 4640 368 4717 horest,
383 4662 417 4699 ex
431 4636 590 4717 Evangelio,
604 4659 678 4698 sacra
686 4638 801 4719 eloquia,
813 4638 948 4719 simulque
957 4640 999 4700 iu·

57 4712 200 4807 sparteo,
255 4728 383 4788 violatam
396 4741 493 4789 sancta
510 4727 655 4787 Trinitatis
665 4727 748 4788 sidem
758 4743 892 4790 stnnentes
903 4729 1000 4791 adser-

57 4811 138 4847 Ἢν
155 4812 203 4925 Ἴ
256 4839 301 4877 sus
320 4816 473 4875 innumeros
486 4830 513 4875 et
531 4816 629 4897 impios
641 4816 780 4877 hereticos
793 4817 933 4877 unanimes
944 4818 1002 4878 bel·

58 4890 197 5004 Ψνξατ.
220 4886 314 4966 Clurn
336 4905 505 4977 indixenrnt,
527 4925 635 4983 unaque
654 4904 835 4986 conspirantes
856 4926 918 4965 cum
938 4928 1002 4987 apo·

58 4952 203 5086 mdo?
255 4997 323 5056 stolo
331 4994 473 5053 dixemnt:
486 4994 568 5051 Untes
578 4994 734 5066 Dominus,
746 4994 898 5075 unafides,
910 5015 1001 5054 unam
1011 5018 1150 5079 optento.

58 5107 144 5174 ,Θεὸς
158 5073 203 5165 „i
257 5089 413 5166 baptismo,
430 5102 505 5141 renus
524 5083 607 5141 Deus
625 5095 653 5141 et
669 5084 761 5142 Peter
778 5087 920 5155 omnium
931 5104 1001 5143 unus
1009 5085 1033 5131 6.

58 5154 118 5264 ἱ-μὸς
136 5186 203 5246 πάν.
258 5173 376 5257 Spiritus
392 5185 510 5249 sanctus,
527 5169 689 5231 illuminatio
707 5183 875 5249 cunctorum,
889 5194 944 5233 una
957 5172 1001 5232 di·

58 5264 77 5325 ti
97 5264 127 5324 τὸ
141 5264 204 5346 xpel-
258 5261 364 5339 vinitas,
377 5281 448 5321 unus
461 5261 535 5321 Deus
546 5283 553 5317 ε
565 5258 617 5340 ipsi
631 5258 718 5339 gloria
732 5274 756 5321 ct
770 5259 916 5343 imperium
929 5262 1004 5323 omni
