3750 5940
60 510 81 559 T
106 510 289 559 zaccttffio.
782 516 852 586 777

109 632 247 693 meliorem
267 644 384 692 mentem
405 631 587 692 traducamru.
608 634 650 692 Ne
677 635 855 717 praeferantur

108 710 217 771 Christo
240 710 372 792 pecuniae3
393 729 427 771 ne
450 713 508 771 Deo
533 711 665 792 injustitia
688 727 715 773 et
738 713 853 775 atsutia

107 791 273 870 preferatur.
290 790 397 851 induci
415 811 475 869 qua
486 791 545 871 jam
556 805 618 851 ante
634 791 708 852 dicta
723 808 795 869 sunt,
809 814 853 853 us·

106 893 158 948 que
180 871 214 929 ad
235 871 389 958 sepulcrum
407 869 475 929 bene
496 870 631 949 agendum
653 872 728 931 esse?
746 874 788 932 lle
809 873 852 933 his

106 949 230 1009 hesterno
245 951 291 1008 dre
311 970 460 1011 sermonem
479 949 657 1009 instituimus.
670 950 745 1024 Quid
757 972 807 1011 exs

107 1043 162 1088 ctas
180 1029 344 1110 sepulcrum,
358 1042 389 1088 ut
408 1028 459 1087 tibi
475 1028 524 1088 liat
540 1042 594 1088 tuae
617 1028 679 1090 vitae
696 1030 777 1090 linis?
791 972 852 1091 Epp-

106 1122 195 1187 specta
211 1108 378 1189 sepulcrum,
395 1107 476 1167 linem
494 1108 571 1183 vitae,
586 1122 617 1168 ut
631 1129 679 1189 per
693 1125 851 1199 presentem

106 1187 141 1245 ad
157 1187 275 1247 suturam
292 1188 476 1248 transveharis
495 1211 502 1245 ε
519 1187 605 1267 dilige
617 1187 762 1268 justitrreo
798 1212 847 1249 ra:

106 1267 261 1347 sepulcrum
275 1280 331 1343 est,
357 1267 385 1326 in
407 1288 461 1345 quo
483 1266 662 1326 dissolvimur
668 1291 683 1344 3.
696 1289 762 1359 sepu
774 1290 850 1328 mum

106 1345 133 1404 in
148 1368 203 1424 quo
218 1368 266 1407 vas
284 1360 419 1406 terrenum
436 1344 550 1406 deletur.
565 1347 712 1426 Fugiamus
723 1346 795 1407 illud
807 1349 848 1429 ju-

106 1423 209 1484 dicium
224 1427 355 1502 futurum,
376 1425 496 1501 obsecro,
512 1426 617 1485 fratres.
636 1426 701 1485 llaec
719 1427 850 1508 patientes

106 1503 206 1582 dicere,
224 1505 353 1586 patientes
368 1504 464 1565 audire
481 1518 585 1586 oportet
599 1505 727 1586 :justitiae
737 1505 848 1567 deside-

69 1598 87 1644 ε
107 1583 178 1643 rium
194 1584 364 1666 recipiamus.
379 1585 464 1661 Vide,
479 1599 510 1644 ut
523 1586 620 1646 clamet
630 1586 763 1667 propheta
773 1610 779 1643 :
789 1590 849 1646 Hei
861 1594 919 1637 loe!-
935 1606 953 1636 ¹-
965 1592 999 1636 15-

106 1668 163 1722 mei
176 1668 209 1722 in
219 1666 297 1723 diem
313 1666 446 1737 Domini,
463 1668 534 1744 quio
547 1685 637 1744 prope
645 1679 688 1724 est
702 1667 765 1726 dies
781 1668 847 1725 Do-

106 1747 187 1801 mini.
198 1744 229 1802 Si
242 1744 385 1825 propbeta,
400 1742 467 1803 dum
480 1742 535 1805 diei
555 1743 721 1818 recordatur,
735 1746 826 1804 tremit
840 1769 846 1802 :

106 1843 153 1881 nos
166 1822 214 1901 qui
227 1837 415 1883 sexcentorum
432 1843 526 1882 sumus
538 1837 709 1903 meratenam
727 1824 776 1900 rel,
789 1824 848 1884 sine

105 1915 220 1961 tremore
232 1901 454 1962 recordabimur?
466 1902 607 1961 Placemus
623 1902 744 1984 judicem
762 1904 847 1984 poeni·

104 1982 186 2041 tentia
191 2004 200 2057 ;
214 1995 320 2063 peccata
332 1995 421 2041 nostra
434 1980 571 2041 deleamus
579 2005 588 2059 3
605 1983 754 2042 terribilem
772 1983 848 2042 illaur

104 2082 197 2121 vocem
220 2061 428 2120 reformidemus
448 2060 599 2134 dicentem,
623 2064 681 2141 Qui
697 2067 943 2154 negaueritstaut.
963 2093 998 2123 ιο.

106 2163 151 2199 me
162 2162 262 2200 coram
277 2143 443 2200 bominibus
456 2142 557 2221 (neque
571 2161 636 2200 vero
658 2141 682 2200 is
699 2162 747 2219 qur
762 2143 848 2201 verbu
858 2141 897 2191 ³³·
916 2143 955 2188 32·

106 2234 195 2299 negat,
210 2219 258 2280 sed
276 2221 324 2300 qui
337 2219 461 2280 moribus
484 2225 590 2300 negat),
610 2223 722 2301 negabo
741 2233 771 2281 et
783 2242 849 2280 eum

61 2334 96 2373 trs
107 2321 207 2359 coram
219 2302 312 2360 Patre
325 2320 399 2359 meo.
425 2301 483 2378 Qui
500 2320 546 2359 me
570 2303 721 2379 confessus
737 2302 847 2383 suerit,

70 2381 268 2518 nconffitebor
288 2393 318 2439 et
331 2401 397 2439 eum
411 2399 464 2459 ego
487 2399 587 2438 coram
606 2369 700 2439 Patre
722 2400 795 2439 meo.
818 2380 849 2440 si

106 2480 153 2519 ver
212 2457 280 2517 dum
298 2456 498 2540 expenduntur,
518 2458 649 2517 terribilia
670 2472 742 2533 sunt,
763 2480 850 2519 nonne

108 2560 149 2598 res
162 2540 225 2620 ipsa}
239 2539 325 2598 multo
334 2536 511 2597 terribiliores
525 2551 603 2597 erunt
615 2536 683 2596 dum
696 2552 847 2601 cernentur.

108 2619 180 2678 Pone
194 2618 245 2678 tihi
265 2630 327 2677 ante
345 2617 448 2693 oculos,
460 2615 498 2675 mi
522 2617 613 2691 irater,
629 2616 705 2677 orbis
717 2632 850 2679 terrarum

107 2700 233 2760 liidicem
246 2696 435 2772 considentem,
449 2710 565 2755 astantes
587 2697 704 2776 angelos,
715 2698 850 2791 apparitu-

107 2801 167 2838 rum
192 2778 266 2837 vices
288 2777 414 2836 obeuntes
433 2775 615 2856 archangelos,
631 2776 779 2837 Cherubim
796 2779 850 2837 col·

107 2857 258 2930 laudantes,
271 2857 383 2915 virtutes
397 2856 457 2915 illas
477 2855 580 2915 mundo
593 2858 756 2937 superiores,
774 2876 850 2917 exer-

107 2937 177 2995 citus
196 2937 256 2996 illos
272 2936 481 3017 supercaelestes,
503 2949 582 3015 atque
606 2935 633 2994 in
658 2934 703 2995 his
723 2935 850 2996 omnibus

106 3016 289 3097 patriarchas,
312 3014 470 3096 prophetas,
494 3013 642 3094 apostolos,
659 3016 847 3096 evangelistas,

107 3111 239 3177 martyres
251 3108 277 3154 et
298 3092 457 3154 hu'usrnodi
475 3113 562 3171 reges,
578 3093 762 3172 magistratus,
774 3094 849 3175 judi·

106 3196 157 3250 ces,
175 3174 320 3256 principes,
335 3116 446 3251 divites,
459 3193 600 3253 pauperes,
616 3173 723 3250 idiotas,
744 3174 849 3267 sapien·

106 3268 156 3330 tes,
171 3275 264 3314 omnes
285 3251 349 3312 istos
367 3266 429 3311 ante
449 3251 571 3311 tribunal
590 3265 701 3331 stantes,
720 3265 747 3312 et
768 3274 795 3312 rn
810 3266 850 3313 tot

106 3334 215 3393 testium
236 3332 382 3392 celestium
396 3330 616 3410 terrestriumque
638 3346 780 3413 conspeetu
804 3333 849 3393 di·

105 3428 207 3473 centem
216 3416 232 3476 J
235 3412 350 3488 udicem,
359 3425 386 3471 et
394 3409 468 3493 apud
478 3413 587 3471 Patrem
597 3411 698 3471 alienos
710 3412 848 3494 abnegan-

105 3508 158 3552 tem
174 3518 181 3550 ι
196 3495 316 3573 Negobo
334 3491 408 3551 enim
428 3511 505 3568 eunt,
518 3489 616 3570 inquit,
632 3495 685 3571 qui
697 3512 744 3551 me
759 3513 850 3574 nega·
860 3517 945 3560 staret.
964 3529 1000 3561 .0,

108 3577 190 3643 verit,
207 3593 307 3632 coram
322 3575 415 3631 Patre
430 3591 502 3630 meo.
858 3578 898 3626 33.

145 3656 173 3713 6.
195 3654 301 3711 intuere
313 3650 393 3710 illum
406 3650 510 3724 animo,
527 3650 681 3712 dicentem.-
697 3652 777 3712 Pater
794 3652 845 3725 mi,

105 3732 151 3791 hic
162 3753 248 3792 meam
266 3729 351 3790 fidem
366 3729 500 3811 neglexit,
514 3730 560 3790 hic
582 3753 655 3791 meos
670 3752 762 3791 servos
782 3754 847 3812 per-

106 3827 234 3891 sequutus
242 3825 295 3882 est,
309 3810 356 3869 hic
368 3831 456 3869 meam
464 3810 613 3869 Ecclesiam
624 3809 732 3901 injuriis
742 3812 847 3885 affecit,

107 3893 151 3952 hic
175 3913 248 3952 meos
273 3890 448 3980 ignominiose
470 3889 610 3965 traduxit,
632 3890 677 3947 hic
700 3910 849 3950 sermonem

106 3994 197 4031 meum
206 3983 324 4051 respuit,
337 3969 383 4028 hic
392 3968 445 4027 mei
456 3969 532 4028 verbi
546 3966 767 4048 praedicationum
780 3990 849 4029 con-

107 4051 231 4110 culcavit.
255 4049 319 4106 Hac
337 4062 427 4106 autem
451 4045 532 4119 dicit,
553 4067 605 4105 non
629 4060 659 4105 ut
681 4047 850 4126 ignorantem

106 4131 200 4189 doceat
216 4130 341 4203 Patrem,
362 4127 411 4186 sod
427 4139 457 4184 ut
479 4125 665 4185 adversarium
682 4126 850 4187 accusatione

107 4210 241 4270 traducat.
261 4206 374 4286 Cogita,
400 4226 454 4283 quo
467 4218 545 4286 pacto
566 4204 641 4264 dicat
659 4203 766 4284 judex,
787 4226 850 4265 cum

107 4288 247 4349 advocarit
258 4287 362 4345 nobiles
370 4299 446 4343 terrae
459 4282 633 4365 compedibus
640 4283 765 4363 alligatos
776 4308 782 4341 s
796 4287 852 4345 Ad
860 4301 924 4345 emt.
938 4299 988 4363 ¹49·

108 4369 287 4449 alligandos,
297 4363 396 4444 inquit,
402 4367 548 4445 principes
556 4384 656 4422 eorum
663 4366 695 4421 in
706 4384 769 4422 com
790 4365 883 4424 edi-8·

110 4453 199 4524 bus,et
206 4447 585 4505 nobileseoruminmanieis
581 4444 702 4523 ferreis
708 4456 739 4502 ut
745 4387 851 4504 salicem

73 4543 90 4586 u
109 4550 170 4586 cum
179 4527 274 4586 timore
283 4523 416 4605 principes
420 4520 575 4603 judicandi,
586 4536 611 4581 et
619 4521 828 4583 Salvatordicat
842 4547 848 4581 ι

107 4606 278 4667 Istivcrhum
287 4599 852 4682 meumveritatisrepudiarunt,istimeam

109 4689 195 4766 legem
212 4695 390 4764 respuerunt,
403 4681 448 4740 isti
461 4679 619 4740 mandatum
632 4702 724 4740 meum
743 4683 852 4742 irritum

110 4763 307 4834 reddiderunt,
322 4761 366 4820 isti
380 4760 514 4841 apostolos
527 4759 670 4842 suppliciis
686 4760 851 4838 affecerunt,

111 4846 155 4904 isti
170 4858 302 4924 martyres
320 4840 461 4899 tormentis
477 4854 622 4899 vexarunt.
636 4839 702 4899 Hac
716 4855 779 4900 sunt
793 4863 854 4920 qnae

111 4925 189 4984 dicit.
204 4926 306 4984 interca
316 4941 395 4993 vcro,
406 4919 473 4979 dum
484 4921 544 4978 Rex
555 4918 688 4996 loquitur,
703 4920 790 4999 cogita
800 4942 855 4999 quo

111 5017 190 5086 praeto
199 5001 286 5081 angeli
295 4999 430 5059 adstantes
440 5012 570 5057 terrorem
583 5012 704 5078 aspectu,
716 5000 855 5057 horrorem

114 5083 195 5142 minis
204 5080 351 5150 incutiant,
363 5079 407 5138 vel
418 5078 484 5137 solis
491 5077 579 5137 oeulis
585 5091 753 5157 peccatorem
760 5098 857 5137 necan-

114 5178 168 5222 tes:
179 5161 280 5241 eogita,
292 5172 322 5218 ut
335 5157 424 5237 angeli
438 5157 622 5236 indignentur,
636 5170 855 5228 commoveantur

115 5239 289 5321 archangeli,
309 5237 495 5297 concutiantur
524 5236 653 5310 virtutes,
677 5235 756 5294 Pater
781 5235 855 5295 indi-

116 5335 232 5401 gnetur,
245 5316 363 5400 Spiritus
383 5329 489 5377 sanctm
509 5313 704 5450 escaudmcartp
725 5313 772 5375 ille
792 5336 856 5376 vem

660 5417 677 5452 δ
