3750 5940
1 380 75 482 786
374 382 379 427 ³
719 402 853 453 suoru.

10 522 743 611 euperemmmpemtinmhmrlonm.
797 526 1042 667 sufferens&
1057 527 1105 588 καί
1123 526 1186 601 ἀεὶ,
1207 525 1258 586 καί
1272 527 1314 593 τίς
1333 523 1395 594 τους
1411 527 1451 586 att

9 638 97 668 -ηπ
801 630 818 665 σ
851 629 913 667 νων.
958 630 1021 686 uu.

586 999 995 1128 MONITUM

338 1278 388 1352 ru
414 1214 657 1352 nomnen
682 1277 746 1348 nr.
771 1234 1054 1349 unun'rroun
1078 1278 1243 1350 rrum.

44 1509 87 1568 Ad
100 1507 181 1568 unius
193 1508 248 1566 Ms.
264 1504 347 1564 fidem
359 1503 433 1564 edita
446 1502 499 1562 fuit
512 1494 571 1562 hane
582 1500 696 1562 homilia
711 1524 720 1559 τ
738 1499 854 1579 indeque
864 1513 905 1560 est
916 1499 990 1580 qued
1003 1521 1057 1560 nou
1069 1522 1157 1583 pruna
1170 1500 1229 1562 sint
1240 1502 1315 1579 loca,
1326 1498 1380 1561 ubi
1391 1516 1451 1564 ont

4 1605 80 1678 ficit,
91 1601 136 1663 vel
147 1601 235 1661 laoera
248 1612 308 1679 est,
327 1598 371 1660 vei
381 1596 473 1658 verbis
486 1610 589 1656 onustat
607 1593 712 1671 dubiis,
731 1607 758 1654 et
771 1608 802 1653 ut
816 1593 924 1653 credere
936 1607 975 1654 est
986 1639 995 1670 ,
1008 1594 1196 1655 labehctatis:
1211 1595 1291 1655 illud
1309 1609 1407 1656 tamen
1423 1597 1451 1658 sir

5 1696 161 1780 reipublice
173 1695 299 1755 literariae
323 1690 476 1775 dispendio:
492 1689 544 1750 Est
563 1689 664 1773 quipp
682 1689 762 1769 longe
777 1680 923 1747 humiliore
945 1688 1016 1770 stylo
1029 1688 1183 1772 descripta,
1199 1689 1319 1770 figuris,
1338 1692 1451 1752 exciam

5 1814 58 1872 que
70 1791 106 1851 ad
122 1811 250 1851 nauseam
266 1810 352 1868 usque
361 1784 524 1848 redundans.
535 1782 719 1859 Quamobrem
735 1781 864 1842 aeritieis
879 1781 1005 1842 omnibus
1024 1782 1094 1843 inter
1107 1782 1202 1865 spruia
1216 1805 1305 1866 opera
1322 1799 1451 1846 censetur.

6 1908 67 1960 rnen
80 1883 240 1967 exeipienda
261 1883 371 1943 moralis
386 1881 539 1942 exhortatio
555 1880 602 1940 illa
615 1878 809 1963 pulcherrima,
821 1898 876 1955 qua
896 1877 1010 1938 homilia
1023 1877 1207 1954 eoneluditur,
1223 1900 1349 1959 qunque
1362 1902 1400 1940 σι
1411 1881 1451 1942 Gh

7 1981 130 2041 Humilia
150 1979 231 2039 tertia
242 1979 270 2038 in
283 1977 365 2053 illud,
376 1980 528 2037 Habentes
540 1976 673 2036 eumdem
683 1976 833 2055 Spiritum,
844 1975 933 2033 Turno
944 1976 974 2046 3,
989 1994 1018 2055 p.
1032 1973 1103 2052 288,
1115 1987 1250 2056 exeerptn
1261 1975 1319 2034 suit
1331 2001 1340 2034 τ
1355 1991 1384 2036 et
1397 1991 1451 2038 tem

6 2073 73 2135 huie
85 2074 216 2157 opusculo
229 2117 237 2143 ‚
252 2072 296 2131 rel
313 2072 403 2154 primo
420 2084 564 2154 conspeetu
578 2070 736 2153 eomprobat
747 2115 754 2145 ,
766 2083 867 2147 quanta
880 2069 916 2130 sit
928 2069 998 2130 inter
1010 2068 1091 2129 illum
1106 2068 1197 2129 neseio
1215 2090 1305 2150 quem
1323 2070 1451 2132 Graeenln

7 2178 66 2227 tum
76 2166 214 2226 doctorem
228 2162 394 2224 differentia.

47 2255 236 2337 interpretatio
252 2253 348 2315 Latina
362 2266 402 2314 est
411 2251 558 2313 Frontonis
571 2249 676 2315 Duoei.

10 2642 57 2700 De
76 2641 229 2722 negatione
242 2639 336 2711 Petri,
352 2637 429 2698 etde
439 2657 536 2712 cneco,
555 2649 585 2698 et
598 2658 657 2723 φιτο
665 2653 754 2721 paeto
764 2639 802 2742 ¹2⁶
812 2643 860 2709 Ei<
879 2639 928 2713 τὴν
951 2639 1061 2725 ἄρνησιν
1074 2639 1196 2723 Πέτρου,
1213 2639 1261 2700 καί
1280 2643 1321 2710 τίς
1341 2640 1389 2701 τὸν
1406 2664 1451 2701 στα

72 2733 182 2815 loseph
186 2733 290 2816 suerit
289 2731 398 2815 figura
411 2731 535 2805 Christi,
550 2730 695 2793 Homiiia.
837 2736 895 2803 πῶς
907 2737 922 2795 ὁ
935 2733 1036 2816 'losio
1048 2732 1130 2802 τύπος
1141 2733 1249 2815 ἐγένετο
1260 2739 1310 2796 τοῦ
1323 2736 1451 2817 Χριστυῖ,

52 2923 80 2980 1.
102 2919 288 2982 Necessarium
299 2932 341 2981 est
358 2919 557 3011 boetemoore,
571 2931 638 2980 utet
657 2918 758 3001 ioseph
853 2917 1043 2999 Ἀναγκαῖονίν
1060 2922 1098 3000 τῷ
1111 2918 1225 2999 παρόντι
1240 2924 1333 3003 καιρῷ
1351 2920 1397 2981 καί
1408 2919 1451 3002 τὸ]

10 2999 134 3060 debitum
229 2999 357 3074 iremus,
377 3012 404 3058 et
418 3020 508 3060 emus
519 2999 635 3079 gloriam
646 2998 758 3059 demon-
812 2997 913 3080 Ἰωσὴφ
928 3003 1071 3073 ἀποτῖσαι,
1084 3001 1171 3060 καὶτὸ
1186 3000 1316 3073 *maroc
1338 3008 1385 3061 τοῦ
1403 3023 1451 3061 στι

11 3094 134 3141 suemus.
172 3078 381 3160 odieetioseplr
390 3092 546 3154 coronatur,
561 3092 669 3139 eterm
682 3079 760 3160 plan-
811 3085 897 3139 νῦσοιι.
909 3077 1032 3158 Σήμερον
1041 3077 1088 3139 καί
1101 3077 1202 3183 Ἰωσὴφ
1212 3080 1451 3184 στεφανοῦται,κώ

12 3173 102 3219 tatur:
120 3158 202 3219 hodie
214 3172 240 3219 et
257 3160 352 3218 Petrus
372 3172 468 3239 negat,
488 3172 514 3218 et
536 3158 605 3218 lanu
627 3159 757 3218 letatur:
811 3167 1011 3238 φυτουργτῖται·
1023 3159 1140 3240 σήμερον
1158 3183 1204 3218 και
1227 3162 1336 3241 Πετρος
1354 3164 1451 3241 sputu

12 3239 94 3300 hodie
108 3255 133 3300 et
152 3240 197 3299 lex
218 3239 291 3298 adim
312 3239 401 3312 latur,
417 3253 443 3297 et
454 3238 649 3319 praenuntiatus
662 3259 678 3296 a
692 3260 757 3319 pro·
811 3237 1074 3318 ληστὴςσύωχεῑται·
1089 3239 1206 3320 σήμερον
1224 3239 1271 3299 καί
1291 3246 1306 3299 ὁ
1331 3240 1407 3320 νόμος
1420 3241 1451 3298 πί

31 3320 101 3379 betis
115 3319 239 3378 Christus
254 3262 430 3392 colinudatur,
440 3340 472 3377 ae
486 3318 596 3410 proprie
605 3317 710 3377 dietum
723 3319 757 3377 il·
811 3318 857 3377 καὶ
878 3319 1093 3398 ὁπροφητευθτλς
1116 3319 1232 3398 Χριστὸς
1259 3319 1443 3401 δοξολογτῑται·

12 3341 62 3457 iud
81 3399 229 3479 impletur,
244 3399 319 3477 quod
333 3396 368 3456 de
388 3397 529 3457 Dominrea
550 3411 636 3458 morte
648 3397 756 3476 inquit:
811 3397 907 3478 κυρίως
920 3401 1069 3480 πληροῦται
1083 3397 1113 3456 τὸ
1134 3399 1236 3479 φοίσκον
1258 3401 1340 3480 ῥητὸν
1358 3398 1451 3479 περίτοί

1 3482 52 3536 ‚In
70 3480 175 3558 ίαφιιεο
195 3499 243 3536 suo
263 3480 485 3557 comprehensus
504 3490 547 3536 est
566 3492 699 3558 peccator.
721 3478 758 3536 Et
811 3482 858 3535 κοῦ
870 3477 998 3549 θανάτου,
1010 3478 1056 3537 Ἐν
1069 3481 1103 3557 τῇ
1117 3480 1211 3558 παγίδι
1224 3483 1304 3538 αὐτοῦ
1316 3480 1444 3560 συνελήφθη

15 3557 139 3636 quisnam
153 3568 193 3615 ost
208 3557 258 3615 iste
272 3556 418 3637 peccator?
439 3557 544 3616 Peccati
558 3557 681 3617 inventor
700 3556 758 3615 dia·
775 3571 794 3617 B
811 3558 902 3623 τωλός.
919 3558 973 3617 Καί
985 3557 1024 3625 τίς
1035 3564 1050 3617 ὁ
1062 3558 1234 3638 ἁμαρτωλός
1248 3558 1284 3619 Ὁ
1297 3564 1345 3632 τῆς
1361 3556 1451 3640 ιίριαρτίν

13 3637 99 3696 bolus.
110 3637 146 3695 Et
157 3636 281 3727 quisnam
295 3635 406 3726 laqueus
415 3636 450 3694 ab
463 3636 521 3716 ipso
532 3637 661 3716 paratus?
672 3637 758 3711 Crux,
812 3638 860 3710 τλς
875 3636 1004 3705 διοίίολος.
1022 3637 1075 3697 Καί
1089 3637 1128 3705 τίς
1142 3643 1159 3710 ἡ
1180 3643 1225 3697 ὑπ’
1246 3643 1327 3699 αὐτοῦ
1342 3659 1451 3699 ammam

14 3731 40 3777 et
53 3716 123 3776 nihil
136 3715 228 3774 ahud:
245 3716 302 3795 ipse
313 3716 447 3793 siquidem
456 3716 566 3777 Jndaeos
580 3715 616 3775 nd
626 3716 760 3777 iabrienn-
812 3716 893 3794 παγίς
897 3740 906 3793 ;
921 3715 955 3777 ‘0
969 3741 1034 3776 σταυ
1053 3717 1093 3790 k,
1107 3719 1153 3777 καί
1164 3717 1238 3777 οὐδὲν
1253 3718 1355 3800 ίτερον·
1366 3713 1451 3793 norisii

14 3797 78 3856 dam
98 3817 205 3857 crucem
226 3794 364 3874 incitavit,
382 3810 457 3855 ratus
478 3815 506 3854 se
523 3794 594 3855 dolis
616 3808 760 3876 capturum
814 3802 871 3855 θισε
897 3798 993 3864 παῖδας
1022 3797 1158 3857 ὀυδσίων
1181 3801 1349 3858 namurcen
1376 3799 1411 3856 τίν
1428 3816 1451 3852 σο

15 3899 86 3953 eum,
102 3877 148 3956 qui
158 3875 229 3935 dolis
243 3876 303 3956 capi
318 3896 369 3935 non
383 3887 489 3957 potest,
502 3887 528 3933 et
543 3889 630 3935 morte
640 3876 759 3934 circum·
814 3875 888 3944 δοἜας
896 3877 1045 3956 σοφίζεσθαι
1058 3878 1103 3936 τὸν
1114 3877 1268 3960 ἀσόφιστον,
1284 3879 1330 3938 καί
1341 3883 1397 3958 τῷθ
1427 3873 1433 3898 ’

14 3971 159 4019 venturmn
174 3978 246 4029 eum,
262 3955 309 4033 qui
329 3955 398 4014 inter
417 3969 538 4015 mortuos
548 3969 588 4014 est
603 3955 691 4015 liber:
706 3977 758 4015 non
813 3954 921 4015 ὅοίλλιιν
931 3957 975 4015 τὸν
988 3959 1015 4015 ἐν
1025 3965 1127 4057 νεκροῖς
1140 3958 1292 4040 ἐλεύθερον·
1308 3958 1344 4037 μὴ
1355 3895 1451 4018 euritii

15 4037 100 4096 intelli
121 4058 167 4096 ens
186 4035 289 4095 alienus
308 4035 357 4094 ille
375 4056 481 4095 emnem
496 4034 637 4094 stimulum
659 4036 760 4116 peceati
813 4035 974 4115 τριοτ,ὅτιί
988 4061 1099 4118 σταυρος
1108 4038 1140 4097 τὸ
1153 4037 1261 4117 κέντρον
1275 4042 1323 4110 τῆς
1334 4029 1451 4116 ἁρσρτίνεί

15 4057 164 4177 obtuniere
172 4162 182 4195 ,
203 4138 234 4175 ae
247 4116 324 4191 fore,
343 4129 374 4174 ut
388 4136 419 4174 ea
440 4127 521 4195 caput
539 4115 597 4194 ejus
613 4115 760 4174 insolentiae
813 4123 864 4187 νεῖ,
874 4114 920 4174 καί
933 4115 982 4186 τὴν
994 4117 1110 4196 κεφαλὴν
1123 4121 1171 4188 τῆς
1184 4099 1335 4186 οῧυσζονείας
1344 4121 1407 4178 αὐτοῦ
1416 4112 1451 4172 uni

17 4197 182 4275 confringat,
200 4218 231 4256 os
250 4195 309 4275 ejus
323 4194 497 4276 blasphemia
515 4195 641 4272 obturet,
661 4217 761 4275 pennas
814 4195 859 4253 καί
873 4196 904 4254 τὸ
917 4194 1003 4274 στόμα
1016 4200 1063 4266 τῆς
1085 4197 1257 4275 βλασφημίας
1278 4203 1355 4258 αὐτοῦ
1370 4188 1451 4274 ineptit

16 4277 177 4337 incursionis
196 4277 254 4356 ejus
275 4275 391 4351 evellat,
409 4296 440 4334 ae
452 4274 588 4334 desertum
606 4287 632 4333 et
646 4294 761 4353 egenum
813 4272 862 4340 τὰς
875 4274 1006 4355 πτέρυγας
1017 4280 1064 4347 τῆς
1078 4259 1233 4344 ἀντιθέσεως
1247 4280 1327 4354 αὐτοῦ1
1340 4280 1451 4341 ἔκπλεω

16 4356 128 4416 desertis
142 4355 272 4415 ostendat.
293 4354 381 4414 Hodie
392 4376 500 4434 quoque
519 4354 656 4435 prophetae
672 4354 761 4414 Davi·
816 4377 863 4431 μον
879 4355 924 4413 καί
946 4356 1044 4435 ἄπορον
1066 4356 1174 4457 ἐρήμοις
1201 4356 1372 4417 ἀποδεικνύει.
1389 4352 1451 4428 Σίμῳ

1 4481 6 4492 .
17 4435 60 4494 dis
73 4437 202 4516 impletur
213 4437 360 4507 oraculum,
373 4438 579 4494 Testimonium
593 4438 626 4493 in
633 4435 759 4514 Ioseph:
814 4439 860 4492 τοῦ
873 4434 1008 4514 προφήτου
1021 4438 1105 4494 Δαυδ
1115 4439 1267 4517 πληροῦται
1277 4438 1308 4497 τὸ
1325 4438 1408 4517 λόγιον,
1416 4432 1451 4502 te

19 4515 71 4574 hoe
84 4528 143 4592 est,
155 4516 288 4574 Dominus
302 4515 330 4573 in
349 4514 449 4605 ioseph
464 4514 549 4573 multo
562 4513 761 4604 antedepinge-
814 4516 840 4571 ἐν
853 4518 892 4593 τῷ
903 4514 1171 4594 Ἰωσήφτουτίστιν,
1182 4522 1197 4575 ὁ
1207 4515 1306 4599 Κύριος
1319 4520 1344 4576 ἐν
1357 4504 1451 4597 risisti

17 4594 99 4655 batur
110 4594 394 4676 aepraesrgurabatur,
408 4615 436 4651 m
450 4593 483 4652 iis
494 4615 554 4671 quae
570 4594 598 4652 iu
608 4593 762 4653 novissimis
814 4597 1038 4674 ἀνεζωγραφεῖτο,
1053 4595 1071 4653 ἃ
1089 4595 1197 4673 ἔμελλεν
1209 4600 1252 4657 ἐπ’
1271 4599 1386 4676 ἐσγσίτων
1400 4592 1451 4653 riui

17 4674 114 4737 diebus
135 4688 209 4734 erant
221 4687 358 4733 eventum.
375 4673 463 4731 Multa
480 4694 595 4750 namque
608 4672 708 4732 similia
732 4674 760 4733 in
777 4691 795 4739 c
813 4673 977 4754 ἐφίστασθαι.
990 4676 1082 4735 Πολλὰ
1095 4674 1147 4755 γίιρ
1158 4678 1185 4734 ἐν
1196 4681 1236 4736 τῶ
1246 4667 1345 4758 Ἰωσῆφ
1356 4663 1451 4755 reperii

19 4753 119 4837 ioseph
139 4766 166 4813 et
185 4753 213 4813 in
226 4753 343 4812 Domino
364 4752 551 4833 reperiuntur;
566 4751 682 4834 exempli
696 4774 760 4811 cnu-
814 4754 950 4814 ueneritne
962 4754 1124 4834 είιρίσκετοιι·
1136 4747 1189 4814 οἷόν
1204 4737 1230 4816 τί
1243 4759 1327 4838 λέγω·
1341 4752 1451 4847 δ’ίυσλγ]

19 4857 47 4894 sn
59 4857 65 4893 :
79 4834 179 4916 ioseph
198 4855 213 4892 a
232 4832 348 4914 propriis
362 4831 565 4912 consanguineis
578 4832 634 4891 suis
650 4845 760 4912 appete·
815 4832 906 4893 λεύετο
919 4833 971 4893 ὑπὸ
991 4839 1044 4894 τῶν
1063 4835 1136 4894 ἰδίων
1151 4842 1325 4915 συγγενῶν...
1339 4843 1371 4897 ’ὁ
1383 4837 1451 4902 ’luent

18 4916 99 4976 batur
113 4912 256 4975 insidiis...
268 4911 367 4993 ioseph
388 4913 479 4971 tunica
497 4911 572 4975 varia
585 4924 625 4971 est
639 4925 757 4991 exutus5
814 4913 859 4973 τὸν
872 4913 992 4974 ποικίλον
1012 4919 1130 4995 χιτῶνα
1149 4919 1164 4974 ὁ
1178 4916 1277 4998 Κύριος
1299 4917 1327 4975 ὃν
1348 4908 1397 4997 εἶχε
1414 4914 1449 4973 ris

53 5129 66 5152 ²
84 5119 189 5180 Videtur
198 5142 255 5183 eum
265 5121 360 5178 savilio
370 5121 503 5193 legendum
514 5133 542 5179 τὸ
553 5131 624 5185 κλέος.
825 5122 936 5192 ίοοερίιο
952 5123 1067 5178 Christus
1084 5143 1099 5176 a
1116 5123 1302 5195 congeneribus
1317 5128 1366 5179 suis
1379 5120 1451 5178 insidii

54 5209 131 5258 *Hie
150 5205 258 5258 alterurn
281 5198 424 5255 membrum
442 5200 525 5268 deest,
546 5220 597 5270 quo
624 5214 787 5270 comparatur
827 5215 876 5257 tus.
