3750 5940
627 415 660 460 m
689 414 817 464 niseni
845 419 869 465 ι.
1457 409 1531 506 935

805 482 828 525 Ι

63 548 138 603 τετοῦ
153 544 249 627 χρόνον
260 544 291 606 rh
302 545 397 625 πάσχα
411 543 442 602 rh
457 539 552 615 ἀληθίς
564 540 654 602 ἐθύετο
666 587 675 617 ,
688 541 733 601 καί
787 542 835 603 sed
848 545 1181 628 nondum-perficiehenu.
1198 552 1230 613 in
1249 552 1346 633 quinto
1357 568 1449 617 autem
1462 572 1529 620 rem.
1540 570 1625 615 mun
1641 585 1682 617 20,

63 627 120 683 3τῶ
144 624 290 701 σωζόμενος
307 623 472 704 πρυπόγονος
492 627 628 701 ἄνθρωπος
646 625 685 690 είς
703 622 734 682 τδ
785 621 860 703 poris
880 627 967 706 spatio
983 648 1080 688 rerum
1100 629 1203 689 Pascha
1215 630 1417 709 immolabatur,
1432 652 1458 696 et
1482 642 1529 719 qui
1543 645 1564 677 ¹·
1577 648 1626 691 ⁸¹t‘t·

66 702 172 783 ςέξῄει
192 708 256 784 φῶς.
272 705 346 764 *Καὶ
359 704 390 763 τό
406 727 437 782 γε
456 701 496 799 μὴ
520 704 562 760 ἐπ’
586 705 665 774 αὐτῆς
685 705 733 773 τῆς
786 723 835 840 per
860 704 933 764 illud
957 707 1070 767 salutem
1097 713 1309 789 consequebatur
1332 716 1420 795 primo
1441 720 1529 781 enitus

63 806 90 858 ς,
103 784 172 843 ἀλλὰ
183 785 371 865 πρδςίσπίραν
384 782 415 843 τδ
425 805 518 860 troops
535 780 655 852 θύεσθαι,
667 783 732 854 ίδη-
806 803 877 858 omo,
902 784 931 844 in
942 800 1108 868 perpetuam
1125 789 1215 849 lucem
1238 792 1338 851 exibat.
1358 798 1404 869 Qu
1463 821 1529 860 vero

63 862 92 936 εὴ
111 866 139 923 ίν
164 867 235 944 αὐτῷ
257 868 296 923 τῶ
310 863 381 924 τέλει
394 861 460 921 ι’τοῦ
480 861 608 941 παρόντος
631 865 730 939 ἀμνοῦ,
785 863 883 922 nonin
906 865 965 945 ipsa
986 888 1109 949 vespera,
1131 867 1177 928 sed
1204 870 1239 930 ud
1268 893 1405 962 vesperam
1425 880 1528 940 Pascha

63 943 115 1024 ιρδς
136 924 331 1011 αὖτὸτὸτίλος
343 940 513 1021 πάσρειντδν
527 939 651 1020 Χριστόν.
666 945 732 1021 Διη-
785 941 981 1019 immolaretur,
996 946 1167 1025 significabat
1187 970 1240 1009 non
1254 951 1282 1009 in
1306 973 1365 1032 ipso
1384 955 1438 1016 stne
1469 980 1528 1019 πα.

63 1046 73 1080 ν
88 1022 116 1083 δί
129 1022 199 1083 οὕτω
212 1024 256 1084 τδν
269 1024 363 1106 χρόνον
377 1020 471 1089 ίδειξεν
487 1025 504 1092 ἡ
525 1019 665 1102 παραάολὴ
687 1045 731 1080 τε·
785 1022 867 1080 sontis
881 1024 982 1101 saeeuli,
1002 1025 1050 1085 sed
1062 1026 1100 1086 ad
1122 1028 1205 1088 finem
1220 1051 1363 1110 passurum
1378 1055 1435 1094 esse
1448 980 1528 1097 (ibri.

80 1104 117 1171 τίς
129 1103 208 1164 πέντε
224 1103 272 1176 τὴν
287 1102 400 1184 ἡμίραν,
421 1102 467 1160 καί
481 1099 730 1178 τοῦςκῑκλημίνους
785 1114 867 1160 stum.
893 1106 1013 1186 Tempus
1034 1106 1072 1165 ita
1095 1107 1215 1167 divisum
1238 1111 1365 1170 exhibuit
1388 1117 1526 1195 parabola,

64 1185 226 1260 ἀμπελῶνα,
238 1184 383 1254 τουτίστιν,
396 1184 431 1246 εἰς
443 1179 491 1252 τὴν
505 1183 553 1250 τῆς
566 1179 731 1254 imminit
783 1202 844 1258 quae
854 1181 882 1240 in
896 1197 985 1263 portes
998 1185 1119 1265 quinque
1131 1186 1204 1247 diem
1218 1188 1369 1269 distribuit,
1381 1208 1408 1252 et
1419 1211 1527 1258 vocatos

63 1284 95 1330 ιν,
109 1263 252 1342 φάσκοντος
267 1266 405 1323 καλεῖσθαι
418 1258 478 1326 τοὺς
493 1257 540 1336 μέν
554 1257 604 1317 ὑπὸ
620 1259 729 1339 πρώτην
784 1281 841 1319 osse
855 1260 970 1323 dicitcd
982 1265 1101 1341 vineam,
1114 1266 1144 1325 id
1159 1282 1208 1340 cst,
1223 1268 1258 1327 ad
1269 1270 1382 1348 justitie
1394 1277 1527 1354 operatio-

63 1339 111 1407 υθς
125 1341 214 1402 δίθπδ
231 1342 331 1422 τρίτην,
344 1339 441 1408 τοδςδί
455 1343 507 1398 θπδ
522 1337 611 1411 ἕκτην,
627 1338 687 1405 τοὺς
701 1339 729 1400 δέ
783 1340 934 1418 nem,alios
956 1343 1027 1403 tinea
1043 1347 1161 1426 primam
1178 1348 1284 1423 horam,
1299 1350 1369 1409 ulios
1383 1353 1454 1412 circu
1474 1370 1528 1415 trr-

62 1420 149 1492 ιάτην,
171 1421 232 1490 τοδς
251 1421 344 1483 δίθπδ
357 1419 508 1490 ἑνδεκάτην.
524 1418 577 1477 Καί
590 1416 643 1498 γάρ
659 1410 727 1491 ἦσαν
782 1420 858 1492 tiam,
874 1420 941 1480 alios
957 1423 1028 1484 circa
1040 1439 1155 1503 sextam,
1172 1428 1240 1487 alios
1258 1429 1328 1488 eirca
1349 1451 1457 1508 nonam,
1477 1457 1527 1516 po-

62 1524 77 1558 u
99 1501 207 1573 κλήσεις
229 1493 323 1577 αὗται,
337 1502 383 1561 καί
407 1498 517 1579 διάρορα
537 1498 725 1576 δικαιώματα·
782 1513 895 1559 strcmos
904 1502 1338 1567 circaundecimam.Erantenim
1355 1509 1396 1569 hae
1413 1511 1528 1574 dirersae

74 1580 122 1658 μὲν
142 1580 173 1639 τὸ
194 1581 238 1642 ini
258 1582 362 1659 Ἀδὰμ,
382 1579 470 1657 ἕτερον
492 1577 520 1636 δέ
542 1578 572 1637 τδ
591 1578 635 1636 ἐπί
651 1581 728 1654 Νῶε,
746 1585 765 1632 G
783 1581 944 1656 vocationes,
959 1596 986 1643 et
1003 1582 1116 1644 diversae
1135 1586 1360 1666 justiiicationes3
1378 1591 1430 1651 alia
1454 1607 1526 1653 tem-

62 1660 124 1719 ιέπί
139 1660 275 1743 Ἀόραδμ,
291 1663 356 1720 rihho
366 1661 396 1721 τδ
409 1659 453 1718 ἐπί
469 1658 620 1724 Μωῦσίως·
635 1659 727 1717 τελευ-
782 1680 849 1738 pore
871 1660 981 1738 Adami,
1001 1662 1054 1722 alia
1078 1678 1199 1746 tempore
1227 1669 1297 1742 Noe,
1325 1669 1379 1727 alia
1406 1683 1527 1754 tempore

62 1738 133 1799 ίκαί
151 1740 321 1814 τελεώτατον,
335 1740 423 1800 τδέπί
436 1738 521 1807 τῆςΧ
542 1741 614 1797 ιστοῦ
627 1760 729 1817 παρου-
784 1738 944 1818 Αίπείιοπιί,
973 1741 1026 1801 elin
1053 1758 1171 1826 tempore
1198 1748 1303 1826 Moysis
1310 1771 1319 1826 ρ
1349 1763 1480 1829 postrema
1502 1766 1528 1812 σε

62 1821 143 1879 τεκαὶ
154 1824 207 1878 τῶν
223 1819 331 1900 ίργωνθ
345 1820 436 1898 μισθδς
448 1817 602 1877 ἀποδίδοται
614 1817 728 1896 πράττοις
785 1819 976 1897 perfectissima
1002 1820 1029 1880 in
1050 1823 1167 1883 adventu
1187 1825 1301 1899 Christi,
1321 1829 1429 1906 quando
1456 1854 1527 1891 mer·

62 1899 186 1967 isernien
198 1900 267 1959 κατδ
282 1900 329 1972 τὴν
344 1898 473 1978 σωτήριον
486 1897 655 1978 παραθαλην·
670 1900 727 1957 ἐπεί
783 1918 826 1957 ces
834 1920 947 1979 operum
959 1900 1082 1961 redditur
1092 1904 1182 1985 primo
1192 1904 1236 1979 iis,
1251 1905 1298 1983 qui
1311 1910 1438 1987 postremi
1451 1927 1527 1974 emnt

70 1978 119 2050 τὴν
140 1980 310 2060 ἐναγίννησιν
324 1984 402 2056 ἡμεῖς
423 1977 635 2086 ἐνῖβαπτίσματι
650 1998 726 2054 κομι·
781 1978 931 2038 secuudum
944 1981 1094 2042 servatoris
1107 1985 1286 2064 parabolam:
1300 1987 1364 2064 quia
1382 2010 1430 2047 nos
1442 1991 1525 2070 primi

62 2101 67 2127 ‚
89 2049 126 2126 οἷς
146 2060 224 2131 ίτύθη
246 2060 373 2139 Χριστός,
386 2061 425 2138 ἐρ’
451 2085 473 2140 ῳ
497 2055 607 2128 ἀνίστη,
632 2056 677 2114 καί
695 2058 727 2116 τδ
781 2055 808 2115 in
823 2057 858 2116 ha
879 2059 985 2119 tismate
1002 2063 1229 2142 regenerationem
1248 2066 1408 2146 accipimus,
1427 2070 1527 2147 quibus

62 2137 108 2196 ετὸ
131 2137 204 2220 δίνεον
224 2143 259 2207 είς
283 2139 446 2199 ἀνακαίνισιν
459 2142 536 2216 ἡμῶν
558 2133 725 2215 ἐνεφύσησεν.
780 2080 935 2198 immoiatus
949 2154 990 2199 est
1001 2141 1137 2219 Christus,
1154 2164 1209 2221 quo
1234 2156 1355 2226 tempore
1367 2150 1525 2225 resurrexit,

62 2217 91 2276 ἐν
104 2207 180 2291 οὖνὴ
197 2218 471 2301 τεσσαρεσκαιδεκάτη
496 2220 629 2293 μυστικῶς
651 2237 725 2274 νοου-
780 2230 806 2275 et
822 2217 955 2299 Spiritum
972 2232 1095 2281 mucium
1114 2223 1192 2281 uobis
1209 2223 1245 2282 ad
1269 2227 1471 2287 renovationem
1486 2230 1527 2288 in-

62 2298 105 2356 κοιί
128 2305 242 2358 τοιοῦτον
256 2300 287 2358 rh
305 2306 351 2358 τοῦ
365 2297 480 2376 θύματος
494 2296 635 2373 σόμάολον,
649 2295 723 2368 καὶὴ
779 2297 912 2358 sufflavit.
929 2297 993 2359 Haec
1004 2301 1094 2379 itaque
1116 2316 1211 2381 quarta
1231 2302 1335 2362 decimo
1357 2321 1397 2365 est
1413 2311 1527 2388 mystice

62 2377 108 2436 ’ίαν
132 2377 306 2457 διαδεμομένη
326 2378 440 2458 pomerii,
454 2377 498 2446 νὺξ
513 2376 558 2434 καὶ
571 2375 669 2456 ἡμέρα·
693 2375 724 2435 τδ
778 2377 957 2455 considerata,
969 2380 1058 2440 ettele
1067 2394 1107 2441 eit
1117 2382 1243 2441 sacrificii
1256 2384 1425 2464 symbolum,
1437 2401 1463 2446 et
1472 2409 1528 2448 nox

61 2482 68 2513 ι
92 2460 131 2538 ἐρ’
155 2447 268 2529 ἑκάστης
293 2459 376 2525 οἰκίας
406 2459 537 2517 ἐσθίεσθαι
561 2456 593 2513 τὸ
620 2459 723 2537 ἱερεῖον,
778 2454 825 2514 iiia
840 2457 931 2517 lucido
955 2472 1035 2538 atque
1056 2459 1116 2520 dies
1139 2482 1200 2539 quae
1225 2463 1388 2523 sacrificium
1411 2466 1523 2547 excipit.

90 2538 245 2618 ἐκφέρεσθαι
269 2542 322 2597 τῶν
348 2542 432 2620 κρεῶν
461 2536 528 2608 ἔξω,
555 2536 631 2606 δηλοῖ
659 2535 722 2611 μίαν
779 2535 860 2609 Quod
873 2551 963 2597 autem
975 2539 1088 2600 victima
1102 2554 1157 2598 tota
1168 2541 1196 2599 in
1205 2540 1320 2621 singuiis
1333 2543 1438 2603 aeditms
1453 2567 1527 2606 com·

61 2616 136 2689 εόνην
154 2617 267 2697 ἐρουσαν
281 2617 330 2690 τὴν
344 2620 370 2676 ίν
386 2619 495 2696 Χριστῷ
512 2615 654 2695 σωτηρίαν.
674 2613 724 2673 Ah
778 2615 911 2691 oderetur,
924 2638 1009 2696 noque
1019 2640 1111 2678 carnes
1123 2620 1194 2678 foras
1216 2622 1384 2692 efferrentur,
1401 2623 1430 2682 id
1441 2625 1526 2703 signi·

61 2688 92 2769 hv
115 2702 132 2768 ἡ
153 2686 211 2755 καθ’
226 2695 290 2769 όλης
310 2700 359 2766 τῆς
381 2696 537 2774 οίκουμίνης
554 2693 722 2768 Ἐκκλησία,
778 2694 841 2753 iicet
853 2717 936 2755 riuum
947 2711 1051 2756 tantum
1064 2720 1121 2757 esse
1133 2697 1245 2757 domum
1253 2700 1366 2758 salutem
1376 2701 1403 2760 in
1415 2703 1525 2764 Christo

61 2800 78 2834 ιι
106 2776 154 2853 μὲν
181 2774 308 2856 ἀλλοτρία
329 2778 418 2848 Θεοῦ,
446 2782 492 2833 νῦν
516 2774 544 2834 δέ
568 2772 635 2852 μόνη
657 2774 722 2853 πρὸς
776 2772 938 2847 habentem,
958 2796 1053 2834 neme
1079 2777 1227 2836 Ecclesiam
1250 2799 1299 2858 per
1322 2793 1408 2839 totum
1431 2783 1525 2843 orbem

61 2855 141 2923 θιείως
162 2855 258 2937 ἔχουσα
277 2855 321 2915 δεδι
334 2855 365 2914 οδ
380 2853 505 2924 δέξασθαι
523 2853 582 2920 τοὺς
600 2855 722 2911 θποστα-
776 2851 917 2930 diffusam,
950 2875 990 2912 uae
1003 2799 1069 2913 oiim
1091 2855 1177 2915 aliena
1192 2878 1207 2915 a
1223 2858 1281 2915 Deo
1298 2872 1367 2930 erat,
1382 2881 1453 2920 nunc
1469 2884 1522 2921 tru-

62 2935 135 3016 παρδι
155 2940 200 2993 τοῦ
220 2935 318 3016 Κυρίου
329 2932 429 3008 Ἰησοῦ,
442 2933 557 3014 ὡσπερεὶ
577 2935 625 3002 τῆς
637 2930 722 2990 ‘Pate
740 2938 760 2985 θ
776 2945 831 2990 trm
844 2933 900 2992 solo
912 2875 948 2991 ad
962 2935 1050 2993 Deum
1065 2935 1174 3015 proprie
1187 2937 1312 3017 pertinet,
1328 2939 1391 3016 quia
1405 2943 1524 3024 suscepit

60 3016 128 3075 :rihni
142 3014 240 3095 πόρνης
256 3013 326 3074 οίκία
349 3014 409 3081 τοῦς
423 3012 606 3078 κατασκόπους
628 3013 721 3070 θποδε-
776 3033 821 3070 eos
828 3012 900 3089 quia
912 3013 1030 3072 Domino
1038 3016 1101 3075 Jesu
1113 3015 1188 3073 missi
1198 3019 1524 3107 eran13quemadmodum

61 3093 119 3163 τοὺς
132 3118 170 3153 πα
217 3094 320 3168 Ἰησοῦ,
335 3099 401 3171 μόνη
421 3093 467 3151 καλ
480 3091 592 3160 ἐσώζετο
605 3094 654 3161 τῆς
666 3089 720 3149 Ἱε-
775 3091 872 3150 domus
893 3091 969 3150 iilius
984 3092 1081 3151 ltahab
1094 3092 1160 3151 oiim
1179 3096 1334 3170 meretricis,
1351 3119 1411 3176 quae
1425 3101 1522 3181 explu-

61 3179 145 3255 ορθουΙ
173 3197 231 3247 νης.
249 3172 334 3232 Ὥστε
362 3177 385 3232 εί
412 3173 458 3231 καί
484 3172 588 3238 πλείους
617 3174 644 3228 αί
666 3173 720 3229 τῶν
775 3185 906 3230 εοῑοτοεε
922 3173 986 3232 Jesu
1004 3171 1099 3231 missos
1113 3174 1228 3254 excepit,
1243 3175 1353 3236 Joricho
1370 3178 1521 3259 devastata,

61 3276 83 3311 ιν
107 3253 204 3325 οἰκίαι,
233 3262 294 3320 υιᾶς
319 3253 410 3332 lycum
435 3251 556 3329 δύναμιν,
576 3249 667 3329 ὥσπερ
693 3254 721 3310 αί
776 3264 881 3310 serrata
894 3251 952 3309 solu
967 3250 1027 3310 suit.
1043 3253 1137 3329 ltaque
1151 3253 1200 3311 etsi
1219 3254 1376 3333 piuressint
1391 3257 1523 3319 Hehrteo-

61 3334 131 3399 είλεις
160 3333 206 3392 καί
233 3310 326 3413 ι·υέρσις
343 3321 526 3404 Ἐκκλησίαι,
552 3329 649 3388 πολλαί
675 3330 720 3389 τὸν
776 3350 838 3387 rum
856 3330 1057 3405 domus,unius
1075 3334 1250 3392 teutumrim
1270 3333 1378 3410 habent,
1393 3351 1423 3396 ut
1438 3353 1464 3397 ot
1479 3339 1523 3399 di-

68 3404 158 3488 odoto,
179 3357 316 3490 piurimis
332 3410 489 3481 Ἐκκλησία.
504 3400 550 3476 Εἷς
566 3410 655 3489 γὰρέν
670 3412 720 3467 αὖ·
775 3429 859 3467 verse
877 3431 927 3490 per
949 3410 1029 3468 urbes
1049 3411 1169 3469 etnicos
1191 3412 1328 3490 Ecdesiae,
1350 3418 1523 3506 qumplurcs

60 3493 155 3573 ἱριστὸς
169 3494 360 3571 θπανταχοῦ,θ
381 3491 479 3557 τελειος
500 3491 546 3549 καί
569 3487 719 3567 ἀμέριστος.
775 3508 888 3547 numero
900 3504 974 3565 sunt,
990 3510 1044 3548 unu
1066 3504 1129 3549 sunt
1149 3490 1280 3553 Ecclesia.
1296 3497 1375 3555 Unus
1397 3517 1469 3557 entm
1494 3499 1523 3559 in

60 3572 146 3632 τίλεον
166 3563 199 3643 ἢν
212 3572 253 3650 ἐρ’
276 3569 388 3644 ἑκάστης
411 3570 495 3637 οἰκίας
510 3570 541 3629 τδ
556 3574 657 3647 ἱερεῖον,
674 3570 721 3631 καί
775 3566 832 3627 illis
854 3567 978 3628 Christus
1002 3568 1105 3707 uhitpue
1124 3584 1175 3648 est,
1195 3574 1330 3652 perfectus
1355 3574 1363 3633 i
1384 3597 1413 3635 se
1432 3591 1458 3636 et
1481 3578 1523 3638 in-

71 3652 113 3710 δια
134 3651 209 3732 όρους
223 3651 365 3729 ἐμερίζετο.
384 3650 460 3721 Φησὶ
478 3654 540 3730 γοῦν
553 3653 625 3725 ἡμᾶς
645 3648 721 3710 καίδ
773 3647 891 3708 divisus.
922 3649 987 3708 ldeo
1010 3664 1125 3730 perecta
1151 3665 1208 3710 erat
1230 3652 1257 3711 in
1279 3597 1394 3735 singuiis
1416 3656 1522 3718 edibus

60 3730 106 3789 ἐνα
116 3674 185 3790 duur
197 3729 298 3796 πάντας
309 3735 335 3790 ἐν
347 3732 470 3809 Χριστῷ,
485 3731 550 3787 διότι
561 3728 607 3787 καί
619 3725 654 3787 ‘0
665 3728 719 3789 ίίό-
773 3727 896 3803 εἰσοίσει,
909 3749 958 3787 uec
976 3728 1011 3787 ud
1026 3729 1147 3788 diversus
1158 3731 1342 3792 dividebatur.
1358 3734 1433 3793 Dicit
1449 3736 1521 3798 euim

60 3810 149 3882 ,καὶὴ
164 3808 253 3876 πίστις
267 3809 325 3886 μία.
337 3810 394 3882 Τὴν
407 3800 453 3869 cdv
463 3808 555 3868 ἕνωσιν
565 3813 611 3867 τοῦ
624 3806 719 3889 ἱερείου
772 3808 874 3868 Paulus
893 3829 942 3867 uos
958 3829 1050 3866 omues
1071 3829 1156 3867 unum
1176 3831 1233 3867 esse
1253 3811 1280 3869 in
1304 3812 1433 3889 Christo,
1455 3816 1518 3892 quia

60 3888 148 3972 ιίρετον
161 3888 332 3967 ἀναγκαίωςθ
342 3890 421 3967 νόμος
432 3892 467 3956 είς
482 3888 595 3968 Χριστὸν
606 3888 718 3985 προετά-
777 3888 858 3946 Unus
867 3889 1014 3945 Dominus
1029 3900 1082 3958 est,
1095 3900 1123 3945 et
1134 3908 1194 3948 uua
1199 3889 1291 3968 fides.
1310 3892 1444 3951 Unionem
1455 3904 1669 3975 ergonptesnt.

59 3970 142 4041 ταύτη
156 3970 202 4028 καί
218 3969 266 4040 τὴν
283 3968 444 4042 Ἐκκλησίας
458 3967 549 4026 ἐνωσιν
571 3988 715 4046 προοιατυ-
771 3965 848 4024 ilium
866 3965 985 4025 rictimae
1001 3965 1197 4026 indivisibilem
1214 3968 1259 4027 iex
1282 3968 1310 4027 in
1330 3971 1439 4032 Christo
1462 3975 1519 4034 sore

60 4035 197 4128 νΧρίστιῦ
222 4048 270 4126 μέν
293 4047 324 4120 δὴ
341 4050 390 4121 τὴν
404 4046 537 4126 σωτηρίαν
556 4045 651 4145 ίμομεν
671 4046 716 4104 καί
772 4045 921 4104 necessario
958 4044 1140 4124 refigurabat,
1153 4068 1255 4106 necnon
1277 4049 1405 4109 Ecclesiae
1429 4052 1518 4112 unita-

62 4126 108 4210 σία
117 4136 163 4188 τοῦ
176 4108 307 4209 Χριστοῦ,
321 4129 367 4188 καί
382 4127 468 4187 πάντα
481 4125 516 4186 τά
528 4148 581 4208 προ
600 4129 647 4196 τῆς
661 4149 716 4185 πα·
772 4137 834 4183 tem.
861 4126 892 4184 ln
916 4067 1024 4184 Christo
1048 4126 1143 4203 utique
1161 4140 1186 4185 et
1209 4126 1237 4186 in
1260 4129 1392 4188 sacrificio
1416 4132 1518 4194 Christi

60 4211 93 4274 τίς
104 4208 152 4279 τὴν
163 4208 308 4288 παρουσίαν
321 4205 575 4289 προευτρεπισθίντα
589 4205 715 4283 γινώσκο-
733 4211 752 4258 ii
771 4205 885 4264 salutem
899 4204 1043 4277 habemus3
1058 4218 1083 4264 et
1098 4207 1200 4281 omnia,
1215 4228 1276 4285 quie
1295 4224 1357 4268 anto
1369 4209 1518 4273 adventum

60 4294 150 4346 ,τοῦτο
165 4287 242 4364 μόνον
255 4291 291 4353 είς
306 4285 439 4367 σωτηρίαν
456 4285 548 4364 ἁπάσῃ
560 4290 593 4362 τῇ
609 4288 713 4367 ἀνθρω-
770 4285 854 4355 suere,
862 4285 930 4345 etad
938 4284 1084 4344 adventurn
1092 4301 1239 4366 preparata
1247 4287 1329 4345 fuisse
1340 4291 1479 4350 novimus:
1491 4308 1517 4352 et

59 4368 219 4447 τροκείμκνον
233 4369 260 4437 ἐξ
272 4370 377 4448 ἀργῆς,
391 4366 536 4446 καθαπερεί
550 4366 602 4445 πρδ
612 4369 714 4446 όρθαλ-
769 4364 821 4423 hoc
836 4388 920 4425 unum
934 4365 970 4423 ab
983 4365 1062 4423 initio
1076 4364 1111 4423 ad
1133 4367 1246 4425 salutem
1271 4367 1321 4426 toti
1336 4368 1456 4429 humano
1467 4393 1516 4451 ge·

59 4446 207 4526 ιΧριστδν
233 4446 283 4507 hri
317 4434 431 4506 ’πάντων
459 4451 577 4516 τυθῆναι.
608 4447 713 4525 uticii
770 4445 826 4503 neri
839 4445 1007 4527 propositum
1027 4444 1206 4523 fuissequasi
1230 4460 1292 4504 aute
1313 4449 1405 4507 oeulos
1421 4471 1517 4533 nempe

59 4551 81 4586 ιν
99 4525 247 4605 Ἐκκλησία
263 4472 311 4598 τίν
331 4526 464 4608 σωτηρίαν
486 4525 584 4595 ταύτην
599 4527 712 4586 ἐπιστά-
769 4525 908 4584 Christum
945 4546 974 4583 ru
985 4524 1111 4583 omuibus
1127 4525 1272 4584 immolari.
1288 4526 1364 4587 hiano
1378 4550 1458 4609 porro
1473 4552 1516 4590 sa·

59 4606 85 4664 σί
106 4606 207 4678 υηδένα
218 4612 266 4677 τῆς
286 4609 427 4677 καθολικῆς
445 4604 539 4673 ἔξωθεν
550 4605 712 4678 ’ίίκκλησίας
768 4604 910 4665 lutcmuni
924 4546 1051 4663 iiccicsite
1067 4626 1125 4662 com
1147 4619 1217 4664 ctcre
1235 4606 1344 4681 scimus,
1367 4610 1515 4669 nemiuem-

59 4666 118 4751 τεοίς
134 4685 254 4766 μετέχειν
272 4688 387 4767 Χριστοῦ
403 4686 556 4764 δυνάμενον,
572 4684 639 4764 μηδὲ
653 4683 710 4744 σώ-
766 4705 819 4760 quc
832 4699 908 4743 extra
921 4684 1071 4743 Ecclesiam
1081 4698 1108 4742 ct
1120 4627 1202 4742 iidem
1212 4686 1376 4746 catholicam
1384 4710 1462 4769 posse
1472 4692 1516 4751 vel

59 4767 103 4824 ίαί
116 4771 201 4824 ταῦτα
221 4768 333 4840 εἰδότες,
354 4764 415 4826 οὖδί
428 4770 520 4831 ἐντοῖς
535 4765 604 4825 κατὰ
617 4766 709 4842 νόμον,
767 4764 867 4823 Christi
882 4764 924 4824 rel
937 4763 1031 4823 saturis
1042 4784 1098 4823 esse
1113 4764 1279 4824 Consortem.
1291 4766 1356 4826 Htec
1368 4788 1431 4826 eum
1445 4768 1515 4827 scia-

68 4847 177 4927 Χριστῷ
195 4846 245 4918 τὴν
259 4846 374 4912 άπαντος
394 4853 440 4906 τοῦ
462 4844 562 4923 κόσμου
576 4844 709 4926 σωτηρίαν
764 4865 837 4922 mus,
850 4864 904 4904 nou
919 4844 946 4902 in
963 4843 1108 4922 legalibus,
1118 4843 1165 4902 scd
1176 4844 1204 4904 in
1216 4844 1323 4905 Christo
1338 4847 1457 4906 universi
1471 4869 1514 4907 or-

809 4966 825 5007 0

68 5056 100 5111 τῷ
111 5066 136 5109 7¹
148 5043 251 5109 conjicit
261 5043 352 5110 Sosii]
746 5054 820 5110 μοῦσα
830 5052 860 5104 είς
869 5051 944 5106 πίνει,
954 5042 1000 5093 uisi
1008 5043 1041 5092 sit
1050 5040 1170 5093 mendum
1179 5045 1360 5110 imperitissimi
1371 5046 1512 5110 scriptoris,

59 5131 105 5170 tur
117 5120 248 5188 legendum
262 5139 318 5171 curn
331 5120 426 5172 Sariiio
443 5128 483 5175 τοῦ
494 5132 604 5194 παρόντος
614 5133 697 5193 χρόνον
746 5121 814 5190 apud
832 5140 907 5190 quem
927 5120 1018 5189 legitur
1030 5120 1105 5188 punio
1120 5133 1179 5188 post
1193 5132 1314 5193 ράσκαντος
1329 5139 1376 5188 pro
1388 5132 1510 5196 ρκ’σκαυσα.

58 5200 162 5266 ihdini.
170 5200 284 5268 Etpauio
293 5176 696 5272 postcumssemimpzioiirr·
745 5204 755 5268 ί
766 5203 823 5253 imo
834 5216 881 5268 pro
892 5207 968 5269 τεμὼν
978 5208 1005 5254 ri
1016 5197 1063 5268 leg.
1078 5195 1178 5252 ridetur
1188 5199 1319 5269 repertun]
