3750 5940
346 415 381 464 ιιι
406 415 607 480 rnrsoueu,
635 417 680 465 er
705 416 739 464 m
765 417 1014 482 rnourrronnu,
1043 417 1121 466 erc.
1431 394 1497 493 931
1569 443 1578 451 -
1635 488 1640 493 ι

58 545 136 607 πίνειν
147 547 238 620 (τοῦτο
248 542 299 625 γάρ
312 534 371 619 ἦν),
382 547 409 604 ίν
422 547 508 623 καιρῷ
517 549 560 604 τοῦ
574 544 701 627 ποτηρίου
718 549 737 597 Β
756 544 828 604 calix
837 543 939 620 aderat,
951 559 979 605 at
989 545 1032 606 illi
1042 544 1135 605 calicis
1148 544 1289 625 tempores
1323 557 1402 604 erunt
1413 567 1420 601 t
1432 543 1502 604 latro

62 622 242 703 καλθλῃστὴς
261 621 381 705 ἥρπασεν
394 627 424 683 ἐκ
439 621 526 704 χειρὸς
547 629 600 683 τῶν
621 623 701 684 Ζεόε-
756 638 846 683 autem
856 644 891 684 ex
914 625 1129 687 manullliorurn
1142 622 1263 683 Zebedaei
1320 624 1388 684 icem
1400 623 1500 683 saluta·

64 710 109 765 τοῦ
130 703 260 784 σωτηρίου
287 702 422 783 ποτήριον,
446 701 543 781 λέγων·
568 703 702 782 Ποτήριον
756 704 794 762 ris
805 704 905 784 rapuit,
921 704 1033 764 dicens:
1052 705 1181 764 Calicem
1193 704 1333 763 salutaris
1342 707 1497 783 accipiam,
1511 716 1578 761 esar.
1601 716 1655 764 nt.

58 783 211 863 νλήψσμαι,
229 781 275 840 καὶ
289 781 320 841 τό
336 782 419 860 ὄνομα
433 781 530 861 Κυρίου
550 782 704 843 ίπικαλίσο-
757 796 785 841 et
802 804 908 843 nornen
920 785 1052 843 Domini
1066 785 1216 842 invocabo.
1239 784 1369 855 Thomas,
1397 783 1500 842 incom-
1510 779 1534 836 l·

58 875 109 942 μᾶς
123 869 137 922 θ
150 868 197 921 τοῦ
210 863 398 934 άκαταλήπτου
412 861 555 940 μυστηρίου
569 861 704 942 περίεργος
759 862 946 943 prehensibilis
957 863 1080 943 mysterii
1092 862 1214 922 curiosus
1233 861 1386 940 indagator,
1401 862 1500 921 condi-

61 969 89 1018 ς,
102 942 200 1022 ἔφασκε
219 949 273 1008 τοῖς
295 947 496 1019 συμμαθηταῖς·
515 938 635 1019 Ἄγωμεν
660 941 705 1000 καί
759 941 870 1022 scipulis
893 942 1017 1002 dicebat:
1031 945 1145 1002 Eamus
1167 955 1194 1001 et
1218 963 1281 1013 nos,
1296 954 1328 1000 ut
1340 947 1502 1000 moriamur
1511 958 1583 1001 roas.
1601 969 1637 1002 rr.

58 1029 90 1082 να
110 1022 283 1098 ἀποθάνωμεν
304 1020 349 1081 σθν
372 1024 459 1100 αὐτῷ·
479 1019 525 1079 καὶ
546 1021 608 1079 libs
627 1021 705 1081 αὐτόν
759 1042 825 1080 cum
838 1023 905 1090 ι’ίὶο,·
920 1035 946 1080 et
966 1043 1029 1080 cum
1045 1022 1125 1080 illum
1139 1021 1301 1085 crucifixum
1322 1020 1403 1093 vidit,
1420 1022 1501 1080 aulu-
1515 1019 1550 1064 ¹⁶·

57 1124 126 1162 ιινον
138 1099 226 1182 ἔφυγε.
241 1097 440 1180 Σταυρούμενσν
454 1099 565 1201 βλίπεε,
579 1099 624 1160 καὶ
638 1101 705 1200 ρεύ-
759 1101 808 1180 git.
824 1102 994 1160 Crucifixum
1008 1101 1095 1172 ridet,
1110 1115 1136 1160 et
1148 1101 1232 1177 fugin
1245 1103 1404 1160 suscitatum
1418 1099 1502 1168 videt,

57 1182 176 1256 ιτάμενον
192 1179 301 1258 βλίπιι,
317 1179 362 1238 καὶ
386 1181 501 1247 διστάζει
522 1180 620 1258 λέγων·
651 1179 706 1240 Εθν
759 1194 786 1239 et
797 1180 916 1251 dubitat,
930 1180 1044 1239 dicens:
1063 1183 1131 1240 Nisi
1145 1184 1249 1239 misero
1269 1183 1392 1261 digitum
1407 1201 1502 1240 meum
1513 1193 1581 1236 toan.
1594 1204 1633 1236 σο.

57 1259 130 1319 »τόν
145 1260 272 1318 δάκτυλόν
311 1259 445 1325 ουιίςτὸν
459 1258 539 1318 τύπον
553 1262 606 1317 τῶν
621 1259 705 1332 ἥλων,
760 1265 792 1318 in
797 1261 933 1341 fixuram
946 1261 1108 1331 clavorum,
1119 1272 1147 1317 et
1160 1280 1280 1318 manum
1294 1283 1386 1318 meam
1406 1265 1437 1318 in
1458 1254 1552 1318 let-²⁵·

57 1338 132 1420 χεῖρά
152 1363 202 1418 μου
219 1343 254 1405 εἷς
273 1284 321 1411 τλν
333 1339 399 1396 πλευ
418 1337 448 1395 hu
460 1342 552 1406 αὐτοῦ,
567 1341 595 1397 ού
607 1338 646 1415 μὴ
661 1363 707 1397 ττι·
761 1353 806 1398 tus
823 1343 895 1421 ejus,
924 1361 983 1398 non
998 1341 1124 1399 credam.
1153 1339 1334 1418 Athenignus
1359 1342 1441 1414 Deus,
1456 1338 1503 1417 qui

60 1417 156 1477 Ἀλλ’θ
170 1419 352 1498 φιλάνθρωπος
365 1420 447 1490 Θεος,
461 1421 475 1476 ό
489 1419 522 1475 δι’
537 1415 563 1474 ἓν
576 1417 708 1496 πρόδοτον
761 1433 871 1499 propter
893 1441 974 1477 unam
996 1440 1075 1478 orem
1115 1417 1229 1477 rolcctus
1254 1432 1304 1493 est,
1328 1419 1398 1477 hanc
1422 1439 1503 1477 unam

57 1497 135 1569 ιθὼς,
158 1503 204 1556 τοῦ
223 1497 279 1563 ἑνός
298 1496 431 1597 προύάτου
452 1500 481 1556 οὐ
499 1519 582 1576 κατερ
600 1496 840 1572 όνησενημοιίιο
852 1519 904 1557 non
919 1497 1044 1576 negligit;
1059 1441 1112 1557 sei
1120 1498 1195 1556 illam
1206 1497 1325 1556 humeris
1339 1497 1465 1576 imponit,
1479 1511 1505 1555 et

57 1600 88 1636 ιει
109 1577 172 1635 αιἰτθ
186 1577 229 1636 ἐπὶ
242 1581 296 1634 τῶν
309 1600 399 1652 ωμων,
416 1575 462 1635 καί
480 1599 560 1655 φησι·
574 1520 647 1656 θέρε
662 1576 709 1652 τὴν
726 1589 745 1635 Α
761 1578 816 1636 ait:
827 1580 912 1661 Inser
923 1600 1043 1636 manum
1060 1591 1140 1636 tuam
1159 1580 1226 1648 huc,
1243 1591 1270 1635 ct
1283 1581 1365 1636 mitte
1380 1582 1412 1634 in
1427 1578 1505 1636 lotus

57 1681 75 1715 υ
89 1646 156 1728 ebbe,
172 1656 218 1714 καί
240 1656 305 1734 βάλε
319 1659 355 1721 εἰς
368 1655 416 1726 τὴν
430 1656 546 1734 πλευράν
561 1679 622 1732 μου.
641 1656 711 1735 Λόγ-
763 1656 1006 1717 meumLanream
1015 1657 1110 1716 militis
1123 1656 1249 1731 sustinui,
1258 1670 1284 1715 et
1296 1656 1505 1736 dexteramapo·

56 1739 189 1805 ιτιωτικῆς
204 1737 366 1814 ἠνεσχόμην,
382 1735 427 1793 καί
441 1734 524 1802 δεξιᾶς
536 1739 712 1807 ἀποστολικῆς
762 1736 883 1801 stolicam
895 1759 946 1796 nou
955 1738 1058 1795 leram?
1067 1736 1131 1807 Sed,
1141 1737 1373 1796 obonorumlatro
1383 1749 1506 1816 etraptor

56 1816 139 1892 ξομαις
159 1815 228 1874 Ἀλλ’
245 1803 267 1872 ὦ
282 1819 335 1872 τῶν
360 1817 447 1873 καλῶν
468 1813 555 1893 λῃστά
578 1816 661 1894 (πρὸς
681 1815 711 1875 σθ
763 1821 800 1889 (te
814 1817 886 1876 enim
908 1817 1051 1895 alloquor),
1066 1817 1150 1876 iurari
1169 1815 1300 1887 didicisti,
1324 1814 1433 1875 credere
1453 1837 1506 1874 uon

61 1895 194 1972 όλόγος),
217 1892 355 1974 λῃστεύειν
371 1891 484 1971 ίμαθες,
508 1892 641 1953 πιστεύειν
663 1898 711 1954 ούκ
763 1894 882 1955 didicisti
898 1920 905 1952 r
922 1917 973 1955 non
986 1892 1062 1955 feristi
1073 1895 1233 1977 discipulus,
1244 1894 1415 1973 ecquomodo
1427 1897 1509 1952 Crea-

56 1997 90 2046 γς·
104 1978 134 2033 οὐ
145 1974 251 2052 γέγονας
266 1973 403 2050 μαθητὴς,
418 1973 462 2032 καί
482 1975 538 2040 πῶς
553 1974 711 2054 δημιουργόν
763 1988 848 2035 torem
862 1997 941 2035 vocas
964 1975 1077 2035 dicendo
1092 1999 1098 2032 :
1114 1978 1250 2045 Domine,
1275 1988 1420 2033 mernento
1440 1979 1507 2044 mei,

57 2052 137 2132 ίγων·
162 2052 259 2131 Κύριε,
283 2052 414 2129 μνήσθητί
429 2076 494 2130 μου,
510 2050 571 2109 όταν
586 2052 663 2132 ἔλθῃς
683 2057 710 2112 ἐν
763 2076 830 2115 cum
843 2061 961 2115 τιειιειὶε
975 2061 1006 2113 in
1027 2077 1148 2135 regnum
1171 2062 1274 2114 tuurn?
1288 2056 1369 2112 Recte
1383 2054 1509 2132 loquutus

56 2133 176 2213 λείασου;
194 2133 289 2198 Καλῶς
303 2131 450 2204 ίλιθησας,
464 2130 576 2197 εθσεύῶς
589 2132 710 2192 ἔπίστευ·
764 2155 800 2201 τε,
815 2135 859 2225 pie
870 2133 1019 2194 credidisti.
1037 2136 1105 2194 Cum
1120 2134 1240 2216 periculo
1261 2155 1330 2215 sape
1344 2133 1449 2192 l'nratus
1472 2154 1509 2207 es,

56 2211 213 2278 πικινδύνως
247 2211 375 2278 πολλάκις
402 2210 547 2284 ἐσύλησας,
578 2212 711 2272 πλουσίων
764 2213 884 2274 divitum
898 2215 1057 2294 plerumque
1076 2214 1214 2273 thesauros
1229 2213 1368 2294 aperuisti,
1383 2226 1409 2271 et
1428 2211 1509 2271 talem

56 2289 181 2363 ςύμοιξας
192 2291 351 2390 θησαυροὺς,
365 2290 410 2349 καὶ
419 2298 535 2350 τοιοῦτον
545 2292 711 2370 μαργαρίτην
764 2314 901 2372 nunquam
920 2294 1094 2373 margaritam
1115 2293 1253 2368 invenisti,
1276 2293 1365 2371 qualis
1385 2291 1510 2351 Christus

56 2395 71 2438 ,ς
80 2373 116 2436 ὡς
129 2371 173 2429 τὸν
185 2372 309 2451 Χριστόν.
321 2370 476 2436 Ἀπόστολος
486 2374 515 2429 οὐ
528 2371 650 2448 γέγονας,
664 2374 712 2430 οὐκ
764 2388 828 2432 erat.
837 2375 982 2454 Apostolus
993 2395 1044 2433 non
1057 2373 1142 2444 luisti,
1153 2395 1206 2432 non
1216 2372 1317 2431 audisti
1329 2371 1508 2450 legislatorem

73 2455 119 2510 τοῦ
142 2450 282 2528 νομοθέτου
297 2448 432 2528 λέγοντος,
454 2450 548 2529 ὄψεσθε
570 2449 616 2522 τὴν
643 2451 711 2523 ζωὴν
763 2451 897 2512 dicentem
914 2477 921 2508 :
937 2452 1077 2514 Videbitis
1091 2453 1177 2513 vitam
1198 2466 1316 2510 vestram
1328 2451 1506 2540 pendentem3
1520 2462 1588 2505 ocur.
1606 2463 1644 2508 stt.

56 2528 205 2608 ἒμαμάνην·
222 2528 266 2588 καὶ
277 2533 334 2596 πῶς
348 2527 400 2587 ἀπὸ
415 2528 491 2598 ξύλου
505 2527 649 2608 ἐτρύγησας
663 2531 711 2603 τὴν
763 2546 788 2590 et
800 2532 937 2610 quomodo
951 2554 984 2590 ex
994 2532 1068 2611 ligno
1084 2532 1167 2592 vitam
1186 2532 1341 2612 excerpsisti
1356 2531 1369 2588 ?
1385 2532 1445 2589 Non
1462 2523 1557 2588 cru-⁶⁶·

56 2610 104 2669 >tx
126 2609 240 2679 ἤκουσας
251 2607 362 2667 Ἡσαΐου
382 2606 515 2688 λίγσντος·
539 2613 577 2688 τῷ
626 2608 711 2670 ύλωπι
763 2610 830 2669 disti
846 2611 943 2670 lsaiam
954 2611 1103 2670 dicentem:
1118 2612 1216 2669 lsirore
1227 2609 1359 2690 passionis
1375 2608 1578 2689 ejus,bo-1n=i.
1592 2618 1658 2667 trs.

55 2710 93 2755 ιυς
110 2691 187 2747 αὐτοῦ
200 2687 234 2746 τὰ
248 2693 300 2746 τῶν
321 2685 466 2767 ἀνθρώπων
487 2687 559 2758 πάθη
603 2714 622 2760 ,ν
640 2690 710 2748 ίασιν
763 2691 945 2750 πλουτείτω
961 2689 1092 2750 medelam
1107 2690 1264 2769 accipiunt;
1278 2703 1304 2747 et
1317 2687 1451 2766 quomodo
1462 2690 1508 2746 vi-

55 2766 117 2827 ·καλ
134 2770 190 2835 πῶς
203 2767 312 2826 πάθεσιν
330 2759 401 2847 εύρες
420 2766 586 2844 ίαμαςΝαί,
602 2768 744 2847 partiris
764 2769 807 2828 tiis
823 2770 955 2838 medelam
978 2769 1124 2829 invenisti?
1141 2767 1244 2840 Etiam,
1261 2767 1349 2845 inquit
1370 2767 1449 2841 latro,
1466 2788 1510 2825 or·

75 2846 166 2926 βλίπω
190 2846 238 2920 τὴν
261 2845 346 2905 κτίσιν
373 2855 462 2905 πᾶσαν
486 2844 643 2922 δινουμένην
665 2848 710 2907 καί
762 2848 824 2907 bem
852 2862 939 2907 totum
962 2849 1043 2907 rideo
1062 2868 1221 2908 concussum
1247 2860 1273 2905 et
1294 2860 1461 2914 trementem,
1484 2860 1510 2906 et

55 2950 97 2996 αν,
110 2926 212 2985 καίτοι
227 2926 270 2985 lrrl
282 2931 327 2986 τοῦ
341 2923 416 2993 ξύλου
430 2948 446 2982 κ
465 2925 594 3002 εμάμενον
609 2926 711 2986 Δισιιύ-
762 2928 838 3005 orbis
852 2929 1000 2988 Dominum
1015 2928 1042 2987 in
1055 2928 1129 3007 ligno
1142 2925 1300 3007 pendentem
1313 2946 1436 3004 agnosco.
1448 2926 1508 2986 Nisi

55 3006 117 3087 ρίζω
131 3011 178 3077 τῆς
191 3006 310 3072 κτίσεως.
326 3007 360 3065 Εἰ
374 3003 412 3082 μὴ
426 2947 478 3084 γάρ
492 2994 524 3076 ἦν
541 2994 614 3072 ούτος
627 3030 708 3079 ποιη-
761 3007 833 3067 enim
848 3007 893 3066 hic
906 3009 1096 3068 universorum
1106 3008 1217 3066 Creator
1228 3019 1307 3082 esset,
1323 3005 1362 3064 sol
1376 3005 1456 3064 illum
1468 3006 1509 3064 ri·

64 3083 141 3156 όλων,
156 3091 169 3145 ό
183 3085 256 3157 ἥλιος
270 3087 317 3143 οὐκ
332 3083 362 3142 ἃν
384 3083 490 3162 βλέπων
505 3083 581 3142 αὐτὸν
596 3085 710 3165 γυμνού-
761 3085 828 3147 dens
837 3087 952 3157 nudum,
963 3108 997 3146 ex
1011 3086 1156 3146 reverentia
1170 3106 1222 3144 nou
1242 3085 1403 3143 occultasset
1418 3084 1509 3144 radios

56 3163 188 3242 ἰθούμενος
200 3163 247 3230 τὰς
260 3164 357 3228 οἰκείας
371 3167 478 3231 ἀκτῖνας
496 3163 649 3243 ἀπέκρυψε,
664 3165 709 3224 καί
762 3187 824 3225 suos
839 3187 886 3225 nec
897 3167 947 3226 Dei
963 3165 1087 3225 inimicos
1097 3165 1304 3225 obtenebrasset.
1315 3163 1374 3223 Nisi
1388 3177 1454 3223 esset
1464 3164 1510 3223 bic

54 3244 162 3324 »μάγους
183 3245 325 3304 θσκότισεν.
340 3245 374 3302 El
395 3241 432 3343 μὴ
456 3234 488 3315 ἦν
510 3233 584 3309 οὗτος
597 3244 710 3316 ποιητὴς
763 3245 893 3305 Conditor
908 3246 965 3306 caeli
981 3259 1005 3304 et
1030 3259 1118 3322 terrae,
1134 3244 1241 3317 calum,
1255 3244 1304 3302 uhi
1326 3244 1417 3324 ipsum
1437 3243 1509 3303 vidit

70 3324 115 3382 καὶ
134 3328 198 3402 γῆς,
223 3327 269 3383 οὐκ
297 3322 327 3380 ἂν
356 3325 460 3400 βλεπων
483 3321 560 3381 αὐτὸν
576 3328 589 3381 ό
604 3324 711 3402 οὐρανὸς
762 3326 935 3396 ιιιιοιίιιιιιιι,
963 3325 1085 3384 tenebras
1109 3339 1138 3384 ut
1166 3344 1272 3382 saccum
1294 3344 1346 3382 non
1365 3323 1506 3382 induisset.

54 3425 141 3487 μενον,
155 3405 185 3463 τὸ
199 3403 289 3467 σκότος
302 3405 338 3468 ὡς
351 3403 450 3461 σάκκον
462 3401 659 3480 περιεύάλλετο.
676 3405 710 3462 Εἰ
762 3404 821 3463 Nisi
840 3418 907 3463 esset
926 3404 972 3463 bic
985 3405 1118 3464 universas
1139 3417 1216 3462 terra
1238 3404 1382 3475 Dominus,
1394 3424 1447 3461 non
1460 3403 1508 3463 illa

54 3506 103 3549 ντσς
116 3482 253 3555 Δεσπότης
268 3479 356 3551 πάσης
368 3485 416 3552 τῆς
435 3485 500 3558 γῆς,
514 3483 561 3540 οὐκ
576 3481 605 3539 ἂν
618 3486 648 3540 ἐκ
662 3487 711 3554 τῆς
761 3485 921 3561 sanguinem
935 3506 969 3544 ex
980 3484 1062 3544 latere
1075 3485 1134 3564 ejus
1143 3483 1290 3563 excipiens,
1301 3503 1316 3541 a
1327 3482 1509 3542 fundamentis

72 3565 149 3620 αὐτοῦ
174 3561 300 3636 δεξαμένη
315 3561 345 3618 τὸ
361 3552 445 3637 αἷμα,
465 3563 496 3619 la
511 3565 562 3618 τῶν
581 3560 708 3638 θεμελίων
762 3577 894 3622 commota
906 3563 1009 3624 luisset.
1020 3564 1077 3623 Nisi
1094 3577 1161 3623 esset
1171 3562 1217 3620 bic.
1231 3563 1326 3621 mortis
1338 3576 1364 3620 et
1379 3562 1442 3620 vitae
1452 3564 1509 3621 Do-

54 3666 74 3712 γ.
88 3643 121 3699 Εἰ
133 3640 169 3717 μὴ
182 3631 213 3710 ἦν
226 3632 299 3708 ούτος
310 3643 378 3710 ζωῆς
387 3640 432 3697 καὶ
443 3640 555 3699 θανάτου
564 3641 711 3712 Δεσπότης,
762 3629 861 3718 minns,
873 3664 945 3702 mors
954 3644 989 3702 ad
999 3644 1077 3703 illum
1088 3643 1217 3702 accedens
1231 3659 1283 3700 non
1297 3656 1430 3721 prostrata
1441 3642 1509 3701 luis-

54 3720 223 3800 τροσεγγίζων
245 3722 314 3779 αὐτῶ
327 3722 340 3777 θ
355 3718 464 3784 θάνατος
481 3720 649 3791 κατεύλήθη,
665 3721 710 3779 καί
761 3736 810 3794 set,
835 3744 883 3781 nee
903 3737 1076 3782 monumenta
1101 3737 1253 3781 sanctorum
1269 3735 1360 3800 aperta
1383 3721 1506 3780 luissent.

54 3798 131 3875 ἱγίων
151 3800 277 3876 μνήματα
294 3779 474 3878 άνειίιχθησαν.
492 3801 526 3857 Εἰ
539 3799 576 3876 μὴ
591 3791 623 3871 ἦν
636 3790 710 3867 οὗτος
761 3801 820 3859 Nisi
830 3803 1051 3883 essethietempli
1067 3802 1210 3875 Dominus,
1222 3801 1365 3879 templum,
1378 3799 1424 3857 ubi
1438 3800 1508 3858 vidit

54 3886 91 3938 οῦ
103 3885 181 3950 ναοῦ,
197 3883 243 3938 ούκ
255 3878 287 3936 ἂν
303 3859 409 3956 βλίπων
430 3878 508 3938 αὐτὸν
525 3879 612 3946 ivah<
627 3901 707 3936 σταυ·
724 3895 743 3943 c
762 3880 839 3938 illum
855 3881 1029 3955 crucifixum,
1045 3901 1098 3939 non
1107 3880 1198 3939 velum
1212 3898 1293 3936 snum
1304 3876 1434 3937 scidisset.
1448 3879 1508 3938 Nisi

54 3958 217 4032 ι,τὸοίκεῐον
227 3958 421 4036 καταπέτασμα
434 3957 610 4038 περιέσχισεν.
624 3960 657 4016 Εἰ
671 3957 708 4034 μὴ
761 3958 806 4018 hic
827 3973 895 4018 esset
916 3960 948 4034 is,
968 3961 1016 4038 qui
1037 3980 1091 4018 non
1111 3958 1173 4017 vult
1198 3972 1311 4016 mortem
1325 3970 1506 4037 peccatorum,

54 4043 78 4097 ’θ
88 4038 124 4115 μὴ
138 4037 294 4116 βουλόμενος
303 4038 347 4095 τὸν
355 4038 465 4096 θάνατον
476 4027 709 4117 τῶνάμαρτωλῶν,
762 4058 814 4096 non
827 4059 935 4097 eausam
948 4051 1120 4119 peccatorum
1134 4037 1269 4118 precando
1282 4035 1380 4114 egisset
1397 4035 1506 4096 dicens:

59 4118 232 4197 ίπρίσύευσεν
254 4116 320 4196 ὑπὲρ
340 4121 392 4175 τῶν
418 4117 583 4197 ἁμαρτωλῶν
611 4115 709 4194 λέγων·
762 4120 862 4192 Pater,
877 4120 993 4177 dimitte
1006 4119 1149 4186 iliis;rton
1162 4120 1351 4175 enim'sct'nnt
1365 4118 1438 4196 quid
1459 4119 1658 4193 ser-tiemo.

62 4198 126 4278 άρες
141 4199 239 4263 αὐτοῖς·
263 4200 292 4255 οθ
310 4196 361 4275 γάρ
380 4197 466 4256 οἰδασι
487 4195 515 4255 τί
533 4201 661 4255 ποιοῦσιν.
675 4194 709 4256 Ὁ
761 4201 853 4255 ciunt.
872 4197 960 4276 Hujus
982 4199 1081 4290 quippe
1096 4218 1167 4255 mors
1180 4195 1270 4254 omnia
1286 4195 1435 4254 constituit.
1449 4187 1507 4255 De-

53 4301 99 4336 σω
125 4276 234 4343 θάνατος
257 4277 345 4335 πάντα
369 4275 520 4349 συνέστησε.
546 4275 711 4356 Κατίρχεται
762 4276 949 4336 scenditenim
971 4277 1006 4336 ad
1027 4278 1134 4347 inferos,
1158 4289 1184 4335 et
1198 4297 1261 4333 cnm
1283 4274 1409 4333 omnihus
1430 4275 1509 4335 istinc

65 4357 110 4414 τθν
123 4358 199 4436 ᾅδην,
219 4355 264 4414 καὶ
285 4354 352 4433 μετά
366 4355 472 4413 πάντων
489 4355 638 4436 ἀνέρχεται.
658 4355 710 4414 ort
762 4356 890 4415 ascendit.
909 4355 1014 4415 ldrirco
1035 4357 1158 4415 exclamo
1174 4378 1180 4411 τ
1198 4357 1335 4425 Domine,
1366 4369 1508 4414 memento

53 4437 119 4515 ράζω
133 4435 234 4515 λέγων·
255 4434 351 4513 Κύριε,
367 4434 498 4510 μνήσθητί
512 4456 571 4511 μου.
591 4437 653 4514 Οὐχ
674 4438 710 4503 ὡς
764 4440 829 4493 mei.
844 4438 903 4495 Non
916 4435 993 4514 qnasi
1004 4457 1111 4495 servum
1129 4454 1205 4513 rogo,
1220 4437 1356 4494 Memento
1372 4435 1434 4509 mei,
1446 4456 1509 4495 cnm

53 4518 207 4593 παρακαλῶ,
230 4514 362 4592 μνήσθητί
383 4539 448 4590 μου,
469 4514 531 4572 όταν
557 4505 585 4572 εύ
606 4537 647 4573 σοι
665 4515 709 4592 γε’·
762 4514 830 4573 θοντο
840 4514 892 4573 tihi
905 4515 1227 4589 lrrerit3scd.Memento
1238 4517 1304 4584 mei,
1316 4533 1382 4572 cum
1392 4521 1509 4575 iteneris

53 4595 128 4665 ἰλλθ,
144 4592 284 4666 Μνήσθητί
299 4617 364 4670 μου,
375 4594 437 4651 όταν
451 4595 528 4672 ίλθῃς
541 4597 568 4652 lv
582 4617 615 4672 τη
633 4596 709 4671 βασι·
763 4599 794 4652 in
817 4616 939 4675 regnum
954 4608 1045 4653 tunm.
1057 4595 1092 4653 Er
1114 4592 1180 4672 qnid
1202 4592 1237 4650 ad
1256 4593 1336 4651 illum
1355 4594 1509 4653 Dominus?

53 4700 66 4730 ι.
82 4675 134 4733 llrrl
145 4673 171 4732 el
181 4673 246 4751 πρὸς
258 4672 335 4731 αύτθν
349 4672 526 4744 όΔεσπότης;
542 4672 624 4751 Ἀμὴν
638 4674 709 4752 λέγω
763 4674 942 4732 Amendico
956 4678 1018 4748 tihi,
1032 4676 1118 4733 hodie
1130 4693 1241 4731 mecum
1250 4677 1306 4731 eris
1317 4677 1349 4730 in
1359 4676 1507 4763 paradiso.

52 4776 127 4834 αερον
147 4756 204 4828 μετ’
220 4758 283 4829 ἐμοῦ
298 4752 344 4832 ίσῃ
359 4755 436 4832 ἐντῷ
449 4754 611 4834 παραδείσῳ.
626 4753 709 4832 Λεγί·
763 4753 861 4812 Dicant
879 4753 921 4812 illi
949 4768 1004 4812 tam
1027 4753 1145 4812 accurati
1168 4752 1337 4829 indagatores
1360 4773 1509 4833 incompre-

53 4835 61 4890 t
75 4838 109 4891 ἀκ
129 4835 193 4898 isne
209 4836 226 4890 λ
259 4831 347 4892 οθίται
356 4836 403 4902 τῆς
415 4833 604 4902 άκαταλήπτου
618 4834 711 4910 γεννή-
763 4832 850 4892 sihilis
861 4831 1050 4911 generationis,
1063 4831 1198 4911 qrromodo
1207 4831 1280 4890 dixit
1292 4831 1399 4905 latroni,
1411 4834 1508 4892 Hodie
1518 4839 1656 4898 lunatas.

53 4856 486 5013 ῶςίλιγετῷολῃστῇ,Σῆμιρον
508 4916 565 4988 μετ’
579 4916 642 4989 ἐμοῦ
662 4911 709 4993 ἔσῃ
765 4933 876 4970 mecum
888 4909 1417 4992 erisinparodisotllocprimumint
1466 4933 1508 4970 re-

52 5015 118 5073 ταρα
135 5016 206 5072 stop.
226 4994 337 5072 Πρῶτον
357 4997 434 5050 τοῦτο
463 4992 710 5071 ἑρμηνευσάτωσαν,
765 4991 1234 5070 trntur,ettuncinenarrabilemejus
1259 5003 1387 5067 artumag
1455 4990 1507 5050 ien-

52 5095 69 5130 ee
87 5073 130 5131 τόν
151 5073 263 5152 ἄρρητον
284 5075 363 5130 αὐτοῦ
388 5070 473 5143 τόκον,
493 5070 522 5129 ὃν
543 5074 712 5153 προφητικῶς
729 5094 748 5140 ι)
765 5085 817 5145 tnr,
832 5091 912 5148 quem
925 5071 1081 5152 prophetice
1093 5070 1204 5149 quidem
1218 5012 1324 5139 ciimat,
1335 5069 1658 5134 cinerario-narsae.

52 5151 85 5222 ἡν
100 5151 191 5230 γενεὰν
210 5153 288 5210 αὐτοῦ
301 5150 339 5219 τίς
356 5150 524 5229 διηγήσεται,
546 5149 587 5209 ὅτι
608 5150 637 5210 nl
654 5173 711 5211 εται
766 5172 831 5209 nem
842 5153 904 5232 ejus
916 5154 982 5233 quis
990 5154 1141 5210 enarrabit
1153 5157 1167 5208 P
1180 5153 1251 5230 quia
1259 5147 1420 5209 tolliturde
1428 5162 1507 5209 terra

52 5236 146 5310 ςγῆςὴ
163 5229 217 5304 ζωὴ
228 5232 319 5305 αὐτούς
333 5230 442 5303 Ταύτην
454 5229 600 5291 θαλάττιαι
620 5173 711 5290 eiren-
767 5233 833 5289 nita
846 5233 910 5311 ejus
933 5229 1099 5291 llanelldem
1111 5230 1204 5289 Patres
1214 5226 1406 5306 dilataverunt,
1418 5228 1506 5289 sicin·
