<?xml version="1.0" encoding="UTF-8"?>
<!DOCTYPE html PUBLIC "-//W3C//DTD XHTML 1.0 Transitional//EN"
    "http://www.w3.org/TR/xhtml1/DTD/xhtml1-transitional.dtd">
<html xmlns="http://www.w3.org/1999/xhtml" xml:lang="en" lang="en">
 <head>
  <title>
</title>
<meta http-equiv="Content-Type" content="text/html;charset=utf-8" />
  <meta name='ocr-system' content='tesseract 3.04.00' />
  <meta name='ocr-capabilities' content='ocr_page ocr_carea ocr_par ocr_line ocrx_word'/>
</head>
<body>
  <div class='ocr_page' id='page_1' title='image "./sanctipatrisnos02chrygoog_0020.png"; bbox 0 0 3750 5940; ppageno 0'>
   <div class='ocr_carea' id='block_1_1' title="bbox 796 430 1672 494">
    <p class='ocr_par' dir='ltr' id='par_1_1' title="bbox 796 430 1672 494">
     <span class='ocr_line' id='line_1_1' title="bbox 796 430 1672 494; baseline 0.002 -18"><span class='ocrx_word' id='word_1_1' title='bbox 796 430 981 478; x_wconf 77' lang='lat' dir='ltr'>onerario.</span> <span class='ocrx_word' id='word_1_2' title='bbox 1636 448 1672 494; x_wconf 71' lang='grc' dir='ltr'>,χ</span> 
     </span>
    </p>
   </div>
   <div class='ocr_carea' id='block_1_2' title="bbox 89 550 1821 1025">
    <p class='ocr_par' dir='ltr' id='par_1_2' title="bbox 89 550 1669 643">
     <span class='ocr_line' id='line_1_2' title="bbox 89 550 1669 643; baseline 0.009 -29"><span class='ocrx_word' id='word_1_3' title='bbox 89 566 170 632; x_wconf 68' lang='lat' dir='ltr'>aaut,</span> <span class='ocrx_word' id='word_1_4' title='bbox 179 553 227 632; x_wconf 91' lang='lat' dir='ltr'>qui</span> <span class='ocrx_word' id='word_1_5' title='bbox 237 565 264 611; x_wconf 87' lang='lat' dir='ltr'>et</span> <span class='ocrx_word' id='word_1_6' title='bbox 276 573 393 612; x_wconf 85' lang='lat' dir='ltr'>numero</span> <span class='ocrx_word' id='word_1_7' title='bbox 405 553 486 634; x_wconf 90' lang='lat' dir='ltr'>louge</span> <span class='ocrx_word' id='word_1_8' title='bbox 499 552 599 634; x_wconf 84' lang='lat' dir='ltr'>plures,</span> <span class='ocrx_word' id='word_1_9' title='bbox 611 566 637 612; x_wconf 93' lang='lat' dir='ltr'>ct</span> <span class='ocrx_word' id='word_1_10' title='bbox 651 551 685 611; x_wconf 92' lang='lat' dir='ltr'>ad</span> <span class='ocrx_word' id='word_1_11' title='bbox 699 551 757 611; x_wconf 80' lang='lat' dir='ltr'>hac</span> <span class='ocrx_word' id='word_1_12' title='bbox 774 550 898 612; x_wconf 83' lang='lat' dir='ltr'>adeunda</span> <span class='ocrx_word' id='word_1_13' title='bbox 912 552 1057 612; x_wconf 85' lang='lat' dir='ltr'>certamina</span> <span class='ocrx_word' id='word_1_14' title='bbox 1069 554 1184 614; x_wconf 79' lang='lat' dir='ltr'><strong>acriores</strong></span> <span class='ocrx_word' id='word_1_15' title='bbox 1196 556 1380 639; x_wconf 75' lang='lat' dir='ltr'><strong>insurgebant,</strong></span> <span class='ocrx_word' id='word_1_16' title='bbox 1393 584 1425 621; x_wconf 90' lang='lat' dir='ltr'>ac</span> <span class='ocrx_word' id='word_1_17' title='bbox 1437 585 1497 643; x_wconf 81' lang='lat' dir='ltr'>qua</span> <span class='ocrx_word' id='word_1_18' title='bbox 1505 565 1630 627; x_wconf 89' lang='lat' dir='ltr'>Christus</span> <span class='ocrx_word' id='word_1_19' title='bbox 1640 583 1669 628; x_wconf 93' lang='lat' dir='ltr'>ut</span> 
     </span>
    </p>

    <p class='ocr_par' dir='ltr' id='par_1_3' title="bbox 91 645 1665 742">
     <span class='ocr_line' id='line_1_3' title="bbox 91 645 1665 742; baseline 0.011 -36"><span class='ocrx_word' id='word_1_20' title='bbox 91 650 166 708; x_wconf 88' lang='lat' dir='ltr'>homo</span> <span class='ocrx_word' id='word_1_21' title='bbox 178 647 316 707; x_wconf 89' lang='lat' dir='ltr'>humilius</span> <span class='ocrx_word' id='word_1_22' title='bbox 328 648 495 728; x_wconf 76' lang='lat' dir='ltr'>loquebatur</span> <span class='ocrx_word' id='word_1_23' title='bbox 505 646 661 727; x_wconf 77' lang='lat' dir='ltr'>detorquere</span> <span class='ocrx_word' id='word_1_24' title='bbox 672 645 804 723; x_wconf 86' lang='lat' dir='ltr'>solebant,</span> <span class='ocrx_word' id='word_1_25' title='bbox 819 659 850 705; x_wconf 92' lang='lat' dir='ltr'>ut</span> <span class='ocrx_word' id='word_1_26' title='bbox 858 647 918 728; x_wconf 88' lang='lat' dir='ltr'>ejus</span> <span class='ocrx_word' id='word_1_27' title='bbox 929 645 1100 708; x_wconf 82' lang='lat' dir='ltr'>divinitatem</span> <span class='ocrx_word' id='word_1_28' title='bbox 1117 649 1278 730; x_wconf 87' lang='lat' dir='ltr'>minuerent,</span> <span class='ocrx_word' id='word_1_29' title='bbox 1288 667 1314 713; x_wconf 88' lang='lat' dir='ltr'>et</span> <span class='ocrx_word' id='word_1_30' title='bbox 1331 654 1410 715; x_wconf 92' lang='lat' dir='ltr'>illum</span> <span class='ocrx_word' id='word_1_31' title='bbox 1424 658 1503 718; x_wconf 89' lang='lat' dir='ltr'>Patre</span> <span class='ocrx_word' id='word_1_32' title='bbox 1517 659 1597 742; x_wconf 91' lang='lat' dir='ltr'>longe</span> <span class='ocrx_word' id='word_1_33' title='bbox 1610 664 1665 723; x_wconf 90' lang='lat' dir='ltr'>mi-</span> 
     </span>
    </p>

    <p class='ocr_par' dir='ltr' id='par_1_4' title="bbox 90 741 1821 1025">
     <span class='ocr_line' id='line_1_4' title="bbox 93 741 1821 831; baseline 0.006 -29"><span class='ocrx_word' id='word_1_34' title='bbox 93 764 177 802; x_wconf 88' lang='lat' dir='ltr'>norem</span> <span class='ocrx_word' id='word_1_35' title='bbox 192 764 251 802; x_wconf 88' lang='lat' dir='ltr'>esse</span> <span class='ocrx_word' id='word_1_36' title='bbox 262 743 423 824; x_wconf 85' lang='lat' dir='ltr'>probarent.</span> <span class='ocrx_word' id='word_1_37' title='bbox 440 744 487 804; x_wconf 90' lang='lat' dir='ltr'>Sic</span> <span class='ocrx_word' id='word_1_38' title='bbox 496 742 616 803; x_wconf 89' lang='lat' dir='ltr'>Homilia</span> <span class='ocrx_word' id='word_1_39' title='bbox 626 743 676 818; x_wconf 77' lang='lat'>50,</span> <span class='ocrx_word' id='word_1_40' title='bbox 691 764 721 823; x_wconf 91' lang='lat' dir='ltr'>p.</span> <span class='ocrx_word' id='word_1_41' title='bbox 733 743 786 800; x_wconf 80' lang='grc'>171</span> <span class='ocrx_word' id='word_1_42' title='bbox 793 785 803 818; x_wconf 87' lang='lat'>,</span> <span class='ocrx_word' id='word_1_43' title='bbox 818 741 891 800; x_wconf 88' lang='lat' dir='ltr'>hunc</span> <span class='ocrx_word' id='word_1_44' title='bbox 901 741 992 801; x_wconf 91' lang='lat' dir='ltr'>locum</span> <span class='ocrx_word' id='word_1_45' title='bbox 1005 766 1012 799; x_wconf 76' lang='grc' dir='ltr'><strong><em>ε</em></strong></span> <span class='ocrx_word' id='word_1_46' title='bbox 1027 744 1087 822; x_wconf 83' lang='lat' dir='ltr'>Qui</span> <span class='ocrx_word' id='word_1_47' title='bbox 1097 745 1135 803; x_wconf 87' lang='lat' dir='ltr'>de</span> <span class='ocrx_word' id='word_1_48' title='bbox 1151 746 1224 805; x_wconf 81' lang='lat' dir='ltr'>cralo</span> <span class='ocrx_word' id='word_1_49' title='bbox 1240 753 1335 824; x_wconf 80' lang='lat' dir='ltr'>venit,</span> <span class='ocrx_word' id='word_1_50' title='bbox 1347 770 1433 831; x_wconf 86' lang='lat' dir='ltr'>super</span> <span class='ocrx_word' id='word_1_51' title='bbox 1445 773 1544 814; x_wconf 88' lang='lat' dir='ltr'>omnes</span> <span class='ocrx_word' id='word_1_52' title='bbox 1555 769 1605 816; x_wconf 88' lang='lat' dir='ltr'>est.</span> <span class='ocrx_word' id='word_1_53' title='bbox 1626 758 1668 817; x_wconf 82' lang='lat' dir='ltr'>Et</span> <span class='ocrx_word' id='word_1_54' title='bbox 1701 765 1766 810; x_wconf 78' lang='lat' dir='ltr'>toan.</span> <span class='ocrx_word' id='word_1_55' title='bbox 1779 767 1821 812; x_wconf 77' lang='lat' dir='ltr'>n·-</span> 
     </span>
     <span class='ocr_line' id='line_1_5' title="bbox 91 830 1820 932; baseline 0.009 -36"><span class='ocrx_word' id='word_1_56' title='bbox 91 839 165 916; x_wconf 81' lang='lat' dir='ltr'>quod</span> <span class='ocrx_word' id='word_1_57' title='bbox 175 839 256 896; x_wconf 82' lang='lat' dir='ltr'>uidit</span> <span class='ocrx_word' id='word_1_58' title='bbox 270 853 302 899; x_wconf 90' lang='lat' dir='ltr'>et</span> <span class='ocrx_word' id='word_1_59' title='bbox 316 841 446 915; x_wconf 81' lang='lat' dir='ltr'>audivit,</span> <span class='ocrx_word' id='word_1_60' title='bbox 461 842 518 900; x_wconf 72' lang='lat' dir='ltr'>icoc</span> <span class='ocrx_word' id='word_1_61' title='bbox 533 838 722 918; x_wconf 63' lang='lat' dir='ltr'>testificatum</span> <span class='ocrx_word' id='word_1_62' title='bbox 737 851 766 896; x_wconf 91' lang='lat' dir='ltr'>et</span> <span class='ocrx_word' id='word_1_63' title='bbox 780 839 976 896; x_wconf 65' lang='lat' dir='ltr'>testemonium</span> <span class='ocrx_word' id='word_1_64' title='bbox 992 841 1055 919; x_wconf 81' lang='lat' dir='ltr'>ejus</span> <span class='ocrx_word' id='word_1_65' title='bbox 1079 860 1162 898; x_wconf 89' lang='lat' dir='ltr'>nemo</span> <span class='ocrx_word' id='word_1_66' title='bbox 1181 846 1287 920; x_wconf 85' lang='lat' dir='ltr'>occipit</span> <span class='ocrx_word' id='word_1_67' title='bbox 1294 869 1306 914; x_wconf 92' lang='lat'><em>;</em></span> <span class='ocrx_word' id='word_1_68' title='bbox 1327 845 1415 924; x_wconf 91' lang='lat' dir='ltr'>hunc,</span> <span class='ocrx_word' id='word_1_69' title='bbox 1436 847 1557 928; x_wconf 89' lang='lat' dir='ltr'>inquam,</span> <span class='ocrx_word' id='word_1_70' title='bbox 1576 851 1666 912; x_wconf 92' lang='lat' dir='ltr'>locum</span> <span class='ocrx_word' id='word_1_71' title='bbox 1676 830 1750 932; x_wconf 45' lang='grc' dir='ltr'>ἕξω</span> <span class='ocrx_word' id='word_1_72' title='bbox 1771 844 1820 874; x_wconf 72' lang='lat'>&#39;“&#39;</span> 
     </span>
     <span class='ocr_line' id='line_1_6' title="bbox 90 923 1712 1025; baseline 0.01 -35"><span class='ocrx_word' id='word_1_73' title='bbox 90 933 298 1010; x_wconf 77' lang='lat' dir='ltr'>contorquebant</span> <span class='ocrx_word' id='word_1_74' title='bbox 311 931 454 1014; x_wconf 69' lang='lat' dir='ltr'>lucifugae,</span> <span class='ocrx_word' id='word_1_75' title='bbox 467 946 497 992; x_wconf 90' lang='lat' dir='ltr'>ut</span> <span class='ocrx_word' id='word_1_76' title='bbox 510 932 589 992; x_wconf 90' lang='lat' dir='ltr'>illum</span> <span class='ocrx_word' id='word_1_77' title='bbox 603 933 682 992; x_wconf 88' lang='lat' dir='ltr'>Patre</span> <span class='ocrx_word' id='word_1_78' title='bbox 699 931 831 992; x_wconf 78' lang='lat' dir='ltr'>minorem</span> <span class='ocrx_word' id='word_1_79' title='bbox 848 952 905 992; x_wconf 86' lang='lat' dir='ltr'>esse</span> <span class='ocrx_word' id='word_1_80' title='bbox 922 949 1073 1012; x_wconf 82' lang='lat' dir='ltr'>arguerent.</span> <span class='ocrx_word' id='word_1_81' title='bbox 1096 936 1201 997; x_wconf 86' lang='lat' dir='ltr'>Verum</span> <span class='ocrx_word' id='word_1_82' title='bbox 1222 937 1280 996; x_wconf 82' lang='lat' dir='ltr'>hec</span> <span class='ocrx_word' id='word_1_83' title='bbox 1301 953 1327 999; x_wconf 91' lang='lat' dir='ltr'>et</span> <span class='ocrx_word' id='word_1_84' title='bbox 1346 942 1447 1002; x_wconf 80' lang='lat' dir='ltr'>similia</span> <span class='ocrx_word' id='word_1_85' title='bbox 1467 943 1551 1021; x_wconf 91' lang='lat' dir='ltr'>dicta,</span> <span class='ocrx_word' id='word_1_86' title='bbox 1575 947 1666 1025; x_wconf 92' lang='lat' dir='ltr'>inquit</span> <span class='ocrx_word' id='word_1_87' title='bbox 1706 923 1712 935; x_wconf 41' lang='grc' dir='ltr'>Ι</span> 
     </span>
    </p>
   </div>
   <div class='ocr_carea' id='block_1_3' title="bbox 91 1025 1818 1116">
    <p class='ocr_par' dir='ltr' id='par_1_5' title="bbox 91 1025 1818 1116">
     <span class='ocr_line' id='line_1_7' title="bbox 91 1025 1818 1116; baseline 0.008 -31"><span class='ocrx_word' id='word_1_88' title='bbox 91 1025 313 1105; x_wconf 80' lang='lat' dir='ltr'>Chrysostomus,</span> <span class='ocrx_word' id='word_1_89' title='bbox 326 1025 454 1086; x_wconf 89' lang='lat' dir='ltr'>Christus</span> <span class='ocrx_word' id='word_1_90' title='bbox 464 1039 495 1085; x_wconf 91' lang='lat' dir='ltr'>ut</span> <span class='ocrx_word' id='word_1_91' title='bbox 506 1026 588 1086; x_wconf 90' lang='lat' dir='ltr'>homo</span> <span class='ocrx_word' id='word_1_92' title='bbox 604 1027 717 1107; x_wconf 81' lang='lat' dir='ltr'>profert,</span> <span class='ocrx_word' id='word_1_93' title='bbox 733 1026 824 1106; x_wconf 86' lang='lat' dir='ltr'>qualia</span> <span class='ocrx_word' id='word_1_94' title='bbox 837 1038 899 1086; x_wconf 89' lang='lat' dir='ltr'>sunt</span> <span class='ocrx_word' id='word_1_95' title='bbox 914 1026 995 1085; x_wconf 60' lang='lat' dir='ltr'>mam</span> <span class='ocrx_word' id='word_1_96' title='bbox 1010 1027 1095 1104; x_wconf 78' lang='lat' dir='ltr'>istac,</span> <span class='ocrx_word' id='word_1_97' title='bbox 1107 1028 1188 1089; x_wconf 87' lang='lat' dir='ltr'>Sicut</span> <span class='ocrx_word' id='word_1_98' title='bbox 1207 1033 1306 1105; x_wconf 85' lang='lat' dir='ltr'>audio,</span> <span class='ocrx_word' id='word_1_99' title='bbox 1319 1036 1437 1113; x_wconf 61' lang='lat' dir='ltr'>judium</span> <span class='ocrx_word' id='word_1_100' title='bbox 1454 1050 1495 1113; x_wconf 91' lang='lat' dir='ltr'>et,</span> <span class='ocrx_word' id='word_1_101' title='bbox 1519 1040 1591 1116; x_wconf 78' lang='lat' dir='ltr'>Quae</span> <span class='ocrx_word' id='word_1_102' title='bbox 1610 1060 1818 1110; x_wconf 61' lang='lat' dir='ltr'>au·10a„,3,31,</span> 
     </span>
    </p>
   </div>
   <div class='ocr_carea' id='block_1_4' title="bbox 78 1121 1817 5279">
    <p class='ocr_par' dir='ltr' id='par_1_6' title="bbox 88 1121 1817 1496">
     <span class='ocr_line' id='line_1_8' title="bbox 90 1121 1714 1212; baseline 0.01 -35"><span class='ocrx_word' id='word_1_103' title='bbox 90 1121 147 1180; x_wconf 85' lang='lat' dir='ltr'>divi</span> <span class='ocrx_word' id='word_1_104' title='bbox 153 1141 173 1179; x_wconf 79' lang='lat' dir='ltr'>a</span> <span class='ocrx_word' id='word_1_105' title='bbox 186 1123 287 1183; x_wconf 81' lang='lat' dir='ltr'>Patre</span> <span class='ocrx_word' id='word_1_106' title='bbox 301 1143 383 1201; x_wconf 87' lang='lat' dir='ltr'>meo,</span> <span class='ocrx_word' id='word_1_107' title='bbox 399 1123 524 1204; x_wconf 85' lang='lat' dir='ltr'>loquor,·</span> <span class='ocrx_word' id='word_1_108' title='bbox 535 1136 560 1181; x_wconf 91' lang='lat' dir='ltr'>et</span> <span class='ocrx_word' id='word_1_109' title='bbox 567 1166 577 1199; x_wconf 88' lang='lat'>,</span> <span class='ocrx_word' id='word_1_110' title='bbox 595 1123 667 1200; x_wconf 83' lang='lat' dir='ltr'>Quoe</span> <span class='ocrx_word' id='word_1_111' title='bbox 680 1124 811 1181; x_wconf 81' lang='lat' dir='ltr'>vidimus</span> <span class='ocrx_word' id='word_1_112' title='bbox 827 1121 982 1202; x_wconf 86' lang='lat' dir='ltr'>loquimur.</span> <span class='ocrx_word' id='word_1_113' title='bbox 997 1123 1068 1181; x_wconf 92' lang='lat' dir='ltr'>Nam</span> <span class='ocrx_word' id='word_1_114' title='bbox 1085 1122 1225 1183; x_wconf 89' lang='lat' dir='ltr'>Christum</span> <span class='ocrx_word' id='word_1_115' title='bbox 1239 1139 1269 1185; x_wconf 85' lang='lat' dir='ltr'>ut</span> <span class='ocrx_word' id='word_1_116' title='bbox 1282 1127 1418 1188; x_wconf 91' lang='lat' dir='ltr'>homiuem</span> <span class='ocrx_word' id='word_1_117' title='bbox 1434 1152 1504 1211; x_wconf 86' lang='lat' dir='ltr'>saepe</span> <span class='ocrx_word' id='word_1_118' title='bbox 1522 1132 1663 1212; x_wconf 91' lang='lat' dir='ltr'>loquutum</span> <span class='ocrx_word' id='word_1_119' title='bbox 1674 1122 1714 1169; x_wconf 80' lang='lat'>³²·</span> 
     </span>
     <span class='ocr_line' id='line_1_9' title="bbox 88 1183 1817 1303; baseline 0.012 -29"><span class='ocrx_word' id='word_1_120' title='bbox 88 1216 339 1277; x_wconf 52' lang='lat' dir='ltr'>&amp;monimum</span> <span class='ocrx_word' id='word_1_121' title='bbox 353 1231 393 1277; x_wconf 93' lang='lat' dir='ltr'>est</span> <span class='ocrx_word' id='word_1_122' title='bbox 400 1241 409 1295; x_wconf 74' lang='lat'><em>3</em></span> <span class='ocrx_word' id='word_1_123' title='bbox 420 1217 568 1298; x_wconf 72' lang='lat' dir='ltr'>sepissime</span> <span class='ocrx_word' id='word_1_124' title='bbox 577 1217 657 1279; x_wconf 90' lang='lat' dir='ltr'>etiam</span> <span class='ocrx_word' id='word_1_125' title='bbox 675 1231 705 1276; x_wconf 90' lang='lat' dir='ltr'>ut</span> <span class='ocrx_word' id='word_1_126' title='bbox 723 1218 811 1276; x_wconf 88' lang='lat' dir='ltr'>Deum</span> <span class='ocrx_word' id='word_1_127' title='bbox 822 1229 848 1276; x_wconf 91' lang='lat' dir='ltr'>et</span> <span class='ocrx_word' id='word_1_128' title='bbox 861 1216 935 1276; x_wconf 88' lang='lat' dir='ltr'>Patri</span> <span class='ocrx_word' id='word_1_129' title='bbox 948 1216 1078 1296; x_wconf 77' lang='lat' dir='ltr'>aqualem</span> <span class='ocrx_word' id='word_1_130' title='bbox 1095 1217 1180 1277; x_wconf 87' lang='lat' dir='ltr'>multa</span> <span class='ocrx_word' id='word_1_131' title='bbox 1199 1219 1304 1280; x_wconf 84' lang='lat' dir='ltr'>dixisse</span> <span class='ocrx_word' id='word_1_132' title='bbox 1318 1242 1371 1281; x_wconf 92' lang='lat' dir='ltr'>non</span> <span class='ocrx_word' id='word_1_133' title='bbox 1391 1223 1481 1283; x_wconf 91' lang='lat' dir='ltr'>minus</span> <span class='ocrx_word' id='word_1_134' title='bbox 1501 1241 1604 1287; x_wconf 85' lang='lat' dir='ltr'>certum</span> <span class='ocrx_word' id='word_1_135' title='bbox 1611 1252 1620 1303; x_wconf 67' lang='grc' dir='ltr'>ς</span> <span class='ocrx_word' id='word_1_136' title='bbox 1635 1244 1664 1289; x_wconf 91' lang='lat' dir='ltr'>ut</span> <span class='ocrx_word' id='word_1_137' title='bbox 1674 1183 1817 1297; x_wconf 45' lang='lat' dir='ltr'>qpaqsqqq.</span> 
     </span>
     <span class='ocr_line' id='line_1_10' title="bbox 89 1310 1781 1394; baseline 0.01 -25"><span class='ocrx_word' id='word_1_138' title='bbox 89 1310 235 1389; x_wconf 87' lang='lat' dir='ltr'>comdicit,</span> <span class='ocrx_word' id='word_1_139' title='bbox 247 1315 318 1394; x_wconf 82' lang='lat' dir='ltr'>Ego</span> <span class='ocrx_word' id='word_1_140' title='bbox 329 1327 360 1372; x_wconf 90' lang='lat' dir='ltr'>et</span> <span class='ocrx_word' id='word_1_141' title='bbox 373 1313 464 1371; x_wconf 78' lang='lat' dir='ltr'>Pater</span> <span class='ocrx_word' id='word_1_142' title='bbox 477 1333 685 1389; x_wconf 85' lang='lat' dir='ltr'>nnumsumus,</span> <span class='ocrx_word' id='word_1_143' title='bbox 701 1326 738 1388; x_wconf 86' lang='lat' dir='ltr'>et,</span> <span class='ocrx_word' id='word_1_144' title='bbox 758 1315 824 1394; x_wconf 83' lang='lat' dir='ltr'>Ego</span> <span class='ocrx_word' id='word_1_145' title='bbox 839 1315 871 1370; x_wconf 87' lang='lat' dir='ltr'>in</span> <span class='ocrx_word' id='word_1_146' title='bbox 889 1313 989 1388; x_wconf 86' lang='lat' dir='ltr'>Patre,</span> <span class='ocrx_word' id='word_1_147' title='bbox 1009 1324 1038 1370; x_wconf 90' lang='lat' dir='ltr'>et</span> <span class='ocrx_word' id='word_1_148' title='bbox 1057 1313 1151 1371; x_wconf 87' lang='lat' dir='ltr'>Pater</span> <span class='ocrx_word' id='word_1_149' title='bbox 1168 1321 1199 1372; x_wconf 88' lang='lat' dir='ltr'>in</span> <span class='ocrx_word' id='word_1_150' title='bbox 1214 1336 1278 1386; x_wconf 87' lang='lat' dir='ltr'>me;</span> <span class='ocrx_word' id='word_1_151' title='bbox 1293 1329 1328 1390; x_wconf 90' lang='lat' dir='ltr'>et,</span> <span class='ocrx_word' id='word_1_152' title='bbox 1347 1319 1386 1377; x_wconf 85' lang='lat' dir='ltr'>Ut</span> <span class='ocrx_word' id='word_1_153' title='bbox 1407 1339 1506 1380; x_wconf 89' lang='lat' dir='ltr'>omnes</span> <span class='ocrx_word' id='word_1_154' title='bbox 1520 1324 1664 1386; x_wconf 76' lang='lat' dir='ltr'>honorent</span> <span class='ocrx_word' id='word_1_155' title='bbox 1674 1318 1696 1353; x_wconf 74' lang='lat'>‘¹</span> <span class='ocrx_word' id='word_1_156' title='bbox 1706 1310 1729 1356; x_wconf 78' lang='lat'>³¹</span> <span class='ocrx_word' id='word_1_157' title='bbox 1745 1324 1781 1356; x_wconf 88' lang='lat'>¹¹·</span> 
     </span>
     <span class='ocr_line' id='line_1_11' title="bbox 88 1407 1664 1496; baseline 0.007 -32"><span class='ocrx_word' id='word_1_158' title='bbox 88 1407 210 1482; x_wconf 81' lang='lat' dir='ltr'>Filium,</span> <span class='ocrx_word' id='word_1_159' title='bbox 230 1412 312 1468; x_wconf 85' lang='lat' dir='ltr'>sicut</span> <span class='ocrx_word' id='word_1_160' title='bbox 330 1411 480 1469; x_wconf 79' lang='lat' dir='ltr'>honorant</span> <span class='ocrx_word' id='word_1_161' title='bbox 492 1409 612 1469; x_wconf 87' lang='lat' dir='ltr'>Patrem</span> <span class='ocrx_word' id='word_1_162' title='bbox 620 1433 633 1478; x_wconf 91' lang='lat'>,·</span> <span class='ocrx_word' id='word_1_163' title='bbox 644 1421 681 1486; x_wconf 90' lang='lat' dir='ltr'>et,</span> <span class='ocrx_word' id='word_1_164' title='bbox 699 1408 781 1470; x_wconf 66' lang='lat' dir='ltr'>&amp;cue</span> <span class='ocrx_word' id='word_1_165' title='bbox 798 1411 880 1468; x_wconf 89' lang='lat' dir='ltr'>novit</span> <span class='ocrx_word' id='word_1_166' title='bbox 893 1429 940 1466; x_wconf 88' lang='lat' dir='ltr'>me</span> <span class='ocrx_word' id='word_1_167' title='bbox 956 1408 1058 1483; x_wconf 86' lang='lat' dir='ltr'>Pater,</span> <span class='ocrx_word' id='word_1_168' title='bbox 1073 1421 1102 1468; x_wconf 89' lang='lat' dir='ltr'>et</span> <span class='ocrx_word' id='word_1_169' title='bbox 1115 1429 1167 1490; x_wconf 91' lang='lat' dir='ltr'>ego</span> <span class='ocrx_word' id='word_1_170' title='bbox 1186 1431 1275 1470; x_wconf 89' lang='lat' dir='ltr'>nosco</span> <span class='ocrx_word' id='word_1_171' title='bbox 1291 1412 1411 1473; x_wconf 86' lang='lat' dir='ltr'>Patrem</span> <span class='ocrx_word' id='word_1_172' title='bbox 1416 1439 1429 1483; x_wconf 89' lang='lat'><em>;</em></span> <span class='ocrx_word' id='word_1_173' title='bbox 1447 1429 1482 1492; x_wconf 87' lang='lat' dir='ltr'>ct,</span> <span class='ocrx_word' id='word_1_174' title='bbox 1501 1418 1560 1496; x_wconf 84' lang='lat' dir='ltr'>Qui</span> <span class='ocrx_word' id='word_1_175' title='bbox 1579 1421 1664 1480; x_wconf 77' lang='lat' dir='ltr'>videt</span> 
     </span>
    </p>

    <p class='ocr_par' dir='ltr' id='par_1_7' title="bbox 88 1503 1663 1593">
     <span class='ocr_line' id='line_1_12' title="bbox 88 1503 1663 1593; baseline 0.006 -34"><span class='ocrx_word' id='word_1_176' title='bbox 88 1520 139 1575; x_wconf 86' lang='lat' dir='ltr'>rue,</span> <span class='ocrx_word' id='word_1_177' title='bbox 152 1503 242 1561; x_wconf 79' lang='lat' dir='ltr'>videt</span> <span class='ocrx_word' id='word_1_178' title='bbox 253 1516 286 1561; x_wconf 91' lang='lat' dir='ltr'>et</span> <span class='ocrx_word' id='word_1_179' title='bbox 296 1505 436 1573; x_wconf 67' lang='lat' dir='ltr'>Patrem</span> <span class='ocrx_word' id='word_1_180' title='bbox 450 1517 492 1580; x_wconf 92' lang='lat' dir='ltr'>et,</span> <span class='ocrx_word' id='word_1_181' title='bbox 505 1503 539 1563; x_wconf 91' lang='lat' dir='ltr'>Si</span> <span class='ocrx_word' id='word_1_182' title='bbox 552 1506 759 1583; x_wconf 74' lang='lat' dir='ltr'>cognovissetis</span> <span class='ocrx_word' id='word_1_183' title='bbox 771 1523 833 1577; x_wconf 87' lang='lat' dir='ltr'>rne,</span> <span class='ocrx_word' id='word_1_184' title='bbox 854 1503 976 1562; x_wconf 81' lang='lat' dir='ltr'>Patrem</span> <span class='ocrx_word' id='word_1_185' title='bbox 997 1523 1091 1562; x_wconf 86' lang='lat' dir='ltr'>meum</span> <span class='ocrx_word' id='word_1_186' title='bbox 1107 1508 1210 1584; x_wconf 85' lang='lat' dir='ltr'>utique</span> <span class='ocrx_word' id='word_1_187' title='bbox 1228 1510 1444 1586; x_wconf 80' lang='lat' dir='ltr'>cognovissetis.</span> <span class='ocrx_word' id='word_1_188' title='bbox 1468 1509 1541 1569; x_wconf 81' lang='lat' dir='ltr'>hlibi</span> <span class='ocrx_word' id='word_1_189' title='bbox 1557 1532 1663 1593; x_wconf 85' lang='lat' dir='ltr'>quoque</span> 
     </span>
    </p>

    <p class='ocr_par' dir='ltr' id='par_1_8' title="bbox 87 1596 746 1678">
     <span class='ocr_line' id='line_1_13' title="bbox 87 1596 746 1678; baseline 0.002 -22"><span class='ocrx_word' id='word_1_190' title='bbox 87 1616 152 1676; x_wconf 76' lang='lat' dir='ltr'>sepe</span> <span class='ocrx_word' id='word_1_191' title='bbox 166 1618 197 1656; x_wconf 87' lang='lat' dir='ltr'>se</span> <span class='ocrx_word' id='word_1_192' title='bbox 208 1611 237 1656; x_wconf 87' lang='lat' dir='ltr'>et</span> <span class='ocrx_word' id='word_1_193' title='bbox 248 1598 328 1658; x_wconf 86' lang='lat' dir='ltr'>Patri</span> <span class='ocrx_word' id='word_1_194' title='bbox 341 1598 472 1678; x_wconf 79' lang='lat' dir='ltr'>equalem</span> <span class='ocrx_word' id='word_1_195' title='bbox 485 1611 512 1657; x_wconf 89' lang='lat' dir='ltr'>et</span> <span class='ocrx_word' id='word_1_196' title='bbox 522 1600 612 1657; x_wconf 89' lang='lat' dir='ltr'>Deum</span> <span class='ocrx_word' id='word_1_197' title='bbox 626 1596 746 1657; x_wconf 79' lang='lat' dir='ltr'>exhibet.</span> 
     </span>
    </p>

    <p class='ocr_par' dir='ltr' id='par_1_9' title="bbox 85 1689 1815 3080">
     <span class='ocr_line' id='line_1_14' title="bbox 121 1689 1815 1773; baseline 0.006 -23"><span class='ocrx_word' id='word_1_198' title='bbox 121 1689 190 1750; x_wconf 91' lang='lat' dir='ltr'>Inde</span> <span class='ocrx_word' id='word_1_199' title='bbox 199 1713 268 1752; x_wconf 79' lang='lat' dir='ltr'>uero</span> <span class='ocrx_word' id='word_1_200' title='bbox 281 1706 340 1753; x_wconf 87' lang='lat' dir='ltr'>erat</span> <span class='ocrx_word' id='word_1_201' title='bbox 349 1692 423 1772; x_wconf 91' lang='lat' dir='ltr'>qnod</span> <span class='ocrx_word' id='word_1_202' title='bbox 436 1691 526 1755; x_wconf 80' lang='lat' dir='ltr'>iudaei</span> <span class='ocrx_word' id='word_1_203' title='bbox 536 1693 614 1752; x_wconf 88' lang='lat' dir='ltr'>illum</span> <span class='ocrx_word' id='word_1_204' title='bbox 626 1707 780 1773; x_wconf 79' lang='lat' dir='ltr'>arguerent,</span> <span class='ocrx_word' id='word_1_205' title='bbox 790 1692 819 1752; x_wconf 94' lang='lat' dir='ltr'>in</span> <span class='ocrx_word' id='word_1_206' title='bbox 829 1692 909 1751; x_wconf 89' lang='lat' dir='ltr'>illum</span> <span class='ocrx_word' id='word_1_207' title='bbox 925 1693 1102 1772; x_wconf 77' lang='lat' dir='ltr'>insurgerent,</span> <span class='ocrx_word' id='word_1_208' title='bbox 1113 1695 1168 1754; x_wconf 92' lang='lat' dir='ltr'>imo</span> <span class='ocrx_word' id='word_1_209' title='bbox 1180 1694 1258 1755; x_wconf 90' lang='lat' dir='ltr'>illum</span> <span class='ocrx_word' id='word_1_210' title='bbox 1270 1696 1391 1756; x_wconf 89' lang='lat' dir='ltr'>occidere</span> <span class='ocrx_word' id='word_1_211' title='bbox 1400 1699 1499 1760; x_wconf 86' lang='lat' dir='ltr'>vellent</span> <span class='ocrx_word' id='word_1_212' title='bbox 1511 1724 1518 1757; x_wconf 75' lang='grc' dir='ltr'><strong>ε</strong></span> <span class='ocrx_word' id='word_1_213' title='bbox 1532 1702 1602 1761; x_wconf 86' lang='lat' dir='ltr'>Non</span> <span class='ocrx_word' id='word_1_214' title='bbox 1613 1723 1659 1763; x_wconf 89' lang='lat' dir='ltr'>so·</span> <span class='ocrx_word' id='word_1_215' title='bbox 1672 1704 1759 1751; x_wconf 74' lang='lat' dir='ltr'>flooss·</span> <span class='ocrx_word' id='word_1_216' title='bbox 1777 1705 1815 1761; x_wconf 81' lang='lat'>³8.</span> 
     </span>
     <span class='ocr_line' id='line_1_15' title="bbox 87 1780 1763 1878; baseline 0.008 -34"><span class='ocrx_word' id='word_1_217' title='bbox 87 1784 143 1844; x_wconf 82' lang='lat' dir='ltr'>laun</span> <span class='ocrx_word' id='word_1_218' title='bbox 156 1792 235 1866; x_wconf 81' lang='lat' dir='ltr'>quia</span> <span class='ocrx_word' id='word_1_219' title='bbox 244 1791 405 1848; x_wconf 70' lang='lat' dir='ltr'>sabbatiani</span> <span class='ocrx_word' id='word_1_220' title='bbox 418 1788 562 1865; x_wconf 82' lang='lat' dir='ltr'>solvebat,</span> <span class='ocrx_word' id='word_1_221' title='bbox 574 1788 627 1848; x_wconf 86' lang='lat' dir='ltr'>sed</span> <span class='ocrx_word' id='word_1_222' title='bbox 637 1801 666 1848; x_wconf 91' lang='lat' dir='ltr'>et</span> <span class='ocrx_word' id='word_1_223' title='bbox 674 1791 746 1869; x_wconf 83' lang='lat' dir='ltr'>quia</span> <span class='ocrx_word' id='word_1_224' title='bbox 764 1789 885 1850; x_wconf 85' lang='lat' dir='ltr'>Patrem</span> <span class='ocrx_word' id='word_1_225' title='bbox 901 1805 987 1847; x_wconf 85' lang='lat' dir='ltr'>suurn</span> <span class='ocrx_word' id='word_1_226' title='bbox 998 1790 1113 1848; x_wconf 80' lang='lat' dir='ltr'>dicebat</span> <span class='ocrx_word' id='word_1_227' title='bbox 1126 1792 1239 1865; x_wconf 85' lang='lat' dir='ltr'>Deum,</span> <span class='ocrx_word' id='word_1_228' title='bbox 1253 1793 1397 1872; x_wconf 83' lang='lat' dir='ltr'>aequalem</span> <span class='ocrx_word' id='word_1_229' title='bbox 1414 1813 1446 1853; x_wconf 90' lang='lat' dir='ltr'>se</span> <span class='ocrx_word' id='word_1_230' title='bbox 1449 1796 1573 1878; x_wconf 75' lang='lat' dir='ltr'>sarciens</span> <span class='ocrx_word' id='word_1_231' title='bbox 1586 1797 1661 1857; x_wconf 90' lang='lat' dir='ltr'>Deo.</span> <span class='ocrx_word' id='word_1_232' title='bbox 1673 1783 1696 1827; x_wconf 47' lang='grc' dir='ltr'>ν’</span> <span class='ocrx_word' id='word_1_233' title='bbox 1709 1780 1763 1814; x_wconf 74' lang='lat'>²²⁰⁸</span> 
     </span>
     <span class='ocr_line' id='line_1_16' title="bbox 85 1879 1661 1968; baseline 0.008 -28"><span class='ocrx_word' id='word_1_234' title='bbox 85 1879 130 1939; x_wconf 87' lang='lat' dir='ltr'>llic</span> <span class='ocrx_word' id='word_1_235' title='bbox 138 1903 208 1942; x_wconf 83' lang='lat' dir='ltr'>vero</span> <span class='ocrx_word' id='word_1_236' title='bbox 221 1882 425 1964; x_wconf 69' lang='lat' dir='ltr'>respondebant</span> <span class='ocrx_word' id='word_1_237' title='bbox 438 1881 569 1962; x_wconf 78' lang='lat' dir='ltr'>haretici,</span> <span class='ocrx_word' id='word_1_238' title='bbox 586 1903 639 1941; x_wconf 95' lang='lat' dir='ltr'>non</span> <span class='ocrx_word' id='word_1_239' title='bbox 649 1881 790 1942; x_wconf 84' lang='lat' dir='ltr'>Christum</span> <span class='ocrx_word' id='word_1_240' title='bbox 802 1902 830 1941; x_wconf 86' lang='lat' dir='ltr'>se</span> <span class='ocrx_word' id='word_1_241' title='bbox 839 1884 897 1942; x_wconf 87' lang='lat' dir='ltr'>Deo</span> <span class='ocrx_word' id='word_1_242' title='bbox 907 1880 1039 1960; x_wconf 75' lang='lat' dir='ltr'>equalem</span> <span class='ocrx_word' id='word_1_243' title='bbox 1048 1882 1142 1942; x_wconf 86' lang='lat' dir='ltr'>fecisse</span> <span class='ocrx_word' id='word_1_244' title='bbox 1148 1907 1157 1960; x_wconf 76' lang='lat'>3</span> <span class='ocrx_word' id='word_1_245' title='bbox 1177 1882 1224 1943; x_wconf 87' lang='lat' dir='ltr'>sed</span> <span class='ocrx_word' id='word_1_246' title='bbox 1243 1883 1272 1943; x_wconf 91' lang='lat' dir='ltr'>id</span> <span class='ocrx_word' id='word_1_247' title='bbox 1285 1887 1302 1946; x_wconf 92' lang='lat' dir='ltr'>J</span> <span class='ocrx_word' id='word_1_248' title='bbox 1304 1885 1395 1946; x_wconf 80' lang='lat' dir='ltr'>udaos</span> <span class='ocrx_word' id='word_1_249' title='bbox 1409 1889 1559 1968; x_wconf 88' lang='lat' dir='ltr'>suspicatos</span> <span class='ocrx_word' id='word_1_250' title='bbox 1571 1891 1661 1952; x_wconf 90' lang='lat' dir='ltr'>fuisse.</span> 
     </span>
     <span class='ocr_line' id='line_1_17' title="bbox 86 1976 1663 2061; baseline 0.008 -27"><span class='ocrx_word' id='word_1_251' title='bbox 86 1976 181 2035; x_wconf 72' lang='lat' dir='ltr'>(hotta</span> <span class='ocrx_word' id='word_1_252' title='bbox 192 1998 261 2037; x_wconf 80' lang='lat' dir='ltr'>vero</span> <span class='ocrx_word' id='word_1_253' title='bbox 271 1977 496 2059; x_wconf 78' lang='lat' dir='ltr'>chrysostomus,</span> <span class='ocrx_word' id='word_1_254' title='bbox 508 1976 537 2036; x_wconf 93' lang='lat' dir='ltr'>in</span> <span class='ocrx_word' id='word_1_255' title='bbox 547 1991 628 2058; x_wconf 92' lang='lat' dir='ltr'>caput</span> <span class='ocrx_word' id='word_1_256' title='bbox 637 1976 826 2037; x_wconf 74' lang='lat' dir='ltr'>haereticorum</span> <span class='ocrx_word' id='word_1_257' title='bbox 836 1976 889 2035; x_wconf 91' lang='lat' dir='ltr'>tela</span> <span class='ocrx_word' id='word_1_258' title='bbox 901 1990 1067 2055; x_wconf 83' lang='lat' dir='ltr'>contorquet,</span> <span class='ocrx_word' id='word_1_259' title='bbox 1079 1977 1205 2058; x_wconf 89' lang='lat' dir='ltr'>ipsosque</span> <span class='ocrx_word' id='word_1_260' title='bbox 1216 1977 1254 2037; x_wconf 86' lang='lat' dir='ltr'>ita</span> <span class='ocrx_word' id='word_1_261' title='bbox 1264 1978 1392 2061; x_wconf 89' lang='lat' dir='ltr'>depellit,</span> <span class='ocrx_word' id='word_1_262' title='bbox 1404 1995 1434 2041; x_wconf 90' lang='lat' dir='ltr'>nt</span> <span class='ocrx_word' id='word_1_263' title='bbox 1443 1983 1547 2043; x_wconf 89' lang='lat' dir='ltr'>nullam</span> <span class='ocrx_word' id='word_1_264' title='bbox 1558 1987 1663 2047; x_wconf 88' lang='lat' dir='ltr'>subter-</span> 
     </span>
     <span class='ocr_line' id='line_1_18' title="bbox 86 2068 1664 2160; baseline 0.001 -32"><span class='ocrx_word' id='word_1_265' title='bbox 86 2068 204 2147; x_wconf 79' lang='lat' dir='ltr'>fugiendi</span> <span class='ocrx_word' id='word_1_266' title='bbox 216 2091 317 2130; x_wconf 86' lang='lat' dir='ltr'>ansam</span> <span class='ocrx_word' id='word_1_267' title='bbox 327 2071 471 2151; x_wconf 86' lang='lat' dir='ltr'>relinquat.</span> <span class='ocrx_word' id='word_1_268' title='bbox 483 2072 525 2130; x_wconf 90' lang='lat' dir='ltr'>lta</span> <span class='ocrx_word' id='word_1_269' title='bbox 534 2091 598 2133; x_wconf 83' lang='lat' dir='ltr'>vcro</span> <span class='ocrx_word' id='word_1_270' title='bbox 607 2070 705 2150; x_wconf 90' lang='lat' dir='ltr'>arguit.</span> <span class='ocrx_word' id='word_1_271' title='bbox 717 2070 882 2130; x_wconf 84' lang='lat' dir='ltr'>Fatehantur</span> <span class='ocrx_word' id='word_1_272' title='bbox 899 2069 1022 2128; x_wconf 62' lang='lat' dir='ltr'>Mummi</span> <span class='ocrx_word' id='word_1_273' title='bbox 1039 2069 1147 2132; x_wconf 82' lang='lat' dir='ltr'>Judaeos</span> <span class='ocrx_word' id='word_1_274' title='bbox 1164 2071 1301 2152; x_wconf 81' lang='lat' dir='ltr'>putavisse</span> <span class='ocrx_word' id='word_1_275' title='bbox 1310 2073 1449 2135; x_wconf 86' lang='lat' dir='ltr'>Christum</span> <span class='ocrx_word' id='word_1_276' title='bbox 1465 2098 1494 2136; x_wconf 89' lang='lat' dir='ltr'>sc</span> <span class='ocrx_word' id='word_1_277' title='bbox 1503 2080 1561 2138; x_wconf 90' lang='lat' dir='ltr'>Deo</span> <span class='ocrx_word' id='word_1_278' title='bbox 1573 2101 1664 2160; x_wconf 71' lang='lat' dir='ltr'>aquea.</span> 
     </span>
     <span class='ocr_line' id='line_1_19' title="bbox 87 2158 1663 2250; baseline 0.006 -30"><span class='ocrx_word' id='word_1_279' title='bbox 87 2158 133 2219; x_wconf 88' lang='lat' dir='ltr'>lem</span> <span class='ocrx_word' id='word_1_280' title='bbox 142 2162 234 2222; x_wconf 71' lang='lat' dir='ltr'>heere</span> <span class='ocrx_word' id='word_1_281' title='bbox 244 2188 252 2221; x_wconf 90' lang='lat'><strong>:</strong></span> <span class='ocrx_word' id='word_1_282' title='bbox 264 2185 355 2244; x_wconf 89' lang='lat' dir='ltr'>neque</span> <span class='ocrx_word' id='word_1_283' title='bbox 363 2185 460 2244; x_wconf 86' lang='lat' dir='ltr'>negare</span> <span class='ocrx_word' id='word_1_284' title='bbox 468 2177 591 2246; x_wconf 89' lang='lat' dir='ltr'>poterant</span> <span class='ocrx_word' id='word_1_285' title='bbox 603 2164 741 2223; x_wconf 87' lang='lat' dir='ltr'>Christum</span> <span class='ocrx_word' id='word_1_286' title='bbox 752 2163 838 2225; x_wconf 89' lang='lat' dir='ltr'>multa</span> <span class='ocrx_word' id='word_1_287' title='bbox 853 2162 955 2222; x_wconf 82' lang='lat' dir='ltr'>dixisse</span> <span class='ocrx_word' id='word_1_288' title='bbox 965 2184 1025 2241; x_wconf 81' lang='lat' dir='ltr'>qua</span> <span class='ocrx_word' id='word_1_289' title='bbox 1035 2161 1105 2222; x_wconf 93' lang='lat' dir='ltr'>hanc</span> <span class='ocrx_word' id='word_1_290' title='bbox 1117 2163 1226 2223; x_wconf 91' lang='lat' dir='ltr'>omniuo</span> <span class='ocrx_word' id='word_1_291' title='bbox 1237 2164 1392 2226; x_wconf 91' lang='lat' dir='ltr'>induoereut</span> <span class='ocrx_word' id='word_1_292' title='bbox 1403 2168 1576 2250; x_wconf 71' lang='lat' dir='ltr'>opinionem,</span> <span class='ocrx_word' id='word_1_293' title='bbox 1585 2176 1663 2237; x_wconf 82' lang='lat' dir='ltr'>verbi</span> 
     </span>
     <span class='ocr_line' id='line_1_20' title="bbox 87 2257 1663 2341; baseline 0.007 -25"><span class='ocrx_word' id='word_1_294' title='bbox 87 2257 167 2335; x_wconf 84' lang='lat' dir='ltr'>gratia</span> <span class='ocrx_word' id='word_1_295' title='bbox 179 2257 267 2331; x_wconf 77' lang='lat' dir='ltr'>illud,</span> <span class='ocrx_word' id='word_1_296' title='bbox 283 2262 351 2340; x_wconf 82' lang='lat' dir='ltr'>Ego</span> <span class='ocrx_word' id='word_1_297' title='bbox 363 2272 391 2319; x_wconf 92' lang='lat' dir='ltr'>et</span> <span class='ocrx_word' id='word_1_298' title='bbox 405 2261 595 2319; x_wconf 86' lang='lat' dir='ltr'>Paterunum</span> <span class='ocrx_word' id='word_1_299' title='bbox 608 2278 729 2329; x_wconf 86' lang='lat' dir='ltr'>sumus,·</span> <span class='ocrx_word' id='word_1_300' title='bbox 741 2273 775 2337; x_wconf 88' lang='lat' dir='ltr'>et,</span> <span class='ocrx_word' id='word_1_301' title='bbox 789 2260 854 2340; x_wconf 83' lang='lat' dir='ltr'>Ego</span> <span class='ocrx_word' id='word_1_302' title='bbox 864 2262 896 2317; x_wconf 90' lang='lat' dir='ltr'>in</span> <span class='ocrx_word' id='word_1_303' title='bbox 906 2259 1008 2333; x_wconf 87' lang='lat' dir='ltr'>Patre,</span> <span class='ocrx_word' id='word_1_304' title='bbox 1022 2272 1050 2317; x_wconf 89' lang='lat' dir='ltr'>et</span> <span class='ocrx_word' id='word_1_305' title='bbox 1065 2260 1201 2318; x_wconf 80' lang='lat' dir='ltr'>Peterin</span> <span class='ocrx_word' id='word_1_306' title='bbox 1212 2280 1259 2318; x_wconf 90' lang='lat' dir='ltr'>me</span> <span class='ocrx_word' id='word_1_307' title='bbox 1265 2287 1277 2331; x_wconf 90' lang='lat'><em>;</em></span> <span class='ocrx_word' id='word_1_308' title='bbox 1293 2275 1329 2336; x_wconf 90' lang='lat' dir='ltr'>et,</span> <span class='ocrx_word' id='word_1_309' title='bbox 1345 2264 1403 2341; x_wconf 82' lang='lat' dir='ltr'>Qui</span> <span class='ocrx_word' id='word_1_310' title='bbox 1416 2266 1500 2325; x_wconf 79' lang='lat' dir='ltr'>videt</span> <span class='ocrx_word' id='word_1_311' title='bbox 1510 2287 1566 2340; x_wconf 85' lang='lat' dir='ltr'>me,</span> <span class='ocrx_word' id='word_1_312' title='bbox 1579 2270 1663 2332; x_wconf 79' lang='lat' dir='ltr'>uidet</span> 
     </span>
     <span class='ocr_line' id='line_1_21' title="bbox 86 2351 1662 2439; baseline 0.011 -32"><span class='ocrx_word' id='word_1_313' title='bbox 86 2363 109 2408; x_wconf 89' lang='lat' dir='ltr'>et</span> <span class='ocrx_word' id='word_1_314' title='bbox 119 2352 242 2413; x_wconf 77' lang='lat' dir='ltr'>Patrem</span> <span class='ocrx_word' id='word_1_315' title='bbox 252 2354 413 2434; x_wconf 90' lang='lat' dir='ltr'>:multaque</span> <span class='ocrx_word' id='word_1_316' title='bbox 425 2353 538 2431; x_wconf 87' lang='lat' dir='ltr'>similia,</span> <span class='ocrx_word' id='word_1_317' title='bbox 552 2375 611 2433; x_wconf 81' lang='lat' dir='ltr'>qua·</span> <span class='ocrx_word' id='word_1_318' title='bbox 621 2375 702 2435; x_wconf 89' lang='lat' dir='ltr'>supra</span> <span class='ocrx_word' id='word_1_319' title='bbox 713 2353 863 2413; x_wconf 86' lang='lat' dir='ltr'>attulimus.</span> <span class='ocrx_word' id='word_1_320' title='bbox 879 2351 930 2413; x_wconf 87' lang='lat' dir='ltr'>His</span> <span class='ocrx_word' id='word_1_321' title='bbox 949 2352 1030 2414; x_wconf 85' lang='lat' dir='ltr'>etiam</span> <span class='ocrx_word' id='word_1_322' title='bbox 1045 2353 1246 2435; x_wconf 83' lang='lat' dir='ltr'>quamplurima</span> <span class='ocrx_word' id='word_1_323' title='bbox 1260 2354 1324 2415; x_wconf 89' lang='lat' dir='ltr'>addi</span> <span class='ocrx_word' id='word_1_324' title='bbox 1341 2372 1455 2437; x_wconf 89' lang='lat' dir='ltr'>possent,</span> <span class='ocrx_word' id='word_1_325' title='bbox 1466 2360 1566 2439; x_wconf 92' lang='lat' dir='ltr'>quihus</span> <span class='ocrx_word' id='word_1_326' title='bbox 1576 2376 1602 2422; x_wconf 92' lang='lat' dir='ltr'>et</span> <span class='ocrx_word' id='word_1_327' title='bbox 1612 2367 1662 2426; x_wconf 84' lang='lat' dir='ltr'>Ju-</span> 
     </span>
     <span class='ocr_line' id='line_1_22' title="bbox 86 2446 1662 2534; baseline 0.009 -29"><span class='ocrx_word' id='word_1_328' title='bbox 86 2446 166 2516; x_wconf 76' lang='lat' dir='ltr'>deiet</span> <span class='ocrx_word' id='word_1_329' title='bbox 177 2447 350 2528; x_wconf 86' lang='lat' dir='ltr'>quicumque</span> <span class='ocrx_word' id='word_1_330' title='bbox 359 2449 422 2527; x_wconf 89' lang='lat' dir='ltr'>alii,</span> <span class='ocrx_word' id='word_1_331' title='bbox 434 2449 481 2530; x_wconf 92' lang='lat' dir='ltr'>qui</span> <span class='ocrx_word' id='word_1_332' title='bbox 493 2448 631 2508; x_wconf 82' lang='lat' dir='ltr'>Christum</span> <span class='ocrx_word' id='word_1_333' title='bbox 643 2447 805 2522; x_wconf 81' lang='lat' dir='ltr'>audiebant,</span> <span class='ocrx_word' id='word_1_334' title='bbox 816 2448 963 2509; x_wconf 83' lang='lat' dir='ltr'>necessario</span> <span class='ocrx_word' id='word_1_335' title='bbox 983 2461 1108 2529; x_wconf 89' lang='lat' dir='ltr'>putarent</span> <span class='ocrx_word' id='word_1_336' title='bbox 1127 2448 1219 2529; x_wconf 87' lang='lat' dir='ltr'>ipsum</span> <span class='ocrx_word' id='word_1_337' title='bbox 1234 2471 1262 2509; x_wconf 89' lang='lat' dir='ltr'>se</span> <span class='ocrx_word' id='word_1_338' title='bbox 1276 2464 1301 2510; x_wconf 92' lang='lat' dir='ltr'>ct</span> <span class='ocrx_word' id='word_1_339' title='bbox 1315 2453 1373 2511; x_wconf 88' lang='lat' dir='ltr'>Deo</span> <span class='ocrx_word' id='word_1_340' title='bbox 1388 2452 1462 2513; x_wconf 86' lang='lat' dir='ltr'>Patri</span> <span class='ocrx_word' id='word_1_341' title='bbox 1480 2457 1622 2534; x_wconf 80' lang='lat' dir='ltr'>aequalem,</span> <span class='ocrx_word' id='word_1_342' title='bbox 1635 2474 1662 2520; x_wconf 91' lang='lat' dir='ltr'>et</span> 
     </span>
     <span class='ocr_line' id='line_1_23' title="bbox 88 2538 1662 2627; baseline 0.007 -27"><span class='ocrx_word' id='word_1_343' title='bbox 88 2562 142 2600; x_wconf 82' lang='lat' dir='ltr'>rere</span> <span class='ocrx_word' id='word_1_344' title='bbox 152 2543 245 2602; x_wconf 83' lang='lat' dir='ltr'>Deum</span> <span class='ocrx_word' id='word_1_345' title='bbox 261 2542 401 2603; x_wconf 88' lang='lat' dir='ltr'>exhihere.</span> <span class='ocrx_word' id='word_1_346' title='bbox 413 2543 443 2602; x_wconf 83' lang='lat' dir='ltr'>si</span> <span class='ocrx_word' id='word_1_347' title='bbox 453 2561 517 2622; x_wconf 85' lang='lat' dir='ltr'>ergo</span> <span class='ocrx_word' id='word_1_348' title='bbox 528 2561 581 2600; x_wconf 93' lang='lat' dir='ltr'>non</span> <span class='ocrx_word' id='word_1_349' title='bbox 592 2539 666 2600; x_wconf 87' lang='lat' dir='ltr'>Patri</span> <span class='ocrx_word' id='word_1_350' title='bbox 675 2538 794 2619; x_wconf 77' lang='lat' dir='ltr'>equalis,</span> <span class='ocrx_word' id='word_1_351' title='bbox 806 2558 859 2598; x_wconf 90' lang='lat' dir='ltr'>nou</span> <span class='ocrx_word' id='word_1_352' title='bbox 872 2558 935 2600; x_wconf 79' lang='lat' dir='ltr'>vere</span> <span class='ocrx_word' id='word_1_353' title='bbox 946 2540 1020 2597; x_wconf 87' lang='lat' dir='ltr'>Deus</span> <span class='ocrx_word' id='word_1_354' title='bbox 1031 2538 1140 2598; x_wconf 88' lang='lat' dir='ltr'>fuisset:</span> <span class='ocrx_word' id='word_1_355' title='bbox 1156 2561 1190 2599; x_wconf 90' lang='lat' dir='ltr'>au</span> <span class='ocrx_word' id='word_1_356' title='bbox 1203 2555 1307 2622; x_wconf 90' lang='lat' dir='ltr'>poterat</span> <span class='ocrx_word' id='word_1_357' title='bbox 1318 2541 1375 2620; x_wconf 85' lang='lat' dir='ltr'>illc,</span> <span class='ocrx_word' id='word_1_358' title='bbox 1388 2566 1467 2622; x_wconf 93' lang='lat' dir='ltr'>qucm</span> <span class='ocrx_word' id='word_1_359' title='bbox 1475 2545 1528 2627; x_wconf 91' lang='lat' dir='ltr'>ipsi</span> <span class='ocrx_word' id='word_1_360' title='bbox 1540 2549 1662 2611; x_wconf 82' lang='lat' dir='ltr'>huomoei</span> 
     </span>
     <span class='ocr_line' id='line_1_24' title="bbox 85 2632 1661 2719; baseline 0.007 -25"><span class='ocrx_word' id='word_1_361' title='bbox 85 2637 165 2716; x_wconf 85' lang='lat' dir='ltr'>pium,</span> <span class='ocrx_word' id='word_1_362' title='bbox 177 2651 308 2697; x_wconf 86' lang='lat' dir='ltr'>sanctum</span> <span class='ocrx_word' id='word_1_363' title='bbox 323 2638 463 2719; x_wconf 86' lang='lat' dir='ltr'>etjustum</span> <span class='ocrx_word' id='word_1_364' title='bbox 473 2635 682 2718; x_wconf 85' lang='lat' dir='ltr'>profitebantur,</span> <span class='ocrx_word' id='word_1_365' title='bbox 695 2637 712 2697; x_wconf 89' lang='lat' dir='ltr'><strong>J</strong></span> <span class='ocrx_word' id='word_1_366' title='bbox 715 2633 804 2694; x_wconf 84' lang='lat' dir='ltr'>udaeos</span> <span class='ocrx_word' id='word_1_367' title='bbox 815 2633 844 2693; x_wconf 91' lang='lat' dir='ltr'>in</span> <span class='ocrx_word' id='word_1_368' title='bbox 854 2632 901 2692; x_wconf 89' lang='lat' dir='ltr'>tali</span> <span class='ocrx_word' id='word_1_369' title='bbox 916 2633 1042 2714; x_wconf 90' lang='lat' dir='ltr'>opinione</span> <span class='ocrx_word' id='word_1_370' title='bbox 1051 2633 1211 2714; x_wconf 84' lang='lat' dir='ltr'>relinquere,</span> <span class='ocrx_word' id='word_1_371' title='bbox 1226 2635 1299 2716; x_wconf 90' lang='lat' dir='ltr'>quod</span> <span class='ocrx_word' id='word_1_372' title='bbox 1309 2637 1435 2698; x_wconf 88' lang='lat' dir='ltr'>videlicet</span> <span class='ocrx_word' id='word_1_373' title='bbox 1452 2639 1507 2718; x_wconf 84' lang='lat' dir='ltr'>ilie,</span> <span class='ocrx_word' id='word_1_374' title='bbox 1521 2664 1548 2702; x_wconf 90' lang='lat' dir='ltr'>se</span> <span class='ocrx_word' id='word_1_375' title='bbox 1562 2658 1587 2703; x_wconf 90' lang='lat' dir='ltr'>et</span> <span class='ocrx_word' id='word_1_376' title='bbox 1603 2647 1661 2705; x_wconf 85' lang='lat' dir='ltr'>Deo</span> 
     </span>
     <span class='ocr_line' id='line_1_25' title="bbox 86 2728 1660 2818; baseline 0.008 -29"><span class='ocrx_word' id='word_1_377' title='bbox 86 2732 154 2791; x_wconf 82' lang='lat' dir='ltr'>Patri</span> <span class='ocrx_word' id='word_1_378' title='bbox 167 2733 318 2812; x_wconf 73' lang='lat' dir='ltr'>aqualem,</span> <span class='ocrx_word' id='word_1_379' title='bbox 334 2746 360 2792; x_wconf 87' lang='lat' dir='ltr'>et</span> <span class='ocrx_word' id='word_1_380' title='bbox 374 2734 465 2792; x_wconf 91' lang='lat' dir='ltr'>Deum</span> <span class='ocrx_word' id='word_1_381' title='bbox 477 2729 598 2790; x_wconf 79' lang='lat' dir='ltr'>diceret?</span> <span class='ocrx_word' id='word_1_382' title='bbox 609 2732 705 2790; x_wconf 79' lang='lat' dir='ltr'>Annon</span> <span class='ocrx_word' id='word_1_383' title='bbox 715 2729 777 2789; x_wconf 90' lang='lat' dir='ltr'>illos</span> <span class='ocrx_word' id='word_1_384' title='bbox 790 2751 806 2788; x_wconf 88' lang='lat' dir='ltr'>a</span> <span class='ocrx_word' id='word_1_385' title='bbox 822 2728 870 2788; x_wconf 93' lang='lat' dir='ltr'>tali</span> <span class='ocrx_word' id='word_1_386' title='bbox 884 2728 1011 2810; x_wconf 91' lang='lat' dir='ltr'>opinione</span> <span class='ocrx_word' id='word_1_387' title='bbox 1020 2729 1187 2807; x_wconf 83' lang='lat' dir='ltr'>removisset,</span> <span class='ocrx_word' id='word_1_388' title='bbox 1198 2729 1373 2811; x_wconf 83' lang='lat' dir='ltr'>dixissetque,</span> <span class='ocrx_word' id='word_1_389' title='bbox 1388 2755 1415 2794; x_wconf 88' lang='lat' dir='ltr'>se</span> <span class='ocrx_word' id='word_1_390' title='bbox 1426 2756 1474 2794; x_wconf 90' lang='lat' dir='ltr'>nec</span> <span class='ocrx_word' id='word_1_391' title='bbox 1484 2737 1558 2797; x_wconf 86' lang='lat' dir='ltr'>Patri</span> <span class='ocrx_word' id='word_1_392' title='bbox 1568 2760 1660 2818; x_wconf 77' lang='lat' dir='ltr'>aequa-</span> 
     </span>
     <span class='ocr_line' id='line_1_26' title="bbox 86 2821 1661 2911; baseline 0.005 -27"><span class='ocrx_word' id='word_1_393' title='bbox 86 2826 144 2901; x_wconf 86' lang='lat' dir='ltr'>lem,</span> <span class='ocrx_word' id='word_1_394' title='bbox 154 2849 205 2887; x_wconf 85' lang='lat' dir='ltr'>nec</span> <span class='ocrx_word' id='word_1_395' title='bbox 215 2849 282 2888; x_wconf 82' lang='lat' dir='ltr'>vere</span> <span class='ocrx_word' id='word_1_396' title='bbox 292 2829 384 2887; x_wconf 89' lang='lat' dir='ltr'>Deum</span> <span class='ocrx_word' id='word_1_397' title='bbox 397 2827 472 2887; x_wconf 83' lang='lat' dir='ltr'>esse?</span> <span class='ocrx_word' id='word_1_398' title='bbox 484 2827 544 2886; x_wconf 89' lang='lat' dir='ltr'>Non</span> <span class='ocrx_word' id='word_1_399' title='bbox 559 2838 662 2907; x_wconf 87' lang='lat' dir='ltr'>poterat</span> <span class='ocrx_word' id='word_1_400' title='bbox 680 2838 764 2899; x_wconf 88' lang='lat' dir='ltr'>certe,</span> <span class='ocrx_word' id='word_1_401' title='bbox 781 2823 833 2883; x_wconf 92' lang='lat' dir='ltr'>nisi</span> <span class='ocrx_word' id='word_1_402' title='bbox 848 2821 1036 2883; x_wconf 87' lang='lat' dir='ltr'>fraudulentus</span> <span class='ocrx_word' id='word_1_403' title='bbox 1047 2837 1073 2882; x_wconf 92' lang='lat' dir='ltr'>et</span> <span class='ocrx_word' id='word_1_404' title='bbox 1082 2823 1208 2906; x_wconf 88' lang='lat' dir='ltr'>deceptor</span> <span class='ocrx_word' id='word_1_405' title='bbox 1222 2840 1300 2903; x_wconf 89' lang='lat' dir='ltr'>esset,</span> <span class='ocrx_word' id='word_1_406' title='bbox 1312 2827 1386 2907; x_wconf 91' lang='lat' dir='ltr'>quod</span> <span class='ocrx_word' id='word_1_407' title='bbox 1400 2830 1473 2890; x_wconf 87' lang='lat' dir='ltr'>nefas</span> <span class='ocrx_word' id='word_1_408' title='bbox 1483 2830 1571 2911; x_wconf 84' lang='lat' dir='ltr'>dictu,</span> <span class='ocrx_word' id='word_1_409' title='bbox 1581 2854 1598 2892; x_wconf 97' lang='lat' dir='ltr'>a</span> <span class='ocrx_word' id='word_1_410' title='bbox 1613 2833 1661 2897; x_wconf 88' lang='lat' dir='ltr'>tali</span> 
     </span>
     <span class='ocr_line' id='line_1_27' title="bbox 85 2916 1660 3002; baseline 0.003 -21"><span class='ocrx_word' id='word_1_411' title='bbox 85 2921 417 2983; x_wconf 79' lang='lat' dir='ltr'>declarationeahstinere.</span> <span class='ocrx_word' id='word_1_412' title='bbox 432 2921 482 2981; x_wconf 90' lang='lat' dir='ltr'>llle</span> <span class='ocrx_word' id='word_1_413' title='bbox 495 2940 559 2982; x_wconf 84' lang='lat' dir='ltr'>vero</span> <span class='ocrx_word' id='word_1_414' title='bbox 571 2933 662 2980; x_wconf 80' lang='lat' dir='ltr'>contm</span> <span class='ocrx_word' id='word_1_415' title='bbox 681 2918 709 2978; x_wconf 92' lang='lat' dir='ltr'>in</span> <span class='ocrx_word' id='word_1_416' title='bbox 725 2916 820 2978; x_wconf 88' lang='lat' dir='ltr'>iisdem</span> <span class='ocrx_word' id='word_1_417' title='bbox 831 2938 937 2999; x_wconf 89' lang='lat' dir='ltr'>semper</span> <span class='ocrx_word' id='word_1_418' title='bbox 950 2917 1062 2997; x_wconf 89' lang='lat' dir='ltr'>insistit,</span> <span class='ocrx_word' id='word_1_419' title='bbox 1079 2931 1106 2978; x_wconf 94' lang='lat' dir='ltr'>et</span> <span class='ocrx_word' id='word_1_420' title='bbox 1120 2940 1197 2978; x_wconf 89' lang='lat' dir='ltr'>suam</span> <span class='ocrx_word' id='word_1_421' title='bbox 1211 2940 1274 2978; x_wconf 91' lang='lat' dir='ltr'>cum</span> <span class='ocrx_word' id='word_1_422' title='bbox 1288 2921 1367 2981; x_wconf 78' lang='lat' dir='ltr'>Patre</span> <span class='ocrx_word' id='word_1_423' title='bbox 1385 2923 1565 3002; x_wconf 73' lang='lat' dir='ltr'>equalitatem</span> <span class='ocrx_word' id='word_1_424' title='bbox 1583 2927 1660 2991; x_wconf 82' lang='lat' dir='ltr'>novis</span> 
     </span>
     <span class='ocr_line' id='line_1_28' title="bbox 85 3014 329 3080; baseline 0.016 -6"><span class='ocrx_word' id='word_1_425' title='bbox 85 3014 163 3076; x_wconf 85' lang='lat' dir='ltr'>dictis</span> <span class='ocrx_word' id='word_1_426' title='bbox 175 3019 329 3080; x_wconf 70' lang='lat' dir='ltr'>confimat</span> 
     </span>
    </p>

    <p class='ocr_par' dir='ltr' id='par_1_10' title="bbox 126 3110 1659 3195">
     <span class='ocr_line' id='line_1_29' title="bbox 126 3110 1659 3195; baseline 0.003 -21"><span class='ocrx_word' id='word_1_427' title='bbox 126 3114 233 3174; x_wconf 76' lang='lat' dir='ltr'>Verum</span> <span class='ocrx_word' id='word_1_428' title='bbox 251 3129 341 3174; x_wconf 75' lang='lat' dir='ltr'>umen</span> <span class='ocrx_word' id='word_1_429' title='bbox 354 3128 395 3175; x_wconf 89' lang='lat' dir='ltr'>est</span> <span class='ocrx_word' id='word_1_430' title='bbox 409 3114 549 3175; x_wconf 88' lang='lat' dir='ltr'>Christum</span> <span class='ocrx_word' id='word_1_431' title='bbox 567 3113 648 3174; x_wconf 91' lang='lat' dir='ltr'>dictis</span> <span class='ocrx_word' id='word_1_432' title='bbox 665 3112 736 3190; x_wconf 87' lang='lat' dir='ltr'>illis,</span> <span class='ocrx_word' id='word_1_433' title='bbox 752 3134 811 3193; x_wconf 85' lang='lat' dir='ltr'>quae</span> <span class='ocrx_word' id='word_1_434' title='bbox 824 3112 912 3195; x_wconf 90' lang='lat' dir='ltr'>ipsius</span> <span class='ocrx_word' id='word_1_435' title='bbox 925 3110 1105 3189; x_wconf 87' lang='lat' dir='ltr'>divinitatem,</span> <span class='ocrx_word' id='word_1_436' title='bbox 1119 3112 1299 3192; x_wconf 75' lang='lat' dir='ltr'>equalitatem</span> <span class='ocrx_word' id='word_1_437' title='bbox 1314 3136 1376 3174; x_wconf 91' lang='lat' dir='ltr'>cum</span> <span class='ocrx_word' id='word_1_438' title='bbox 1396 3116 1491 3194; x_wconf 89' lang='lat' dir='ltr'>Patre,</span> <span class='ocrx_word' id='word_1_439' title='bbox 1502 3129 1528 3176; x_wconf 92' lang='lat' dir='ltr'>et</span> <span class='ocrx_word' id='word_1_440' title='bbox 1542 3118 1659 3178; x_wconf 74' lang='lat' dir='ltr'>consub—</span> 
     </span>
    </p>

    <p class='ocr_par' dir='ltr' id='par_1_11' title="bbox 78 3208 1660 4708">
     <span class='ocr_line' id='line_1_30' title="bbox 85 3208 1660 3292; baseline 0.006 -28"><span class='ocrx_word' id='word_1_441' title='bbox 85 3209 284 3270; x_wconf 88' lang='lat' dir='ltr'>stantialitatem</span> <span class='ocrx_word' id='word_1_442' title='bbox 304 3211 434 3292; x_wconf 86' lang='lat' dir='ltr'>probant,</span> <span class='ocrx_word' id='word_1_443' title='bbox 454 3209 570 3269; x_wconf 91' lang='lat' dir='ltr'>humilia</span> <span class='ocrx_word' id='word_1_444' title='bbox 588 3210 673 3269; x_wconf 90' lang='lat' dir='ltr'>multa</span> <span class='ocrx_word' id='word_1_445' title='bbox 693 3208 849 3285; x_wconf 87' lang='lat' dir='ltr'>admiscere,</span> <span class='ocrx_word' id='word_1_446' title='bbox 872 3221 932 3268; x_wconf 93' lang='lat' dir='ltr'>tum</span> <span class='ocrx_word' id='word_1_447' title='bbox 954 3208 1017 3288; x_wconf 91' lang='lat' dir='ltr'>quia</span> <span class='ocrx_word' id='word_1_448' title='bbox 1032 3221 1062 3266; x_wconf 93' lang='lat' dir='ltr'>ut</span> <span class='ocrx_word' id='word_1_449' title='bbox 1083 3208 1163 3267; x_wconf 91' lang='lat' dir='ltr'>homo</span> <span class='ocrx_word' id='word_1_450' title='bbox 1186 3230 1256 3289; x_wconf 85' lang='lat' dir='ltr'>saepe</span> <span class='ocrx_word' id='word_1_451' title='bbox 1270 3209 1439 3289; x_wconf 87' lang='lat' dir='ltr'>loquebatur,</span> <span class='ocrx_word' id='word_1_452' title='bbox 1454 3224 1481 3271; x_wconf 91' lang='lat' dir='ltr'>et</span> <span class='ocrx_word' id='word_1_453' title='bbox 1498 3212 1660 3274; x_wconf 83' lang='lat' dir='ltr'>mortalibus</span> 
     </span>
     <span class='ocr_line' id='line_1_31' title="bbox 84 3302 1659 3391; baseline 0.005 -31"><span class='ocrx_word' id='word_1_454' title='bbox 84 3305 208 3362; x_wconf 88' lang='lat' dir='ltr'>omnibus</span> <span class='ocrx_word' id='word_1_455' title='bbox 221 3327 278 3364; x_wconf 79' lang='lat' dir='ltr'>sese</span> <span class='ocrx_word' id='word_1_456' title='bbox 291 3305 431 3366; x_wconf 82' lang='lat' dir='ltr'>modestiae</span> <span class='ocrx_word' id='word_1_457' title='bbox 444 3305 660 3383; x_wconf 88' lang='lat' dir='ltr'>humilitatisque</span> <span class='ocrx_word' id='word_1_458' title='bbox 669 3304 808 3384; x_wconf 87' lang='lat' dir='ltr'>exemplar</span> <span class='ocrx_word' id='word_1_459' title='bbox 819 3302 979 3377; x_wconf 88' lang='lat' dir='ltr'>exhihehat;</span> <span class='ocrx_word' id='word_1_460' title='bbox 998 3317 1057 3362; x_wconf 90' lang='lat' dir='ltr'>tum</span> <span class='ocrx_word' id='word_1_461' title='bbox 1073 3303 1164 3380; x_wconf 89' lang='lat' dir='ltr'>ctiam,</span> <span class='ocrx_word' id='word_1_462' title='bbox 1181 3302 1210 3361; x_wconf 90' lang='lat' dir='ltr'>id</span> <span class='ocrx_word' id='word_1_463' title='bbox 1222 3303 1295 3383; x_wconf 91' lang='lat' dir='ltr'>quod</span> <span class='ocrx_word' id='word_1_464' title='bbox 1307 3305 1395 3365; x_wconf 91' lang='lat' dir='ltr'>innuit</span> <span class='ocrx_word' id='word_1_465' title='bbox 1414 3327 1485 3388; x_wconf 82' lang='lat' dir='ltr'>saepe</span> <span class='ocrx_word' id='word_1_466' title='bbox 1496 3307 1659 3391; x_wconf 79' lang='lat' dir='ltr'>Chrysosto·</span> 
     </span>
     <span class='ocr_line' id='line_1_32' title="bbox 84 3396 1660 3482; baseline 0.004 -27"><span class='ocrx_word' id='word_1_467' title='bbox 84 3418 148 3472; x_wconf 85' lang='lat' dir='ltr'>mm,</span> <span class='ocrx_word' id='word_1_468' title='bbox 159 3414 190 3457; x_wconf 92' lang='lat' dir='ltr'>ot</span> <span class='ocrx_word' id='word_1_469' title='bbox 201 3402 219 3460; x_wconf 87' lang='lat' dir='ltr'>J</span> <span class='ocrx_word' id='word_1_470' title='bbox 222 3399 317 3459; x_wconf 75' lang='lat' dir='ltr'>udaeos</span> <span class='ocrx_word' id='word_1_471' title='bbox 328 3414 470 3482; x_wconf 84' lang='lat' dir='ltr'>protervos</span> <span class='ocrx_word' id='word_1_472' title='bbox 483 3399 615 3477; x_wconf 90' lang='lat' dir='ltr'>homines,</span> <span class='ocrx_word' id='word_1_473' title='bbox 631 3398 684 3461; x_wconf 88' lang='lat' dir='ltr'>sihi</span> <span class='ocrx_word' id='word_1_474' title='bbox 696 3398 823 3475; x_wconf 82' lang='lat' dir='ltr'>infensos,</span> <span class='ocrx_word' id='word_1_475' title='bbox 835 3397 882 3476; x_wconf 91' lang='lat' dir='ltr'>qui</span> <span class='ocrx_word' id='word_1_476' title='bbox 902 3397 1068 3456; x_wconf 86' lang='lat' dir='ltr'>occasionem</span> <span class='ocrx_word' id='word_1_477' title='bbox 1084 3396 1227 3477; x_wconf 85' lang='lat' dir='ltr'>captabant</span> <span class='ocrx_word' id='word_1_478' title='bbox 1244 3397 1323 3457; x_wconf 89' lang='lat' dir='ltr'>illum</span> <span class='ocrx_word' id='word_1_479' title='bbox 1335 3398 1493 3477; x_wconf 88' lang='lat' dir='ltr'>accusandi,</span> <span class='ocrx_word' id='word_1_480' title='bbox 1508 3415 1534 3461; x_wconf 93' lang='lat' dir='ltr'>et</span> <span class='ocrx_word' id='word_1_481' title='bbox 1544 3399 1615 3461; x_wconf 90' lang='lat' dir='ltr'>hauc</span> <span class='ocrx_word' id='word_1_482' title='bbox 1625 3401 1660 3461; x_wconf 91' lang='lat' dir='ltr'>de</span> 
     </span>
     <span class='ocr_line' id='line_1_33' title="bbox 84 3488 1660 3570; baseline 0.003 -23"><span class='ocrx_word' id='word_1_483' title='bbox 84 3490 223 3551; x_wconf 73' lang='lat' dir='ltr'>diuinitate</span> <span class='ocrx_word' id='word_1_484' title='bbox 233 3507 260 3551; x_wconf 93' lang='lat' dir='ltr'>et</span> <span class='ocrx_word' id='word_1_485' title='bbox 270 3493 548 3553; x_wconf 82' lang='lat' dir='ltr'>oensuhstantialitate</span> <span class='ocrx_word' id='word_1_486' title='bbox 557 3490 661 3551; x_wconf 88' lang='lat' dir='ltr'>Christi</span> <span class='ocrx_word' id='word_1_487' title='bbox 675 3489 826 3550; x_wconf 90' lang='lat' dir='ltr'>doctrinam</span> <span class='ocrx_word' id='word_1_488' title='bbox 837 3510 891 3549; x_wconf 93' lang='lat' dir='ltr'>non</span> <span class='ocrx_word' id='word_1_489' title='bbox 901 3490 1030 3564; x_wconf 89' lang='lat' dir='ltr'>ferebant,</span> <span class='ocrx_word' id='word_1_490' title='bbox 1040 3489 1138 3548; x_wconf 90' lang='lat' dir='ltr'>sensim</span> <span class='ocrx_word' id='word_1_491' title='bbox 1154 3488 1302 3566; x_wconf 83' lang='lat' dir='ltr'>reduceret,</span> <span class='ocrx_word' id='word_1_492' title='bbox 1312 3504 1390 3570; x_wconf 89' lang='lat' dir='ltr'>atquc</span> <span class='ocrx_word' id='word_1_493' title='bbox 1401 3490 1436 3550; x_wconf 90' lang='lat' dir='ltr'>ad</span> <span class='ocrx_word' id='word_1_494' title='bbox 1452 3491 1590 3552; x_wconf 88' lang='lat' dir='ltr'>mehorcm</span> <span class='ocrx_word' id='word_1_495' title='bbox 1602 3494 1660 3552; x_wconf 83' lang='lat' dir='ltr'>fru-</span> 
     </span>
     <span class='ocr_line' id='line_1_34' title="bbox 83 3572 1659 3670; baseline 0.001 -24"><span class='ocrx_word' id='word_1_496' title='bbox 83 3606 139 3663; x_wconf 81' lang='lat' dir='ltr'>gem</span> <span class='ocrx_word' id='word_1_497' title='bbox 153 3602 304 3650; x_wconf 77' lang='lat' dir='ltr'>revocaret.</span> <span class='ocrx_word' id='word_1_498' title='bbox 316 3590 408 3670; x_wconf 90' lang='lat' dir='ltr'>Neque</span> <span class='ocrx_word' id='word_1_499' title='bbox 419 3603 507 3647; x_wconf 81' lang='lat' dir='ltr'>tarum</span> <span class='ocrx_word' id='word_1_500' title='bbox 523 3587 630 3668; x_wconf 87' lang='lat' dir='ltr'>uspiam</span> <span class='ocrx_word' id='word_1_501' title='bbox 640 3572 760 3666; x_wconf 87' lang='lat' dir='ltr'>aliquam</span> <span class='ocrx_word' id='word_1_502' title='bbox 769 3607 803 3645; x_wconf 92' lang='lat' dir='ltr'>ex</span> <span class='ocrx_word' id='word_1_503' title='bbox 817 3585 873 3644; x_wconf 92' lang='lat' dir='ltr'>illis</span> <span class='ocrx_word' id='word_1_504' title='bbox 887 3584 1022 3645; x_wconf 88' lang='lat' dir='ltr'>sententiis</span> <span class='ocrx_word' id='word_1_505' title='bbox 1037 3606 1097 3663; x_wconf 80' lang='lat' dir='ltr'>que</span> <span class='ocrx_word' id='word_1_506' title='bbox 1113 3585 1171 3665; x_wconf 82' lang='lat' dir='ltr'>ejus</span> <span class='ocrx_word' id='word_1_507' title='bbox 1185 3606 1249 3644; x_wconf 91' lang='lat' dir='ltr'>cum</span> <span class='ocrx_word' id='word_1_508' title='bbox 1263 3587 1342 3645; x_wconf 88' lang='lat' dir='ltr'>Patre</span> <span class='ocrx_word' id='word_1_509' title='bbox 1355 3587 1534 3666; x_wconf 73' lang='lat' dir='ltr'>equalitatem</span> <span class='ocrx_word' id='word_1_510' title='bbox 1549 3601 1575 3647; x_wconf 91' lang='lat' dir='ltr'>et</span> <span class='ocrx_word' id='word_1_511' title='bbox 1595 3609 1659 3648; x_wconf 90' lang='lat' dir='ltr'>con·</span> 
     </span>
     <span class='ocr_line' id='line_1_35' title="bbox 82 3681 1657 3764; baseline 0.003 -27"><span class='ocrx_word' id='word_1_512' title='bbox 82 3681 336 3743; x_wconf 78' lang='lat' dir='ltr'>substantialitatem</span> <span class='ocrx_word' id='word_1_513' title='bbox 344 3683 561 3743; x_wconf 87' lang='lat' dir='ltr'>demonstrabant</span> <span class='ocrx_word' id='word_1_514' title='bbox 570 3682 742 3759; x_wconf 75' lang='lat' dir='ltr'>retractavit3</span> <span class='ocrx_word' id='word_1_515' title='bbox 752 3681 846 3761; x_wconf 84' lang='lat' dir='ltr'>qttales</span> <span class='ocrx_word' id='word_1_516' title='bbox 859 3694 923 3740; x_wconf 87' lang='lat' dir='ltr'>suut</span> <span class='ocrx_word' id='word_1_517' title='bbox 933 3681 1002 3758; x_wconf 77' lang='lat' dir='ltr'>iltae5</span> <span class='ocrx_word' id='word_1_518' title='bbox 1019 3683 1085 3761; x_wconf 83' lang='lat' dir='ltr'>Ego</span> <span class='ocrx_word' id='word_1_519' title='bbox 1099 3693 1127 3740; x_wconf 89' lang='lat' dir='ltr'>et</span> <span class='ocrx_word' id='word_1_520' title='bbox 1139 3682 1230 3741; x_wconf 85' lang='lat' dir='ltr'>Pater</span> <span class='ocrx_word' id='word_1_521' title='bbox 1249 3703 1341 3742; x_wconf 85' lang='lat' dir='ltr'>unum</span> <span class='ocrx_word' id='word_1_522' title='bbox 1358 3703 1473 3754; x_wconf 86' lang='lat' dir='ltr'>sumns;</span> <span class='ocrx_word' id='word_1_523' title='bbox 1493 3697 1528 3759; x_wconf 90' lang='lat' dir='ltr'>et,</span> <span class='ocrx_word' id='word_1_524' title='bbox 1543 3687 1608 3764; x_wconf 83' lang='lat' dir='ltr'>Ego</span> <span class='ocrx_word' id='word_1_525' title='bbox 1624 3688 1657 3742; x_wconf 88' lang='lat' dir='ltr'>in</span> 
     </span>
     <span class='ocr_line' id='line_1_36' title="bbox 82 3774 1657 3856; baseline 0.003 -24"><span class='ocrx_word' id='word_1_526' title='bbox 82 3774 186 3850; x_wconf 84' lang='lat' dir='ltr'>Patre,</span> <span class='ocrx_word' id='word_1_527' title='bbox 202 3793 233 3838; x_wconf 91' lang='lat' dir='ltr'>et</span> <span class='ocrx_word' id='word_1_528' title='bbox 247 3780 382 3838; x_wconf 79' lang='lat' dir='ltr'>Peterin</span> <span class='ocrx_word' id='word_1_529' title='bbox 398 3800 445 3837; x_wconf 89' lang='lat' dir='ltr'>me</span> <span class='ocrx_word' id='word_1_530' title='bbox 456 3791 516 3849; x_wconf 86' lang='lat' dir='ltr'>est;</span> <span class='ocrx_word' id='word_1_531' title='bbox 528 3791 565 3856; x_wconf 91' lang='lat' dir='ltr'>et,</span> <span class='ocrx_word' id='word_1_532' title='bbox 579 3780 620 3838; x_wconf 84' lang='lat' dir='ltr'>Ut</span> <span class='ocrx_word' id='word_1_533' title='bbox 632 3796 731 3838; x_wconf 85' lang='lat' dir='ltr'>omnes</span> <span class='ocrx_word' id='word_1_534' title='bbox 744 3775 887 3836; x_wconf 79' lang='lat' dir='ltr'>honorent</span> <span class='ocrx_word' id='word_1_535' title='bbox 897 3777 1009 3836; x_wconf 83' lang='lat' dir='ltr'>Filium</span> <span class='ocrx_word' id='word_1_536' title='bbox 1026 3779 1101 3835; x_wconf 86' lang='lat' dir='ltr'>sicut</span> <span class='ocrx_word' id='word_1_537' title='bbox 1112 3776 1257 3836; x_wconf 83' lang='lat' dir='ltr'>honorant</span> <span class='ocrx_word' id='word_1_538' title='bbox 1271 3777 1392 3836; x_wconf 86' lang='lat' dir='ltr'>Patrem</span> <span class='ocrx_word' id='word_1_539' title='bbox 1398 3802 1409 3845; x_wconf 89' lang='lat'>,·</span> <span class='ocrx_word' id='word_1_540' title='bbox 1420 3792 1457 3855; x_wconf 90' lang='lat' dir='ltr'>ct,</span> <span class='ocrx_word' id='word_1_541' title='bbox 1470 3779 1557 3837; x_wconf 86' lang='lat' dir='ltr'>Sicut</span> <span class='ocrx_word' id='word_1_542' title='bbox 1573 3782 1657 3837; x_wconf 82' lang='lat' dir='ltr'>novit</span> 
     </span>
     <span class='ocr_line' id='line_1_37' title="bbox 82 3869 1655 3953; baseline 0.003 -27"><span class='ocrx_word' id='word_1_543' title='bbox 82 3889 122 3926; x_wconf 80' lang='lat' dir='ltr'>are</span> <span class='ocrx_word' id='word_1_544' title='bbox 133 3871 242 3946; x_wconf 83' lang='lat' dir='ltr'>Pater,</span> <span class='ocrx_word' id='word_1_545' title='bbox 257 3886 287 3930; x_wconf 91' lang='lat' dir='ltr'>et</span> <span class='ocrx_word' id='word_1_546' title='bbox 302 3892 354 3953; x_wconf 84' lang='lat' dir='ltr'>ego</span> <span class='ocrx_word' id='word_1_547' title='bbox 365 3892 451 3931; x_wconf 89' lang='lat' dir='ltr'>nosco</span> <span class='ocrx_word' id='word_1_548' title='bbox 465 3872 602 3940; x_wconf 84' lang='lat' dir='ltr'>Patrem‚·</span> <span class='ocrx_word' id='word_1_549' title='bbox 617 3883 653 3944; x_wconf 93' lang='lat' dir='ltr'>et,</span> <span class='ocrx_word' id='word_1_550' title='bbox 667 3870 726 3948; x_wconf 83' lang='lat' dir='ltr'>Qui</span> <span class='ocrx_word' id='word_1_551' title='bbox 737 3870 820 3929; x_wconf 82' lang='lat' dir='ltr'>videt</span> <span class='ocrx_word' id='word_1_552' title='bbox 841 3888 897 3942; x_wconf 87' lang='lat' dir='ltr'>me,</span> <span class='ocrx_word' id='word_1_553' title='bbox 910 3871 993 3928; x_wconf 83' lang='lat' dir='ltr'>uidet</span> <span class='ocrx_word' id='word_1_554' title='bbox 1004 3882 1034 3927; x_wconf 89' lang='lat' dir='ltr'>et</span> <span class='ocrx_word' id='word_1_555' title='bbox 1046 3869 1187 3939; x_wconf 88' lang='lat' dir='ltr'>Patrem‚·</span> <span class='ocrx_word' id='word_1_556' title='bbox 1202 3882 1237 3946; x_wconf 89' lang='lat' dir='ltr'>et,</span> <span class='ocrx_word' id='word_1_557' title='bbox 1251 3869 1283 3929; x_wconf 91' lang='lat' dir='ltr'>Si</span> <span class='ocrx_word' id='word_1_558' title='bbox 1298 3874 1505 3952; x_wconf 76' lang='lat' dir='ltr'>cognovissetis</span> <span class='ocrx_word' id='word_1_559' title='bbox 1525 3892 1582 3946; x_wconf 84' lang='lat' dir='ltr'>me,</span> <span class='ocrx_word' id='word_1_560' title='bbox 1595 3872 1655 3930; x_wconf 86' lang='lat' dir='ltr'>Pu-</span> 
     </span>
     <span class='ocr_line' id='line_1_38' title="bbox 81 3959 1653 4044; baseline 0.004 -27"><span class='ocrx_word' id='word_1_561' title='bbox 81 3972 150 4021; x_wconf 84' lang='lat' dir='ltr'>trem</span> <span class='ocrx_word' id='word_1_562' title='bbox 160 3986 260 4024; x_wconf 85' lang='lat' dir='ltr'>rneum</span> <span class='ocrx_word' id='word_1_563' title='bbox 273 3965 586 4044; x_wconf 80' lang='lat' dir='ltr'>utiquecognovissett&#39;s</span> <span class='ocrx_word' id='word_1_564' title='bbox 593 3987 605 4033; x_wconf 88' lang='lat'>,·</span> <span class='ocrx_word' id='word_1_565' title='bbox 615 3962 671 4021; x_wconf 92' lang='lat' dir='ltr'>imo</span> <span class='ocrx_word' id='word_1_566' title='bbox 683 3961 733 4020; x_wconf 90' lang='lat' dir='ltr'>etsi</span> <span class='ocrx_word' id='word_1_567' title='bbox 748 3960 864 4021; x_wconf 91' lang='lat' dir='ltr'>humilia</span> <span class='ocrx_word' id='word_1_568' title='bbox 875 3959 1011 4020; x_wconf 89' lang='lat' dir='ltr'>interdum</span> <span class='ocrx_word' id='word_1_569' title='bbox 1023 3960 1142 4037; x_wconf 84' lang='lat' dir='ltr'>misceat,</span> <span class='ocrx_word' id='word_1_570' title='bbox 1153 3959 1207 4020; x_wconf 89' lang='lat' dir='ltr'>alia</span> <span class='ocrx_word' id='word_1_571' title='bbox 1221 3960 1367 4021; x_wconf 89' lang='lat' dir='ltr'>identidem</span> <span class='ocrx_word' id='word_1_572' title='bbox 1380 3961 1504 4042; x_wconf 84' lang='lat' dir='ltr'>adjungit</span> <span class='ocrx_word' id='word_1_573' title='bbox 1519 3984 1578 4042; x_wconf 83' lang='lat' dir='ltr'>quar</span> <span class='ocrx_word' id='word_1_574' title='bbox 1591 3986 1653 4024; x_wconf 89' lang='lat' dir='ltr'>vere</span> 
     </span>
     <span class='ocr_line' id='line_1_39' title="bbox 80 4056 1652 4137; baseline 0.002 -21"><span class='ocrx_word' id='word_1_575' title='bbox 80 4057 166 4116; x_wconf 74' lang='lat' dir='ltr'>uem</span> <span class='ocrx_word' id='word_1_576' title='bbox 179 4080 240 4118; x_wconf 88' lang='lat' dir='ltr'>esse</span> <span class='ocrx_word' id='word_1_577' title='bbox 253 4073 280 4118; x_wconf 90' lang='lat' dir='ltr'>et</span> <span class='ocrx_word' id='word_1_578' title='bbox 295 4058 369 4119; x_wconf 86' lang='lat' dir='ltr'>Patri</span> <span class='ocrx_word' id='word_1_579' title='bbox 382 4057 635 4119; x_wconf 86' lang='lat' dir='ltr'>consubstantialem</span> <span class='ocrx_word' id='word_1_580' title='bbox 648 4056 815 4116; x_wconf 87' lang='lat' dir='ltr'>confirment.</span> <span class='ocrx_word' id='word_1_581' title='bbox 827 4057 1011 4129; x_wconf 90' lang='lat' dir='ltr'>Quamobrem</span> <span class='ocrx_word' id='word_1_582' title='bbox 1023 4056 1109 4116; x_wconf 93' lang='lat' dir='ltr'>multa</span> <span class='ocrx_word' id='word_1_583' title='bbox 1125 4057 1248 4115; x_wconf 87' lang='lat' dir='ltr'>cautione</span> <span class='ocrx_word' id='word_1_584' title='bbox 1260 4078 1329 4137; x_wconf 90' lang='lat' dir='ltr'>opus</span> <span class='ocrx_word' id='word_1_585' title='bbox 1340 4070 1396 4133; x_wconf 88' lang='lat' dir='ltr'>est,</span> <span class='ocrx_word' id='word_1_586' title='bbox 1413 4079 1445 4116; x_wconf 90' lang='lat' dir='ltr'>uc</span> <span class='ocrx_word' id='word_1_587' title='bbox 1456 4057 1517 4136; x_wconf 91' lang='lat' dir='ltr'>quis</span> <span class='ocrx_word' id='word_1_588' title='bbox 1527 4058 1555 4117; x_wconf 93' lang='lat' dir='ltr'>in</span> <span class='ocrx_word' id='word_1_589' title='bbox 1570 4059 1652 4119; x_wconf 83' lang='lat' dir='ltr'>oileu-</span> 
     </span>
     <span class='ocr_line' id='line_1_40' title="bbox 78 4150 1652 4235; baseline 0.001 -23"><span class='ocrx_word' id='word_1_590' title='bbox 78 4154 168 4212; x_wconf 86' lang='lat' dir='ltr'>dicnla</span> <span class='ocrx_word' id='word_1_591' title='bbox 181 4156 315 4233; x_wconf 86' lang='lat' dir='ltr'>incurrat,</span> <span class='ocrx_word' id='word_1_592' title='bbox 325 4176 393 4217; x_wconf 84' lang='lat' dir='ltr'>neve</span> <span class='ocrx_word' id='word_1_593' title='bbox 405 4171 465 4216; x_wconf 87' lang='lat' dir='ltr'>ruat</span> <span class='ocrx_word' id='word_1_594' title='bbox 478 4155 507 4214; x_wconf 91' lang='lat' dir='ltr'>in</span> <span class='ocrx_word' id='word_1_595' title='bbox 516 4152 673 4235; x_wconf 73' lang='lat' dir='ltr'>praecipitia.</span> <span class='ocrx_word' id='word_1_596' title='bbox 685 4153 756 4211; x_wconf 89' lang='lat' dir='ltr'>Nam</span> <span class='ocrx_word' id='word_1_597' title='bbox 768 4152 894 4231; x_wconf 89' lang='lat' dir='ltr'>utrinque</span> <span class='ocrx_word' id='word_1_598' title='bbox 908 4151 1057 4232; x_wconf 72' lang='lat' dir='ltr'>praecipitia</span> <span class='ocrx_word' id='word_1_599' title='bbox 1071 4150 1159 4211; x_wconf 89' lang='lat' dir='ltr'>sensui</span> <span class='ocrx_word' id='word_1_600' title='bbox 1171 4171 1221 4210; x_wconf 92' lang='lat' dir='ltr'>suo</span> <span class='ocrx_word' id='word_1_601' title='bbox 1240 4150 1448 4224; x_wconf 85' lang='lat' dir='ltr'>conlidentibus,</span> <span class='ocrx_word' id='word_1_602' title='bbox 1460 4172 1508 4209; x_wconf 91' lang='lat' dir='ltr'>nec</span> <span class='ocrx_word' id='word_1_603' title='bbox 1525 4151 1652 4214; x_wconf 77' lang='lat' dir='ltr'>Ecclesia</span> 
     </span>
     <span class='ocr_line' id='line_1_41' title="bbox 80 4243 1653 4332; baseline 0.003 -27"><span class='ocrx_word' id='word_1_604' title='bbox 80 4247 128 4305; x_wconf 84' lang='lat' dir='ltr'>Dei</span> <span class='ocrx_word' id='word_1_605' title='bbox 141 4248 320 4328; x_wconf 73' lang='lat' dir='ltr'>haerentibus,</span> <span class='ocrx_word' id='word_1_606' title='bbox 333 4251 415 4332; x_wconf 85' lang='lat' dir='ltr'>objici</span> <span class='ocrx_word' id='word_1_607' title='bbox 425 4249 552 4332; x_wconf 83' lang='lat' dir='ltr'>probavit</span> <span class='ocrx_word' id='word_1_608' title='bbox 565 4261 685 4308; x_wconf 84' lang='lat' dir='ltr'>eventus.</span> <span class='ocrx_word' id='word_1_609' title='bbox 701 4246 836 4307; x_wconf 86' lang='lat' dir='ltr'>Sahellius</span> <span class='ocrx_word' id='word_1_610' title='bbox 847 4246 920 4306; x_wconf 89' lang='lat' dir='ltr'>enim</span> <span class='ocrx_word' id='word_1_611' title='bbox 937 4245 1041 4305; x_wconf 91' lang='lat' dir='ltr'>Christi</span> <span class='ocrx_word' id='word_1_612' title='bbox 1062 4244 1135 4304; x_wconf 90' lang='lat' dir='ltr'>dicta</span> <span class='ocrx_word' id='word_1_613' title='bbox 1150 4243 1298 4319; x_wconf 88' lang='lat' dir='ltr'>attendens,</span> <span class='ocrx_word' id='word_1_614' title='bbox 1312 4243 1387 4323; x_wconf 90' lang='lat' dir='ltr'>queis</span> <span class='ocrx_word' id='word_1_615' title='bbox 1397 4266 1425 4304; x_wconf 91' lang='lat' dir='ltr'>se</span> <span class='ocrx_word' id='word_1_616' title='bbox 1439 4246 1511 4305; x_wconf 89' lang='lat' dir='ltr'>Patri</span> <span class='ocrx_word' id='word_1_617' title='bbox 1523 4250 1653 4328; x_wconf 73' lang='lat' dir='ltr'>aequahm</span> 
     </span>
     <span class='ocr_line' id='line_1_42' title="bbox 78 4338 1651 4424; baseline 0.003 -25"><span class='ocrx_word' id='word_1_618' title='bbox 78 4355 102 4399; x_wconf 87' lang='lat' dir='ltr'>et</span> <span class='ocrx_word' id='word_1_619' title='bbox 112 4344 370 4405; x_wconf 65' lang='lat' dir='ltr'>mnsubstautim</span> <span class='ocrx_word' id='word_1_620' title='bbox 381 4344 533 4418; x_wconf 90' lang='lat' dir='ltr'>indicabat,</span> <span class='ocrx_word' id='word_1_621' title='bbox 544 4365 579 4403; x_wconf 88' lang='lat' dir='ltr'>ex</span> <span class='ocrx_word' id='word_1_622' title='bbox 592 4343 663 4403; x_wconf 89' lang='lat' dir='ltr'>male</span> <span class='ocrx_word' id='word_1_623' title='bbox 678 4342 814 4402; x_wconf 90' lang='lat' dir='ltr'>intellecta</span> <span class='ocrx_word' id='word_1_624' title='bbox 825 4340 1101 4402; x_wconf 86' lang='lat' dir='ltr'>consubstantialitate</span> <span class='ocrx_word' id='word_1_625' title='bbox 1118 4338 1320 4398; x_wconf 88' lang='lat' dir='ltr'>distinctionem</span> <span class='ocrx_word' id='word_1_626' title='bbox 1337 4361 1512 4418; x_wconf 89' lang='lat' dir='ltr'>personarum</span> <span class='ocrx_word' id='word_1_627' title='bbox 1533 4347 1651 4424; x_wconf 91' lang='lat' dir='ltr'>sustulit,</span> 
     </span>
     <span class='ocr_line' id='line_1_43' title="bbox 79 4431 1651 4517; baseline 0.004 -24"><span class='ocrx_word' id='word_1_628' title='bbox 79 4449 156 4513; x_wconf 80' lang='lat' dir='ltr'>atque</span> <span class='ocrx_word' id='word_1_629' title='bbox 165 4458 253 4497; x_wconf 90' lang='lat' dir='ltr'>unum</span> <span class='ocrx_word' id='word_1_630' title='bbox 263 4437 443 4517; x_wconf 90' lang='lat' dir='ltr'>eumdemque</span> <span class='ocrx_word' id='word_1_631' title='bbox 455 4460 512 4498; x_wconf 79' lang='lat' dir='ltr'>esse</span> <span class='ocrx_word' id='word_1_632' title='bbox 525 4438 647 4514; x_wconf 82' lang='lat' dir='ltr'>Patrem,</span> <span class='ocrx_word' id='word_1_633' title='bbox 664 4451 690 4496; x_wconf 92' lang='lat' dir='ltr'>et</span> <span class='ocrx_word' id='word_1_634' title='bbox 706 4435 808 4495; x_wconf 90' lang='lat' dir='ltr'>Filium</span> <span class='ocrx_word' id='word_1_635' title='bbox 820 4450 845 4495; x_wconf 91' lang='lat' dir='ltr'>et</span> <span class='ocrx_word' id='word_1_636' title='bbox 859 4435 995 4517; x_wconf 80' lang='lat' dir='ltr'>Spiritum</span> <span class='ocrx_word' id='word_1_637' title='bbox 1005 4447 1128 4493; x_wconf 88' lang='lat' dir='ltr'>sanctum</span> <span class='ocrx_word' id='word_1_638' title='bbox 1146 4431 1231 4510; x_wconf 79' lang='lat' dir='ltr'>dixit,</span> <span class='ocrx_word' id='word_1_639' title='bbox 1243 4432 1325 4493; x_wconf 84' lang='lat' dir='ltr'>Arius</span> <span class='ocrx_word' id='word_1_640' title='bbox 1341 4448 1431 4494; x_wconf 89' lang='lat' dir='ltr'>autem</span> <span class='ocrx_word' id='word_1_641' title='bbox 1448 4457 1483 4494; x_wconf 92' lang='lat' dir='ltr'>cx</span> <span class='ocrx_word' id='word_1_642' title='bbox 1500 4437 1651 4501; x_wconf 91' lang='lat' dir='ltr'>humilibus</span> 
     </span>
     <span class='ocr_line' id='line_1_44' title="bbox 79 4521 1649 4612; baseline 0.006 -26"><span class='ocrx_word' id='word_1_643' title='bbox 79 4529 177 4590; x_wconf 86' lang='lat' dir='ltr'>Christi</span> <span class='ocrx_word' id='word_1_644' title='bbox 191 4531 285 4609; x_wconf 87' lang='lat' dir='ltr'>dictis,</span> <span class='ocrx_word' id='word_1_645' title='bbox 296 4535 324 4592; x_wconf 95' lang='lat' dir='ltr'>in</span> <span class='ocrx_word' id='word_1_646' title='bbox 335 4533 494 4594; x_wconf 85' lang='lat' dir='ltr'>contrariam</span> <span class='ocrx_word' id='word_1_647' title='bbox 510 4521 620 4592; x_wconf 83' lang='lat' dir='ltr'>deflexit</span> <span class='ocrx_word' id='word_1_648' title='bbox 630 4532 808 4612; x_wconf 88' lang='lat' dir='ltr'>impietatem,</span> <span class='ocrx_word' id='word_1_649' title='bbox 821 4551 884 4590; x_wconf 93' lang='lat' dir='ltr'>cum</span> <span class='ocrx_word' id='word_1_650' title='bbox 895 4530 975 4590; x_wconf 87' lang='lat' dir='ltr'>aliam</span> <span class='ocrx_word' id='word_1_651' title='bbox 988 4528 1085 4605; x_wconf 86' lang='lat' dir='ltr'>Patris,</span> <span class='ocrx_word' id='word_1_652' title='bbox 1101 4527 1184 4586; x_wconf 88' lang='lat' dir='ltr'>aliam</span> <span class='ocrx_word' id='word_1_653' title='bbox 1193 4527 1257 4586; x_wconf 83' lang='lat' dir='ltr'>Filii</span> <span class='ocrx_word' id='word_1_654' title='bbox 1275 4529 1452 4589; x_wconf 89' lang='lat' dir='ltr'>substantiam</span> <span class='ocrx_word' id='word_1_655' title='bbox 1467 4531 1548 4609; x_wconf 80' lang='lat' dir='ltr'>dixit,</span> <span class='ocrx_word' id='word_1_656' title='bbox 1568 4534 1649 4595; x_wconf 91' lang='lat' dir='ltr'>hanc-</span> 
     </span>
     <span class='ocr_line' id='line_1_45' title="bbox 78 4622 1496 4708; baseline 0.002 -26"><span class='ocrx_word' id='word_1_657' title='bbox 78 4644 127 4700; x_wconf 90' lang='lat' dir='ltr'>que</span> <span class='ocrx_word' id='word_1_658' title='bbox 140 4626 274 4686; x_wconf 89' lang='lat' dir='ltr'>minorem</span> <span class='ocrx_word' id='word_1_659' title='bbox 284 4627 340 4686; x_wconf 92' lang='lat' dir='ltr'>illa.</span> <span class='ocrx_word' id='word_1_660' title='bbox 355 4627 402 4687; x_wconf 83' lang='lat' dir='ltr'>sic</span> <span class='ocrx_word' id='word_1_661' title='bbox 413 4648 517 4708; x_wconf 88' lang='lat' dir='ltr'>semper</span> <span class='ocrx_word' id='word_1_662' title='bbox 533 4626 566 4686; x_wconf 90' lang='lat' dir='ltr'>iis</span> <span class='ocrx_word' id='word_1_663' title='bbox 579 4625 626 4706; x_wconf 93' lang='lat' dir='ltr'>qui</span> <span class='ocrx_word' id='word_1_664' title='bbox 636 4625 764 4685; x_wconf 78' lang='lat' dir='ltr'>Ecclesia</span> <span class='ocrx_word' id='word_1_665' title='bbox 778 4646 906 4685; x_wconf 86' lang='lat' dir='ltr'>ancoram</span> <span class='ocrx_word' id='word_1_666' title='bbox 921 4646 974 4684; x_wconf 92' lang='lat' dir='ltr'>nou</span> <span class='ocrx_word' id='word_1_667' title='bbox 989 4636 1089 4700; x_wconf 90' lang='lat' dir='ltr'>tenent,</span> <span class='ocrx_word' id='word_1_668' title='bbox 1105 4622 1276 4702; x_wconf 81' lang='lat' dir='ltr'>naufragium</span> <span class='ocrx_word' id='word_1_669' title='bbox 1287 4623 1438 4684; x_wconf 90' lang='lat' dir='ltr'>timendum</span> <span class='ocrx_word' id='word_1_670' title='bbox 1448 4641 1496 4685; x_wconf 90' lang='lat' dir='ltr'>est.</span> 
     </span>
    </p>

    <p class='ocr_par' dir='ltr' id='par_1_12' title="bbox 79 4717 1651 5279">
     <span class='ocr_line' id='line_1_46' title="bbox 119 4717 1651 4800; baseline 0.003 -21"><span class='ocrx_word' id='word_1_671' title='bbox 119 4719 181 4779; x_wconf 73' lang='lat' dir='ltr'>Haec</span> <span class='ocrx_word' id='word_1_672' title='bbox 194 4723 261 4780; x_wconf 86' lang='lat' dir='ltr'>satis</span> <span class='ocrx_word' id='word_1_673' title='bbox 270 4737 367 4782; x_wconf 87' lang='lat' dir='ltr'>sunto:</span> <span class='ocrx_word' id='word_1_674' title='bbox 382 4722 405 4781; x_wconf 90' lang='lat' dir='ltr'>si</span> <span class='ocrx_word' id='word_1_675' title='bbox 417 4722 489 4781; x_wconf 90' lang='lat' dir='ltr'>enim</span> <span class='ocrx_word' id='word_1_676' title='bbox 501 4721 590 4782; x_wconf 90' lang='lat' dir='ltr'>omnia</span> <span class='ocrx_word' id='word_1_677' title='bbox 603 4735 728 4781; x_wconf 89' lang='lat' dir='ltr'>annotata</span> <span class='ocrx_word' id='word_1_678' title='bbox 744 4721 802 4781; x_wconf 88' lang='lat' dir='ltr'>loca</span> <span class='ocrx_word' id='word_1_679' title='bbox 818 4742 879 4800; x_wconf 85' lang='lat' dir='ltr'>quae</span> <span class='ocrx_word' id='word_1_680' title='bbox 898 4719 977 4800; x_wconf 91' lang='lat' dir='ltr'>impii</span> <span class='ocrx_word' id='word_1_681' title='bbox 993 4718 1035 4778; x_wconf 89' lang='lat' dir='ltr'>illi</span> <span class='ocrx_word' id='word_1_682' title='bbox 1051 4717 1173 4777; x_wconf 68' lang='lat' dir='ltr'>duonum</span> <span class='ocrx_word' id='word_1_683' title='bbox 1191 4740 1225 4776; x_wconf 87' lang='lat' dir='ltr'>ex</span> <span class='ocrx_word' id='word_1_684' title='bbox 1239 4719 1351 4780; x_wconf 87' lang='lat' dir='ltr'>Joannis</span> <span class='ocrx_word' id='word_1_685' title='bbox 1363 4719 1511 4800; x_wconf 86' lang='lat' dir='ltr'>Evangelio</span> <span class='ocrx_word' id='word_1_686' title='bbox 1525 4721 1560 4781; x_wconf 89' lang='lat' dir='ltr'>ad</span> <span class='ocrx_word' id='word_1_687' title='bbox 1574 4745 1651 4784; x_wconf 89' lang='lat' dir='ltr'>suam</span> 
     </span>
     <span class='ocr_line' id='line_1_47' title="bbox 81 4813 1647 4898; baseline 0.003 -24"><span class='ocrx_word' id='word_1_688' title='bbox 81 4813 200 4875; x_wconf 71' lang='lat' dir='ltr'>iamim</span> <span class='ocrx_word' id='word_1_689' title='bbox 209 4817 339 4877; x_wconf 87' lang='lat' dir='ltr'>tuendam</span> <span class='ocrx_word' id='word_1_690' title='bbox 348 4817 527 4898; x_wconf 81' lang='lat' dir='ltr'>excerpebant</span> <span class='ocrx_word' id='word_1_691' title='bbox 539 4816 716 4895; x_wconf 88' lang='lat' dir='ltr'>adferremus,</span> <span class='ocrx_word' id='word_1_692' title='bbox 731 4816 840 4896; x_wconf 90' lang='lat' dir='ltr'>lougius</span> <span class='ocrx_word' id='word_1_693' title='bbox 861 4827 1014 4874; x_wconf 81' lang='lat' dir='ltr'>excurreret</span> <span class='ocrx_word' id='word_1_694' title='bbox 1031 4813 1124 4873; x_wconf 86' lang='lat' dir='ltr'>oratio.</span> <span class='ocrx_word' id='word_1_695' title='bbox 1140 4813 1170 4877; x_wconf 82' lang='lat' dir='ltr'>si</span> <span class='ocrx_word' id='word_1_696' title='bbox 1186 4835 1217 4873; x_wconf 91' lang='lat' dir='ltr'>ca</span> <span class='ocrx_word' id='word_1_697' title='bbox 1230 4836 1289 4893; x_wconf 85' lang='lat' dir='ltr'>quae</span> <span class='ocrx_word' id='word_1_698' title='bbox 1306 4815 1383 4873; x_wconf 83' lang='lat' dir='ltr'>affert</span> <span class='ocrx_word' id='word_1_699' title='bbox 1395 4816 1602 4896; x_wconf 86' lang='lat' dir='ltr'>Cluysostomus</span> <span class='ocrx_word' id='word_1_700' title='bbox 1612 4819 1647 4878; x_wconf 89' lang='lat' dir='ltr'>ad</span> 
     </span>
     <span class='ocr_line' id='line_1_48' title="bbox 79 4908 1649 4998; baseline 0.003 -32"><span class='ocrx_word' id='word_1_701' title='bbox 79 4908 232 4989; x_wconf 87' lang='lat' dir='ltr'>hujusmodi</span> <span class='ocrx_word' id='word_1_702' title='bbox 242 4911 402 4993; x_wconf 87' lang='lat' dir='ltr'>depellenda</span> <span class='ocrx_word' id='word_1_703' title='bbox 412 4913 465 4971; x_wconf 88' lang='lat' dir='ltr'>tela</span> <span class='ocrx_word' id='word_1_704' title='bbox 474 4933 679 4998; x_wconf 88' lang='lat' dir='ltr'>recenseremus,</span> <span class='ocrx_word' id='word_1_705' title='bbox 688 4911 780 4972; x_wconf 92' lang='lat' dir='ltr'>nullus</span> <span class='ocrx_word' id='word_1_706' title='bbox 789 4909 897 4971; x_wconf 85' lang='lat' dir='ltr'>dicendi</span> <span class='ocrx_word' id='word_1_707' title='bbox 909 4909 971 4969; x_wconf 89' lang='lat' dir='ltr'>finis</span> <span class='ocrx_word' id='word_1_708' title='bbox 983 4923 1058 4971; x_wconf 81' lang='lat' dir='ltr'>esset.</span> <span class='ocrx_word' id='word_1_709' title='bbox 1072 4911 1165 4968; x_wconf 92' lang='lat' dir='ltr'>Unum</span> <span class='ocrx_word' id='word_1_710' title='bbox 1177 4924 1216 4968; x_wconf 88' lang='lat' dir='ltr'>cst</span> <span class='ocrx_word' id='word_1_711' title='bbox 1236 4910 1332 4988; x_wconf 92' lang='lat' dir='ltr'>inquo</span> <span class='ocrx_word' id='word_1_712' title='bbox 1347 4911 1459 4970; x_wconf 72' lang='lat' dir='ltr'>sormssc</span> <span class='ocrx_word' id='word_1_713' title='bbox 1477 4934 1529 4971; x_wconf 93' lang='lat' dir='ltr'>uon</span> <span class='ocrx_word' id='word_1_714' title='bbox 1551 4914 1649 4972; x_wconf 88' lang='lat' dir='ltr'>frustra</span> 
     </span>
     <span class='ocr_line' id='line_1_49' title="bbox 80 5001 1648 5084; baseline 0.003 -22"><span class='ocrx_word' id='word_1_715' title='bbox 80 5001 216 5065; x_wconf 73' lang='lat' dir='ltr'>desudem</span> <span class='ocrx_word' id='word_1_716' title='bbox 236 5007 382 5084; x_wconf 88' lang='lat' dir='ltr'>industria,</span> <span class='ocrx_word' id='word_1_717' title='bbox 397 5007 426 5066; x_wconf 93' lang='lat' dir='ltr'>in</span> <span class='ocrx_word' id='word_1_718' title='bbox 445 5006 588 5066; x_wconf 84' lang='lat' dir='ltr'>referendis</span> <span class='ocrx_word' id='word_1_719' title='bbox 608 5007 720 5083; x_wconf 89' lang='lat' dir='ltr'>scilicet,</span> <span class='ocrx_word' id='word_1_720' title='bbox 737 5005 886 5066; x_wconf 86' lang='lat' dir='ltr'>asserendis</span> <span class='ocrx_word' id='word_1_721' title='bbox 909 5019 989 5084; x_wconf 91' lang='lat' dir='ltr'>atquc</span> <span class='ocrx_word' id='word_1_722' title='bbox 1010 5003 1177 5063; x_wconf 87' lang='lat' dir='ltr'>illustrandis</span> <span class='ocrx_word' id='word_1_723' title='bbox 1195 5005 1228 5062; x_wconf 91' lang='lat' dir='ltr'>iis</span> <span class='ocrx_word' id='word_1_724' title='bbox 1252 5003 1333 5079; x_wconf 88' lang='lat' dir='ltr'>loeis,</span> <span class='ocrx_word' id='word_1_725' title='bbox 1346 5028 1404 5083; x_wconf 82' lang='lat' dir='ltr'>quac</span> <span class='ocrx_word' id='word_1_726' title='bbox 1424 5004 1458 5063; x_wconf 89' lang='lat' dir='ltr'>ad</span> <span class='ocrx_word' id='word_1_727' title='bbox 1479 5005 1648 5066; x_wconf 87' lang='lat' dir='ltr'>divinitatem</span> 
     </span>
     <span class='ocr_line' id='line_1_50' title="bbox 80 5096 1648 5181; baseline 0.001 -23"><span class='ocrx_word' id='word_1_728' title='bbox 80 5097 184 5178; x_wconf 62' lang='lat' dir='ltr'>libram,</span> <span class='ocrx_word' id='word_1_729' title='bbox 199 5103 380 5181; x_wconf 79' lang='lat' dir='ltr'>arquahtatem</span> <span class='ocrx_word' id='word_1_730' title='bbox 392 5123 456 5161; x_wconf 90' lang='lat' dir='ltr'>cum</span> <span class='ocrx_word' id='word_1_731' title='bbox 470 5101 558 5179; x_wconf 90' lang='lat' dir='ltr'>Patre,</span> <span class='ocrx_word' id='word_1_732' title='bbox 572 5099 875 5160; x_wconf 88' lang='lat' dir='ltr'>consubstantialitatem</span> <span class='ocrx_word' id='word_1_733' title='bbox 884 5097 1052 5159; x_wconf 86' lang='lat' dir='ltr'>asserendam</span> <span class='ocrx_word' id='word_1_734' title='bbox 1065 5120 1096 5157; x_wconf 86' lang='lat' dir='ltr'>ac</span> <span class='ocrx_word' id='word_1_735' title='bbox 1106 5096 1343 5157; x_wconf 88' lang='lat' dir='ltr'>demonstrandam</span> <span class='ocrx_word' id='word_1_736' title='bbox 1354 5097 1448 5157; x_wconf 84' lang='lat' dir='ltr'>idonea</span> <span class='ocrx_word' id='word_1_737' title='bbox 1460 5098 1486 5155; x_wconf 92' lang='lat' dir='ltr'>in</span> <span class='ocrx_word' id='word_1_738' title='bbox 1500 5098 1648 5178; x_wconf 84' lang='lat' dir='ltr'>Evangelio</span> 
     </span>
     <span class='ocr_line' id='line_1_51' title="bbox 80 5191 1649 5279; baseline -0.003 -23"><span class='ocrx_word' id='word_1_739' title='bbox 80 5195 185 5256; x_wconf 78' lang='lat' dir='ltr'>ioannis</span> <span class='ocrx_word' id='word_1_740' title='bbox 198 5195 447 5279; x_wconf 88' lang='lat' dir='ltr'>deprehenduntnr.</span> <span class='ocrx_word' id='word_1_741' title='bbox 461 5193 534 5255; x_wconf 90' lang='lat' dir='ltr'>Illud</span> <span class='ocrx_word' id='word_1_742' title='bbox 545 5215 608 5258; x_wconf 81' lang='lat' dir='ltr'>vcro</span> <span class='ocrx_word' id='word_1_743' title='bbox 619 5195 830 5275; x_wconf 82' lang='lat' dir='ltr'>Chrysostomus</span> <span class='ocrx_word' id='word_1_744' title='bbox 846 5215 898 5254; x_wconf 93' lang='lat' dir='ltr'>non</span> <span class='ocrx_word' id='word_1_745' title='bbox 916 5192 1086 5272; x_wconf 86' lang='lat' dir='ltr'>indiligenter</span> <span class='ocrx_word' id='word_1_746' title='bbox 1105 5205 1266 5271; x_wconf 80' lang='lat' dir='ltr'>exsequutus</span> <span class='ocrx_word' id='word_1_747' title='bbox 1281 5206 1319 5250; x_wconf 86' lang='lat' dir='ltr'>cst</span> <span class='ocrx_word' id='word_1_748' title='bbox 1338 5191 1365 5249; x_wconf 87' lang='lat' dir='ltr'>in</span> <span class='ocrx_word' id='word_1_749' title='bbox 1383 5192 1432 5252; x_wconf 82' lang='lat' dir='ltr'>lroc</span> <span class='ocrx_word' id='word_1_750' title='bbox 1445 5193 1649 5271; x_wconf 74' lang='lat' dir='ltr'>continentur-io,</span> 
     </span>
    </p>
   </div>
   <div class='ocr_carea' id='block_1_5' title="bbox 0 0 1880 5940">
    <p class='ocr_par' dir='ltr' id='par_1_13' title="bbox 0 0 1880 5940">
     <span class='ocr_line' id='line_1_52' title="bbox 0 0 1880 5940; baseline 0 4"><span class='ocrx_word' id='word_1_751' title='bbox 0 0 1880 5940; x_wconf 95' lang='lat' dir='ltr'> </span> 
     </span>
    </p>
   </div>
  </div>
 </body>
</html>
