3750 5940
146 452 180 501 rs
207 452 320 518 utun,
348 453 461 503 ειιιιιιι
485 453 548 503 asr
570 452 713 503 ιιιιιιιιιινι
738 455 868 505 cacos.
896 428 1047 526 ramim,
1066 453 1148 509 are·
1352 444 1417 535 741

55 583 84 644 ιῐς
103 582 159 644 σοῖς
177 575 391 658 ’φιλοτιμοῦμαις
411 576 459 637 Ἔν
476 585 530 644 τοῖς
548 579 622 656 ίμοῑς
675 597 785 658 possum
801 599 876 655 eum,
890 578 937 660 qui
954 601 997 639 me
1010 593 1149 663 tantopere
1161 582 1309 662 adamarit,
1321 586 1369 666 qui
1384 586 1421 648 ita

57 655 110 737 γὰρ
125 655 266 736 ἐπίτροπόν
283 680 313 717 σε
327 660 375 729 τῆς
389 659 455 735 ίμῆς
469 656 623 730 κατίστησα
676 656 810 734 credidit,
825 678 880 718 uon
890 659 964 719 omui
977 660 1076 739 studio,
1087 662 1162 722 omui
1176 662 1278 724 bonore
1285 664 1419 726 decorare.

54 735 134 796 θοιιόν
155 758 186 795 σι
204 735 347 804 ίλαὸονὼς
359 734 386 804 li
399 740 494 817 ἀρχῆς.
508 736 556 808 Μὴ
569 736 622 820 γὰρ
675 735 753 796 Sicut
764 737 912 814 credidisti,
922 737 1038 800 credidit
1051 764 1058 798 ι
1072 741 1143 801 sicut
1155 742 1311 821 abundasti,
1328 746 1419 805 abuu-

55 817 122 894 ίμῆς
133 813 249 884 ἐξαισίοις
258 815 458 897 ἐχειροτόνησας
470 815 518 882 Ὡς
551 816 621 876 ιλάν-
675 813 772 875 davit:
787 816 859 877 sicut
876 816 1012 892 adorasti,
1026 817 1171 882 adoravit:
1188 822 1258 882 sicut
1278 825 1418 904 regnasti,

55 894 261 973 buleuterium
269 900 321 954 τῶν
328 898 452 973 ἐμαυτοῦ.
463 896 517 954 Είθ
560 898 622 955 θαλ-
675 894 818 974 regnavit:
834 896 905 957 sicut
922 897 1062 972 laborasti,
1082 920 1135 959 non
1155 901 1287 963 laboravit
1297 925 1306 980 ρ
1324 925 1421 963 rerum
1447 970 1450 978 q

54 972 167 1077 ίρίστιν,
176 975 206 1032 αθ
215 974 323 1033 δύναται
335 973 451 1054 βλέπειν,
461 973 479 1032 θ
488 976 622 1055 ὀφθαλμὸς
674 993 723 1052 ego
734 974 820 1054 gratia
832 973 967 1036 defectum
980 979 1115 1069 suppleri.
1128 979 1194 1040 Aut
1207 1002 1267 1040 non
1281 983 1348 1042 licet
1362 987 1419 1042 mi·
1429 1006 1515 1052 Maur,
1529 1020 1569 1054 ao.

54 1078 89 1121 νος
101 1056 150 1113 οὐκ
160 1053 281 1124 ἥκωσιν.
297 1053 438 1114 ’λθολίντου
449 1054 528 1134 χρεία
538 1054 621 1132 βλίμ-
674 1053 707 1110 tu·
716 1058 818 1134 facere
830 1076 896 1136 quoe
912 1057 995 1128 οοίο,
1011 1078 1038 1116 m
1051 1056 1086 1116 iis
1104 1079 1165 1137 quae
1178 1080 1237 1119 mea
1255 1062 1341 1121 sunt?
1354 1069 1468 1122 num15·

54 1136 91 1191 ῶν
98 1133 409 1215 μυστηρίωνίπίσκιψιν·
419 1138 536 1214 καθαρᾶς
542 1132 620 1213 χρεία
673 1132 744 1191 enim
754 1154 796 1193 res
807 1147 867 1194 tues
880 1135 1024 1216 expendo?
1036 1137 1089 1195 lies
1102 1158 1174 1227 Qus
1191 1138 1331 1221 dilargior.
1347 1143 1421 1202 Num

56 1215 111 1272 τῶν
125 1215 247 1293 καθαρῶν
260 1214 428 1284 κατανόησιν.
442 1211 620 1285 Είθετι,πῶς
637 1221 657 1268 1)
674 1211 728 1271 tuis
748 1213 882 1272 sumtibus
904 1214 1116 1275 munificentiam
1128 1237 1217 1277 meam
1231 1220 1363 1280 exerceo?
1378 1224 1421 1281 De

54 1292 122 1364 νίν-ις
133 1295 220 1370 ἡμῶν·
233 1291 328 1366 τίθετε,
342 1294 400 1358 πῶς
412 1289 471 1359 τοὺς
484 1292 511 1349 ἐν
524 1291 618 1372 διαρό-
671 1289 752 1351 rebus
772 1293 838 1352 meis
855 1313 906 1373 pro
924 1314 984 1353 mea
1008 1295 1166 1357 auctoritate
1183 1311 1280 1358 statuo.
1301 1302 1373 1360 Num
1395 1314 1421 1360 te

54 1397 59 1408 .
603 1405 618 1416 ,
796 1370 802 1383 ⁸
1185 1375 1191 1388 ¹
1226 1378 1257 1413 '0

54 1369 619 1529 mutsrtiuiltffltitlt,
670 1370 914 1510 illitas
929 1381 1420 1534 &tlt-'tili‘tlnlffit

56 1530 146 1600 ξίιισεν
157 1554 164 1567 ·
176 1529 274 1603 τίθετε,
285 1534 342 1597 πῶς
354 1529 400 1589 καὶ
417 1526 477 1595 τοὺς
493 1528 619 1609 ἐσχάτως
669 1528 809 1609 potestatis
818 1527 960 1590 dominum
971 1473 1136 1611 designari?
1149 1536 1188 1594 Ut
1207 1536 1338 1616 benignus
1356 1559 1419 1620 par·

54 1634 108 1679 τοις
119 1608 228 1681 ἐποίησε
239 1607 340 1682 lubrie
352 1609 617 1668 ἅθυσσοντῶναύτοῖ
669 1606 779 1689 tieipem
801 1630 893 1669 rerum
916 1630 1038 1670 mearum
1062 1625 1088 1670 te
1108 1613 1168 1672 feei.
1189 1615 1218 1673 Si
1241 1616 1334 1678 oculus
1355 1631 1418 1678 tuus

54 1685 617 1846 libertitatis-idisti&
668 1687 1357 1864 atzat‘ffittl‘tittffiltsst”
1371 1697 1416 1835 {it
1430 1719 1569 1784 ''⁰'·⁰²·⁹·

54 1815 62 1886 ἱ
75 1847 209 1927 Ὑπάγετε
218 1846 264 1906 καὶ
274 1852 349 1926 ὑμεῖς
361 1849 396 1913 εἰς
407 1846 451 1906 τὸν
461 1848 616 1922 ἀμπελῶνα.
669 1811 731 1905 nati
743 1859 783 1905 est
795 1867 864 1927 opus
881 1846 917 1907 ad
931 1848 989 1908 brec
1002 1863 1131 1931 mysterra
1146 1854 1312 1914 contuenda:
1327 1797 1417 1915 abina

54 1951 139 1998 ιενος,
155 1932 170 1987 θ
184 1927 275 2004 μισθὸς
289 1926 422 2006 οὐράνιος,
432 1925 463 1986 τθ
474 1926 549 2005 ἔργον
561 1950 616 1986 σοι·
666 1945 735 2061 pura
749 1938 789 1984 est
802 1946 871 2007 opus
882 1925 920 1987 ad
928 1927 1113 2020 intelligenda,
1124 1952 1183 2009 quae
1195 1954 1263 2013 pura
1277 1948 1349 1993 sunt.
1364 1937 1417 1996 vi-

53 2006 114 2067 ιλὼν
130 2004 299 2087 coeperim
309 2005 375 2086 θύρα
388 2010 433 2065 τοῦ
448 2008 616 2082 ἀμπελῶνος,
687 2004 746 2064 istis
758 2025 812 2083 quo
825 2019 904 2086 pacto
910 2007 998 2067 boum
1004 2021 1039 2067 stt
1047 2009 1179 2069 Dominus
1191 2026 1297 2072 noster:
1309 2013 1417 2074 vidistis

53 2114 56 2144 ι
74 2084 245 2158 καθέστηκεν.
262 2084 296 2144 Ἡ
317 2085 374 2144 θεία
390 2083 468 2165 χάρις
484 2087 520 2152 είς
538 2084 568 2144 θύ
585 2107 616 2142 αν
634 2103 653 2150 ιι
668 2104 723 2161 quo
744 2097 824 2165 paeto
836 2106 899 2164 eos,
911 2087 959 2165 qui
977 2087 1093 2148 diversis
1108 2091 1274 2172 temporibus
1297 2114 1416 2154 accesse-

53 2162 286 2246 ιαςπαρισταμίνη
296 2164 414 2242 καθάπερ
427 2162 523 2244 ραιόρθ
532 2108 619 2223 πολιν
669 2175 750 2240 runt,
773 2183 856 2223 unam
874 2177 965 2224 autem
988 2166 1070 2227 iidem
1091 2182 1118 2228 et
1143 2169 1225 2229 animi
1247 2171 1370 2233 studium
1392 2189 1418 2235 et

53 2270 76 2313 ις
88 2245 147 2313 τούς
163 2246 195 2303 δι’
207 2247 288 2315 αὐτῆς
298 2243 426 2311 εἰσιόντας
441 2245 507 2323 βοᾷ·
522 2242 617 2317 αύτηὴ
669 2241 897 2333 conversationem
920 2245 1113 2325 ostenderunt,
1174 2249 1251 2310 ribus
1269 2251 1418 2314 bonoribus

53 2325 99 2396 ίον,
112 2322 280 2406 νεορώτιστσι
294 2323 468 2384 διελιύσονται
480 2325 514 2382 δι’
524 2325 615 2394 αὐτῆς.
670 2322 880 2401 muneribusque
889 2323 1017 2404 dignatus
1028 2326 1063 2385 sit
1075 2270 1269 2422 :viriliusque
1282 2346 1361 2413 paeto
1370 2354 1417 2394 no-

53 2410 139 2484 νοῦμεν
152 2409 214 2482 ύμῖν
223 2406 259 2470 ὡς
268 2406 418 2463 τελευταῖον
430 2403 557 2475 ἐλθοῦσιν,
572 2404 617 2463 καὶ
669 2400 796 2462 tissimus
820 2401 899 2462 αἰτίαν
931 2405 1048 2483 aequales
1072 2407 1164 2467 fecerit
1189 2410 1285 2490 primis
1309 2426 1418 2493 propter

53 2484 147 2555 ιδοῖης
158 2481 330 2562 μετέχουσιν·
346 2481 415 2542 ἀλλὰ
425 2480 616 2601 σνγροριύσμεν
669 2480 800 2571 abyssum
820 2481 1020 2545 miserationum
1034 2506 1153 2546 suarum.
1169 2488 1289 2549 Adducti
1304 2490 1367 2551 estis
1381 2493 1417 2553 ad

53 2564 89 2623 ιαὶ
112 2562 300 2643 συγχαίρομεν,
317 2562 448 2642 ἡμετέραν
474 2562 549 2629 οό,αν
568 2562 616 2636 τὴν
668 2573 705 2619 tta
716 2561 863 2653 benignum
876 2563 1114 2657 Βοιιιίινιιιιιιῐροο
1122 2587 1194 2629 nttnc
1204 2569 1284 2629 etiam
1294 2591 1343 2630 vos
1353 2592 1417 2632 eon·

53 2642 118 2724 ςρίαν
129 2641 279 2721 ἡγούμενοι.
293 2640 434 2713 Ποθήσατε
449 2632 493 2700 σύν
502 2641 547 2700 τὸν
564 2666 615 2701 κοι-
667 2638 765 2701 duxit:
777 2662 784 2698 ι
805 2662 833 2700 se
850 2630 928 2702 vobis
948 2643 1029 2703 etiam
1042 2644 1129 2704 dieite
1143 2649 1190 2706 Ite
1203 2661 1234 2707 et
1247 2670 1303 2708 uos
1323 2655 1354 2708 in
1369 2656 1416 2710 vi-

52 2747 80 2782 τι
100 2727 148 2794 τῆς
162 2725 202 2797 είςι
214 2722 257 2781 τὸν
275 2723 421 2800 ἀμπελῶνα
433 2719 555 2803 εὐπορίας
565 2720 615 2793 τὴν
668 2740 762 2779 neam.
784 2663 858 2780 bens
878 2735 919 2812 est
934 2723 983 2801 qui
1006 2724 1148 2799 conducit,
1163 2747 1265 2786 merces
1280 2729 1413 2807 celestis,

62 2805 167 2872 ἀπλανῆ
181 2825 187 2837 ·
201 2801 290 2868 πίστις
303 2800 355 2884 γὰρ
375 2806 422 2872 τῆς
443 2799 487 2860 ἰπὶ
504 2799 553 2872 τὴν
566 2823 615 2859 κο-
666 2818 735 2889 opus
747 2799 876 2890 salutare,
891 2821 970 2862 vinea
984 2803 1123 2883 speciosa,
1140 2804 1224 2864 vinear
1235 2807 1328 2889 janua,
1339 2810 1415 2868 lava-

53 2880 244 3020 ifipaloell‘
258 2880 369 2962 ἀγαθός,
383 2879 472 2948 πίστις
485 2885 613 2960 χειμαζο-
666 2896 705 2936 οιι
725 2899 828 2959 piscina
848 2880 991 2940 constituta
1005 2896 1053 2941 est.
1068 2882 1169 2943 Divina
1184 2887 1269 2965 gratia
1284 2909 1334 2978 pru
1348 2888 1414 2948 fori-

82 2984 183 3041 γκορα,
197 2961 286 3027 πίστις
308 2959 509 3040 ἀνθρωπόιητος
530 2959 613 3037 λιμὴν
648 2954 717 3016 bus
734 2971 823 3017 astaus
839 2957 950 3040 piscinae
969 2973 1107 3041 tamquam
1124 2963 1230 3043 elegans
1243 2966 1361 3041 ostiaria,
1379 2967 1414 3027 ad

53 3066 71 3109 ις
87 3047 139 3101 τῶν
160 3045 192 3099 do
209 3039 279 3098 σίτων
298 3038 446 3119 κάτοπτρον
463 3040 549 3112 τηλσυ
568 3038 767 3122 ὲςηωοῐῠυεο,
785 3037 833 3117 qui
859 3059 908 3120 per
922 3060 981 3099 eam
994 3041 1200 3122 ingrediuntur,
1216 3044 1331 3105 clamat:
1347 3047 1413 3106 Haec

53 3120 152 3180 οανσίσο
173 3065 288 3198 ΊῨριοίδος
309 3117 464 3185 διδάσκαλος
485 3063 612 3196 tepidae,
630 3135 650 3181 Α
665 3129 743 3196 porta
768 3117 896 3194 Domini,
921 3139 1012 3180 recens
1034 3121 1180 3181 illuminati
1204 3122 1344 3184 intrabunt
1365 3147 1414 3208 per

52 3207 59 3274 ’ς
101 3197 323 3278 ςπαρεσκεύασεν
340 3201 428 3258 ἐκεῖνα
440 3197 475 3256 τὰ
494 3198 612 3278 σωπίρια
665 3216 734 3254 eam.
748 3197 1072 3281 Nosvobisnequaquam
1087 3201 1412 3288 inridemusutquipo-

53 3305 89 3340 ναι
100 3282 136 3347 εἰς
147 3277 192 3338 ἵνα
203 3278 272 3338 Θεὸν
284 3276 392 3358 Πατέρα
401 3276 611 3360 παντοκράτορα.
665 3287 763 3335 semme
783 3277 932 3357 veneritis,
944 3292 971 3338 et
990 3280 1089 3358 quibus
1110 3294 1199 3342 tamen
1218 3282 1311 3343 eadem
1328 3285 1414 3364 gloria

53 3363 162 3440 ίριυνῶ·
176 3357 350 3428 πιστεύω,ὠ
365 3355 494 3416 θιιύκωτὸ
507 3358 611 3417 ἀκατσί-
665 3355 804 3415 nobiseum
827 3356 982 3434 obseret-in
1008 3358 1056 3418 sed
1079 3381 1142 3420 cum
1162 3362 1221 3442 ejus
1244 3365 1414 3424 consortibus

52 3440 97 3511 ύω,
110 3443 140 3499 οὐ
188 3463 204 3496 τ
223 3443 241 3456 '⁴
261 3438 292 3496 τὸ
306 3435 466 3517 ἀμίτρητον.
481 3435 546 3497 ’Ele
561 3461 610 3496 πι-
664 3447 803 3514 tamquam
818 3457 881 3495 cum
899 3436 1030 3497 iratribus
1044 3439 1231 3517 exsultamus,
1253 3456 1333 3522 atque
1347 3465 1413 3524 gra-

52 3543 118 3597 ,ομαι
133 3461 188 3590 τίῑνι
197 3463 298 3598 illie
317 3516 362 3576 lim
380 3517 611 3598 πιριιργσίζωμαι,
664 3513 804 3590 tulamur,
824 3529 850 3575 et
869 3516 984 3577 salutem
1003 3532 1143 3595 vestram,
1160 3535 1279 3581 nostram
1299 3523 1415 3603 gloriam

52 3598 103 3667 ,νιος
120 3597 276 3677 λογισμούς·
290 3595 335 3655 ttv
349 3596 484 3656 πιστεύσω
497 3598 588 3664 καλῶς
602 3641 610 3672 ,
664 3593 836 3654 arbitramur.
853 3597 949 3675 Itaque
960 3619 1034 3675 eum,
1045 3598 1091 3679 qni
1106 3600 1213 3659 vocavit
1224 3622 1290 3677 vos,
1306 3603 1415 3662 adama-

52 3704 63 3748 ς
77 3677 197 3778 οὐρανόν·
208 3676 252 3735 ἐὰν
264 3675 371 3777 ζηρήσω
383 3674 544 3814 περιόργως,
559 3700 611 3775 ρισ-
663 3686 690 3732 te
700 3696 707 3730 τ
719 3674 833 3766 accipite
843 3674 932 3766 facilis
946 3676 973 3736 in
992 3678 1100 3737 vineam
1120 3678 1256 3759 ingressus
1269 3695 1373 3773 eertum
1388 3696 1415 3740 et

52 3756 609 3917 ξαλβίίίιξέρῗῗιτσενυξκρίίςτορνέ.ἵόνομῦοᾷίιί
662 3755 1046 3914 bbrpilrilslniaepliiblidarlluipetidsi
1070 3757 1414 3916 bilidrusfidiictdimiiaiil
1533 3854 1542 3872 ⁸

52 3942 57 3974 ν
72 3915 209 3988 Ἑλλήνων
226 3914 442 3992 πεπλανημένους
458 3914 545 3983 θεούς·
559 3937 609 3974 πσ-
662 3926 809 3989 monstrat;
824 3913 903 3992 fides,
915 3928 1016 3973 naturae
1033 3915 1150 3976 anchora
1164 3929 1216 3975 tem
1238 3930 1320 3976 estate
1325 3919 1413 3998 jacta-

52 3998 124 4058 ισνὸν
138 3999 186 4055 οὐκ
200 3999 275 4055 οἰκεῖ.
287 3993 359 4054 Ἕνα
378 3995 424 4054 καί
444 3993 522 4071 μόνον
539 3995 608 4055 Θεόν
661 4005 695 4050 1ae
717 4016 724 4049 :
744 3991 828 4067 fides,
852 3992 964 4052 humani
984 3994 1089 4072 generis
1108 3939 1274 4074 tranquillus
1297 4010 1413 4077 portus,

52 4062 109 4137 Ιτόν
127 4074 310 4155 ιἰρειανισμύν·
328 4077 357 4133 ού
372 4073 456 4152 λέγω,
470 4064 502 4146 ἦν
527 4074 608 4147 ποτὲ,
661 4071 749 4147 fides,
775 4092 947 4150 eorumquae
970 4072 1021 4131 sub
1040 4072 1133 4133 oculos
1156 4073 1268 4132 minime
1291 4076 1413 4153 cadunt,

52 4157 104 4239 ήρ·
117 4155 186 4215 ἀλλὰ
198 4156 238 4214 ἀεὶ
251 4155 319 4216 Θεὸν
337 4153 381 4212 τὸν
393 4154 472 4226 θεὸν,
492 4153 534 4211 ἀεὶ
550 4155 608 4212 ne·
661 4149 834 4242 splendidum
846 4151 1005 4231 speculum
1017 4151 1094 4227 lides,
1103 4153 1339 4213 consubstantialis
1351 4156 1413 4214 Tri·

60 4235 199 4317 κηρῦττοι,
215 4233 297 4302 οὕτως
310 4233 372 4292 ὄντα
386 4231 510 4312 Πατίρα,
524 4237 559 4303 ὡς
570 4224 608 4292 ol·
661 4229 753 4290 nitatis
767 4228 862 4289 doctor
875 4243 1005 4305 exactus,
1016 4230 1094 4303 fides,
1109 4231 1196 4290 utilia
1210 4233 1340 4293 salutaria
1351 4254 1414 4293 ver·

51 4315 110 4376 ,τύω
124 4319 160 4380 εἰς
173 4313 216 4372 τὸν
230 4313 326 4390 Κύριον
339 4315 416 4390 ἡμῶν
427 4311 530 4383 Ἰησοῦν
541 4314 606 4395 Χρι·
660 4310 696 4368 ba
719 4310 918 4391 proferremus,
939 4309 1048 4368 effecit:
1066 4309 1154 4368 Credo
1174 4311 1202 4370 in
1222 4333 1306 4372 unum
1325 4316 1415 4373 Deum

51 4397 127 4455 αὐτοῦ
141 4394 185 4453 τὸν
200 4397 339 4472 μονογενῆ,
353 4393 398 4452 τὸν
413 4392 439 4461 ἐξ
451 4394 531 4451 αὐτοῦ
562 4418 607 4453 εν-
662 4389 769 4448 Patrem
783 4389 1002 4469 omnipotentem.
1013 4387 1112 4464 Credo,
1126 4410 1178 4448 uon
1190 4403 1294 4450 sortitor
1304 4415 1311 4448 ι
1323 4392 1415 4470 credo,

52 4499 118 4534 ντων
128 4479 181 4533 τῶν
192 4470 304 4545 αἰώνων,
316 4475 351 4539 ὡς
363 4471 440 4539 αὐτὸς
451 4471 529 4549 μόνος
540 4415 608 4532 dibeo
661 4489 712 4528 non
727 4489 875 4550 prosequor
888 4467 919 4526 id
934 4467 1010 4558 quod
1024 4467 1215 4548 comprehendi
1230 4490 1282 4530 uon
1304 4485 1391 4552 potest
1405 4496 1412 4530 ε

51 4552 190 4627 ννηθέντα,
210 4555 239 4611 αθ
258 4550 417 4624 ποιηθέντα
435 4551 607 4652 ρεννηθὲντα,
626 4570 644 4616 n
662 4547 740 4607 credo
751 4593 759 4621 ,
769 4568 821 4606 non
837 4547 933 4606 metior
945 4546 973 4605 id
986 4546 1060 4626 quod
1072 4547 1294 4609 immensum'est.
1310 4551 1339 4611 si
1352 4573 1413 4612 cre-

51 4632 211 4704 κινηθέντα,
226 4635 256 4691 οὐ
267 4633 508 4709 δημιουργηθεντα·
521 4634 550 4690 ἐκ
560 4635 608 4703 τῆς
660 4626 733 4703 dam,
748 4641 838 4686 mente
849 4625 992 4685 illuminor
1003 4648 1011 4703 3
1024 4625 1047 4685 si
1059 4626 1166 4686 curiose
1180 4627 1327 4706 inquiram,
1342 4644 1415 4691 tene·

51 4738 69 4781 u
92 4712 210 4793 ότρρόνως
232 4711 421 4790 ἐκλάμψαντα,
444 4712 491 4769 οὐκ
515 4709 607 4778 ἔξωθεν
660 4706 723 4766 bras
737 4706 833 4766 rationi
847 4727 912 4765 meae
923 4706 1056 4765 offundo:
1071 4705 1094 4765 si
1108 4719 1179 4765 recte
1193 4707 1310 4781 credam
1325 4709 1353 4769 in
1363 4732 1414 4770 οεο-

52 4781 397 4870 οθὲν,ὀύχύπσ6ολιμαῖον,
411 4789 428 4860 ἢ
442 4789 516 4848 νόθον
538 4790 606 4864 υἱὸν,
661 4787 718 4846 lum
739 4786 866 4858 attoll0r3
882 4785 905 4844 si
924 4784 1030 4845 curiose
1049 4806 1188 4864 quaram,
1210 4788 1364 4868 praecipitor
1386 4789 1413 4849 in

51 4871 204 4950 ’.παύγασμα
222 4868 387 4947 τοῦγνησίου
404 4868 522 4948 Πατρός,
538 4871 608 4928 ἀπα·
681 4864 835 4925 colondum.
853 4863 940 4923 Credo
962 4865 990 4923 in
1011 4886 1095 4924 unum
1114 4887 1146 4925 ae
1168 4866 1255 4926 solum
1273 4890 1367 4928 verum
1388 4883 1414 4928 et

51 4949 277 5032 ακτῆραάοράτου
288 4953 398 5046 μσρρῆς.
408 4938 477 5008 Οἶδα
490 4947 533 5007 τόν
546 4950 611 5028 Χρι-
661 4888 750 5004 ileum
767 4957 794 5003 et
813 4945 920 5003 Patrem
940 4943 1160 5025 omnipotentem.
1179 4947 1249 5005 Deos
1269 4969 1284 5005 a
1301 4948 1413 5028 paganis

51 5034 115 5092 Θεοῦ
130 5030 237 5110 Πατρὸς
250 5032 286 5095 ὡς
300 5032 381 5088 Θεον·
397 5018 455 5087 οἶδα
474 5028 518 5087 τὸν
539 5029 610 5109 Χρι-
662 5046 710 5116 per
727 5044 847 5084 errorem
866 5023 993 5083 confictos
1011 5023 1133 5104 abnego:
1148 5046 1200 5084 non
1223 5025 1295 5085 enim
1316 5027 1413 5086 celum

51 5109 123 5181 ιύλης
131 5111 212 5168 αὐτοῦ
223 5108 270 5168 καί
281 5106 396 5188 μητρός,
409 5109 565 5187 φαινόμενα
576 5111 612 5174 ὡς
664 5102 759 5163 meolit
783 5102 932 5163 multitudo
951 5103 1076 5163 deorum.
1096 5106 1189 5164 Unum
1213 5104 1300 5164 solum
1322 5108 1413 5165 Deum

51 5200 72 5248 :e
92 5188 137 5248 τὸν
156 5188 273 5270 Χριστὸν
287 5185 426 5266 θμοσύσιον
437 5194 492 5254 τοῖς
510 5184 612 5265 ἀνθρώ·
664 5183 783 5244 celebret
795 5181 1056 5243 Auianismumodi:
1073 5203 1126 5243 non
1137 5182 1208 5257 dico,
1217 5182 1283 5244 Erat
1296 5197 1412 5266 tempus,

51 5293 116 5330 οπον
132 5267 157 5337 ἐξ
176 5266 332 5348 ἀνθρώπου·
354 5256 411 5325 οἶδα
432 5266 477 5326 τθν
500 5266 613 5346 Χριστὸν
665 5284 795 5324 mennon
811 5275 868 5325 erat
885 5262 978 5337 Pater3
995 5262 1042 5324 sed
1061 5264 1166 5341 Deum,
1182 5281 1286 5345 semper
1299 5265 1411 5339 Βειιιιν,
