3750 5940
228 445 269 492 10
558 446 588 493 S.
615 445 755 493 toenitis
782 445 966 494 CHRYSOST·
999 447 1153 497 ructetur.
1182 448 1454 497 consentiuntur.

71 600 182 649 umquam
222 568 259 628 ita
279 589 374 650 nempe
389 568 498 628 ridiculi
514 587 606 629 omnes
620 571 736 630 luerunt.
747 569 802 641 Qui
817 590 882 632 vero
891 569 966 652 apud
1019 571 1077 632 riou
1089 573 1175 652 *ipis
1194 573 1360 655 priorique·
1380 573 1448 634 οὕτω
1468 572 1662 652 καταγέλαστοι
1676 577 1793 635 ἐντεῦθεν

70 655 145 712 pueri.
221 661 283 721 illos
296 661 449 721 admirandi
464 675 490 721 et
503 660 653 744 disciplinae
667 661 803 744 principes
823 662 966 739 habentur,
1021 668 1078 744 μεθ’
1098 667 1246 748 ύπερύολῆς
1260 665 1398 747 γεγόνασιν
1412 667 1536 734 άπαντες.
1555 662 1608 726 ‘Oi
1629 665 1657 727 δὲ
1674 670 1728 726 τῶν
1742 667 1794 727 άλ-

221 754 251 813 bi
264 753 384 813 maxime
397 769 475 815 suntt
495 754 542 834 qui
561 755 596 815 de
612 755 753 838 republica
766 769 793 815 et
807 754 842 814 de
860 755 967 836 legibus
982 766 1002 814 o
1019 759 1073 817 λων
1085 759 1279 837 θαυμασθέντος
1296 757 1376 819 πλίον
1391 762 1454 841 παρ’
1469 761 1574 832 αὐτοῖς,
1585 759 1631 818 καί
1644 759 1796 819 πιστιυθέν·

220 845 342 927 quaedum
358 847 495 929 scripsere,
503 863 529 909 et
537 863 626 909 tamen
639 850 667 908 in
678 849 804 909 omnibus
813 847 967 930 plusquam
1019 874 1063 920 τις
1071 841 1139 910 εἶναι
1149 861 1288 935 κορυφαῖοι
1302 855 1350 924 τῆς
1362 850 1512 931 ἐπιστήμης
1521 849 1637 926 ἐκείνης,
1651 841 1723 910 ebroe
1737 851 1794 930 μά-

219 938 296 1019 pueri
319 937 427 998 ridiculi
444 939 531 1000 babiti
552 955 635 1002 sunt:
650 940 725 1022 quod
741 940 867 1001 mulieres
881 941 967 1000 omni·
1020 944 1100 1002 λιστα
1116 947 1169 1004 τῶν
1182 943 1269 1004 ἄλλων
1285 943 1367 1005 εἰσίν·
1379 943 1426 1005 'oi
1435 941 1481 1003 καί
1497 942 1631 1011 πολιτείας
1646 941 1694 1021 μίν
1707 940 1795 1002 ίνεκεν

219 1031 272 1090 bus
286 1052 440 1092 communes
455 1033 579 1111 fecerint,
592 1035 678 1096 vitam
690 1034 780 1116 ipsam
792 1053 902 1114 pessum
914 1031 966 1092 de-
1020 1036 1067 1096 καί
1080 1037 1167 1116 νόμων
1178 1036 1312 1107 συνθέντες
1322 1035 1382 1097 τινδ
1391 1037 1529 1119 ἔγραψαν·
1546 1035 1620 1115 ὅμως
1629 1035 1657 1096 δὲ
1671 1040 1699 1096 iv
1710 1034 1796 1096 ἅπασι

218 1120 316 1200 derint,
329 1136 356 1182 et
371 1124 501 1184 bonorem
515 1126 644 1187 connubii
656 1125 845 1207 deturparint,
860 1125 968 1206 aliaque
1020 1127 1122 1190 παίδοιν
1136 1130 1304 1213 αἰσχρότερον
1320 1130 1561 1211 κατεγελάσθησαν.
1572 1127 1630 1197 Τάς
1640 1151 1670 1186 τε
1682 1124 1735 1207 γάρ
1748 1150 1797 1207 γυ-

219 1213 377 1295 hujusmodi
388 1215 504 1276 ridicule
517 1217 678 1295 statuerint3
692 1231 718 1277 et
731 1217 759 1277 in
771 1218 816 1277 his
828 1231 919 1278 totum
926 1218 968 1279 vi·
1019 1230 1113 1291 ναῖκας
1126 1222 1215 1292 κοινάς
1236 1223 1321 1283 άπασι
1333 1229 1482 1296 ποιοῦντες,
1492 1222 1539 1283 καί
1556 1221 1601 1281 τδν
1622 1221 1678 1300 βίον
1696 1216 1795 1279 'odedu

218 1318 369 1389 taetempus
385 1308 566 1369 insnmserint.
580 1312 623 1370 De
636 1311 728 1371 anima
743 1331 806 1372 vero
816 1309 967 1371 doctrinam
1021 1313 1225 1396 ἀνατρέποντες,
1246 1316 1292 1377 καλ
1311 1316 1343 1376 εδ
1356 1315 1451 1395 σεμνδν
1473 1312 1663 1395 διαφθείροντες
1682 1315 1728 1372 τοῦ
1744 1310 1797 1392 γά-

218 1398 340 1459 omnium
354 1401 539 1482 turpissimam
554 1416 713 1481 statuerunt,
724 1403 791 1464 dum
807 1404 967 1464 animasbo·
1021 1429 1087 1485 μου,
1102 1407 1148 1467 καί
1167 1406 1244 1490 ίτερα
1259 1412 1369 1468 τοιαῦτα
1384 1406 1571 1488 καταγέλαστα
1581 1409 1795 1484 νομοθετῶοτις,

219 1492 337 1571 minum,
353 1515 468 1572 muscas,
484 1496 592 1575 culices,
611 1497 721 1558 frutices
740 1498 800 1557 lieri
825 1499 968 1578 Deumque
1020 1497 1088 1558 ούτω
1104 1500 1193 1560 πάντα
1206 1499 1250 1559 τδν
1265 1498 1322 1579 βίον
1337 1502 1423 1560 αὐτῶν
1438 1498 1587 1558 ἀνάλωσαν.
1603 1492 1797 1576 Δογμάτωνδί

219 1583 310 1666 ipsum
322 1587 440 1648 animam
453 1610 510 1658 esse
522 1589 654 1667 dicereut;
665 1605 691 1651 et
705 1590 759 1650 alia
773 1589 899 1670 quedam
910 1604 967 1650 tur·
1019 1589 1105 1652 ίνεκεν
1125 1596 1177 1651 τῶν
1197 1591 1259 1674 περλ
1286 1596 1389 1674 ψυχῆς,
1408 1588 1467 1651 etet
1484 1587 1632 1672 θπερύολύν
1644 1612 1705 1648 τινα
1718 1587 1796 1648 κατί-

219 1676 332 1758 pissima
350 1694 505 1742 assermu.
519 1683 575 1742 Nec
591 1704 622 1742 ea
644 1683 733 1743 solum
751 1683 784 1742 de
805 1704 884 1742 cansa
903 1682 966 1742 cul·
1019 1686 1096 1744 λιπον
1117 1684 1243 1766 αἰσχύνης
1262 1687 1364 1760 λοιπὸν,
1386 1684 1501 1765 Ιμυίας,
1523 1683 1569 1745 καὶ
1589 1679 1732 1756 κιύνιοιτας,
1750 1680 1797 1740 καὶ

220 1768 303 1850 pendi
312 1793 322 1847 ς
343 1771 390 1832 sed
410 1787 437 1833 et
449 1795 565 1855 magnus
578 1790 619 1835 est
632 1775 699 1858 ipsis
719 1775 864 1838 verborum
885 1775 967 1835 Euri·
983 1799 1003 1848 fl
1020 1776 1132 1857 θάμνους
1143 1777 1192 1845 τὰς
1205 1781 1259 1837 τῶν
1272 1777 1418 1859 ἀνθρώπων
1431 1775 1551 1855 λέγοντες
1561 1773 1680 1855 γίνεσθαι
1692 1771 1797 1855 ψιχδς,
1842 1787 1844 1791 ’

220 1881 282 1942 pus.
298 1862 533 1935 Quemadmodum
556 1869 631 1928 enim
650 1869 679 1928 in
700 1867 804 1949 Euripo
825 1867 880 1927 huc
901 1867 968 1928 illuc
1020 1869 1065 1930 καλ
1077 1869 1121 1929 τδν
1135 1869 1203 1930 Θεὸν
1215 1870 1292 1930 abebi
1306 1868 1395 1952 ψυχὴν
1413 1860 1481 1930 εἶναι
1490 1867 1651 1950 φάσκοντες,
1662 1866 1709 1928 καί
1718 1865 1797 1948 ίτερα

218 1951 321 2033 jactati,
331 1956 371 2017 sic
378 1977 526 2038 numquam
534 1961 563 2020 in
574 1959 671 2020 iisdem
679 1959 863 2042 perstiterunt,
874 1972 968 2041 utpote
1021 1962 1088 2023 ἄττα
1102 1959 1163 2023 trud
1182 1969 1292 2023 τοιαῦτα
1306 1965 1524 2044 ἀσχημονοῦντες.
1536 1959 1590 2019 Καὶ
1609 1961 1639 2018 ού
1655 1964 1733 2021 τοῦτο
1746 1956 1797 2036 μύ-

220 2046 269 2124 qui
281 2069 315 2107 ex
329 2049 430 2110 incerta
444 2053 553 2114 ettinxa
568 2068 657 2114 mente
667 2053 848 2133 loquerentur.
864 2054 969 2114 Verum
987 2112 1000 2152 9
1019 2078 1064 2116 νου
1082 2053 1138 2115 ἐστί
1150 2055 1182 2116 ιδ
1198 2053 1360 2137 κατηγορίας
1378 2053 1465 2123 ἄξιον·
1481 2049 1551 2112 ἀλλά
1568 2050 1638 2111 καὶθ
1652 2049 1735 2119 πολὺς
1750 2053 1797 2110 αύ-

220 2141 324 2201 nonita
343 2143 461 2225 piscator
474 2147 529 2227 hic,
544 2148 592 2228 qui
609 2147 699 2208 omnia
715 2161 787 2207 certa
803 2146 968 2228 pronuntiat,
985 2165 1006 2214 Α
1021 2151 1074 2207 τῶν
1083 2150 1136 2206 τῶν
1148 2145 1234 2228 λύγινν
1248 2147 1361 2228 εὔριπος.
1373 2144 1501 2225 Καθάπερ
1511 2142 1602 2224 γδρίν
1618 2141 1718 2225 εὐρίπῳ
1730 2143 1797 2224 τῇδε

221 2246 248 2292 et
260 2234 337 2313 quasi
352 2235 380 2295 in
402 2252 478 2319 petre
495 2254 586 2317 stans,
608 2261 756 2320 numquam
774 2239 882 2299 titubat.
899 2240 969 2299 Cum
1022 2244 1129 2300 κάκεῖσε
1143 2237 1360 2322 περιφερόμενοι,
1374 2236 1455 2305 cicere
1472 2234 1596 2296 ούδίποτε
1617 2235 1661 2294 ίπί
1679 2239 1732 2295 τῶν
1749 2237 1798 2294 αύ-

221 2324 336 2386 enimin
350 2327 409 2410 ipsa
423 2329 507 2413 adyta
522 2330 615 2391 induci
633 2332 762 2412 dignatus
777 2331 827 2408 sit,
839 2344 865 2389 et
879 2330 970 2412 ipsum
1021 2336 1073 2392 τῶν
1090 2331 1245 2405 ἑστήκεσαν,
1254 2331 1301 2415 dee
1322 2331 1375 2392 άπδ
1387 2333 1440 2390 τῶν
1458 2327 1564 2400 ἀδήλων
1582 2325 1629 2387 καλ
1642 2329 1796 2408 lampridio

220 2417 321 2478 hebeat
331 2423 479 2484 Dominum
492 2425 520 2484 in
531 2425 731 2505 seloquentem,
743 2423 970 2484 nihilhumanum
1021 2427 1156 2505 λογισμῶν
1170 2424 1258 2484 πάντα
1275 2421 1456 2504 φθεγγόμενα.
1472 2419 1540 2481 Ἀλλ’
1554 2424 1605 2501 οὐχ
1620 2423 1636 2481 δ
1650 2417 1738 2486 ἁλιεύς
1753 2407 1798 2478 οὗ·

221 2531 317 2591 pessus
331 2528 386 2594 est,
400 2530 427 2575 at
440 2516 483 2576 illi
496 2517 572 2577 baud
585 2538 661 2578 secus
674 2538 757 2597 quam
772 2516 791 2575 ii
812 2515 860 2596 qui
875 2536 909 2574 ne
922 2537 971 2598 per
1022 2541 1065 2587 τος
1078 2516 1174 2585 οὕτως·
1194 2517 1252 2577 ἀλλ’
1267 2515 1373 2576 ἅπαντα
1397 2513 1464 2593 μιτδ
1485 2512 1632 2594 ἀσφαλείας
1640 2511 1798 2592 φθέγγεται,

223 2605 360 2666 somnium
371 2608 482 2689 quidem
495 2609 523 2670 in
534 2611 637 2692 regiam
653 2609 764 2670 admissi
785 2622 859 2688 sunt,
873 2608 921 2669 sed
942 2610 970 2669 iu
1022 2609 1068 2670 καί
1079 2607 1171 2693 ὥσπερ
1183 2609 1228 2670 ἐπὶ
1243 2607 1342 2691 πάτρας
1355 2604 1487 2679 ίστηκδς,
1501 2606 1617 2682 οὐδαμοῦ
1636 2601 1798 2685 πιριτρίπι·

221 2695 281 2756 loro
296 2719 359 2760 cum
378 2700 440 2761 aliis
460 2702 618 2785 permixtim
636 2702 792 2763 bominibus
809 2713 968 2779 versantur,
1022 2727 1076 2763 ται.
1091 2704 1139 2763 Ἐν
1161 2705 1248 2770 αὐτοῖς
1269 2701 1321 2784 γδρ
1336 2708 1391 2768 τοῖς
1411 2698 1514 2765 ἀδύτοις
1527 2695 1648 2778 γενάσθαι
1666 2693 1800 2764 καταξιω-

222 2789 338 2855 dumex
355 2797 467 2879 propria
482 2813 572 2859 mente
592 2797 627 2858 de
641 2797 826 2860 invisibilibus
840 2797 970 2878 conjecta·
1023 2796 1088 2869 θεὶς,
1106 2797 1153 2856 καὶ
1169 2794 1213 2854 τδν
1235 2794 1343 2855 πάντων
1355 2793 1493 2865 Δισπύτην
1518 2794 1545 2851 tv
1567 2793 1654 2870 ίαιτῷ
1666 2791 1800 2850 λαλῶντα

221 2899 289 2963 rent,
302 2886 330 2947 in
346 2910 466 2952 summos
479 2913 582 2953 errores
597 2892 761 2968 inciderunt,
777 2890 812 2951 de
825 2889 968 2950 ineffabili·
1022 2888 1101 2970 ἔχων,
1114 2887 1188 2949 ούδδν
1198 2885 1361 2968 ἀνθρώπινον
1374 2885 1504 2966 ἔπασχεν·
1522 2887 1616 2943 ἐκεῖνοι
1631 2881 1660 2943 δὲ
1668 2881 1761 2964 ὥσπερ
1774 2885 1800 2942 οἱ

221 2977 273 3039 bus
285 2980 416 3046 disserere
429 2986 558 3068 aggressi,
570 3001 596 3046 et
610 2987 688 3066 quasi
706 2985 770 3046 caeci
791 2985 835 3048 vel
854 2985 923 3045 ebrii
941 2984 969 3044 in
1022 2985 1075 3040 τῶν
1090 2980 1138 3060 μὲν
1162 2977 1303 3059 βασιλείων
1319 2976 1379 3038 otti
1393 2977 1459 3060 ύναρ
1472 2975 1598 3048 ίπιύῆναι
1621 2972 1800 3043 καταξανθέν-

220 3073 280 3154 ipso
292 3098 382 3139 errore
394 3095 486 3141 contra
501 3102 528 3141 se
542 3094 637 3141 mutuo
648 3080 821 3162 impegerunt
832 3102 839 3137 ε
852 3100 901 3139 nec
910 3099 970 3138 mu·
1022 3098 1079 3150 τες,
1093 3073 1142 3144 ἴξιν
1153 3072 1180 3134 li
1192 3076 1234 3134 ἔπ’
1250 3076 1347 3154 ἆγορὸς
1365 3069 1433 3150 pret
1450 3073 1502 3129 τῶν
1517 3067 1605 3129 ἆθλον
1621 3065 1800 3149 imiimi

222 3178 269 3226 tuo
280 3182 386 3232 tanum]
399 3174 447 3234 alii
462 3188 554 3234 eontra
570 3173 654 3251 alios,
670 3172 717 3233 sed
737 3172 819 3233 etiam
832 3193 922 3232 secum
935 3170 971 3230 de
985 3175 1003 3224 B
1024 3164 1178 3249 ἀνθρώπιον,
1190 3166 1236 3225 καὶ
1250 3165 1303 3226 ἀπὸ
1312 3168 1361 3236 τῆς
1375 3161 1443 3231 ἰδίας
1461 3159 1576 3229 διανοίας
1594 3157 1799 3239 ααταααοχαίό·

221 3267 319 3329 iisdem
329 3268 410 3328 rebus
424 3288 529 3347 semper
545 3280 687 3348 puguant.
702 3265 785 3344 Atqui
799 3265 845 3324 hie
859 3264 971 3324 illitera-
1024 3284 1098 3340 μενοι
1108 3262 1161 3318 τῶν
1178 3257 1308 3340 ἀοράτων,
1323 3256 1390 3326 ἀδν
1405 3253 1506 3327 πολλὴν
1526 3252 1712 3325 ἐπλανήθησαν
1728 3249 1800 3310 iili·

220 3375 275 3440 tus,
285 3359 373 3438 rudis,
387 3380 421 3419 ex
432 3356 588 3435 Bethsaida,
598 3357 719 3420 Zebedaei
731 3357 819 3434 filius3
830 3357 880 3417 etsi
892 3359 969 3418 Grae·
1021 3378 1079 3428 νην,
1088 3351 1150 3434 περὶ
1164 3355 1218 3410 τῶν
1237 3349 1360 3432 diditur
1374 3349 1546 3427 δναδαχθῆναν
1562 3343 1739 3417 minime,
1754 3342 1801 3402 καί

223 3455 247 3514 ci
263 3453 404 3514 nominum
417 3452 587 3534 asperitatem
598 3449 747 3511 admodum
760 3450 873 3527 rideant,
884 3449 970 3510 nihilo
1022 3445 1144 3525 καθάπερ
1153 3442 1245 3522 τυφλοί
1260 3440 1306 3500 καί
1318 3437 1466 3519 μεθύοντες,
1481 3437 1528 3496 καὶ
1543 3440 1571 3497 ἐν
1586 3439 1653 3514 αὐτῇ
1666 3433 1800 3516 τῇπλάνη

220 3561 311 3606 temen
327 3546 445 3622 minore,
467 3544 522 3603 imo
537 3544 638 3624 majore
652 3542 755 3603 fiducia
773 3543 832 3621 jam
852 3542 968 3621 loquar:
1022 3535 1147 3609 ἀλλήλους
1156 3530 1347 3616 προσίρρηξαν·
1357 3531 1372 3561 *
1387 3533 1434 3591 ούκ
1449 3527 1613 3601 ἀλλήλοιςδὲ
1627 3525 1716 3607 μόνον,
1730 3526 1801 3587 ἀλλὰ

223 3654 324 3720 quanto
337 3639 410 3698 enim
422 3638 510 3719 magis
521 3636 639 3699 barbara
652 3636 719 3718 ipsis
731 3634 841 3696 ridetur
853 3636 927 3694 natio
938 3634 971 3694 il·
1022 3626 1069 3689 καί
1086 3631 1205 3700 ίαντοῖς,
1218 3627 1355 3705 πολλαχοῦ
1373 3621 1419 3683 καί
1434 3620 1496 3701 περὶ
1518 3624 1571 3681 τῶν
1584 3621 1671 3680 οὖνῶν
1690 3619 1733 3680 ἀνί
1753 3642 1802 3698 θ’·

222 3732 293 3808 laet
306 3753 323 3791 a
336 3732 431 3792 Graeco
451 3729 573 3791 instituto
584 3729 684 3801 aliena,
698 3742 775 3788 tanto
789 3726 970 3809 splendidiora
1022 3718 1196 3798 τατιθίμενοι.
1211 3716 1245 3776 Ὁ
1260 3712 1288 3775 il
1308 3715 1484 3797 ἀγράμματος
1501 3704 1589 3788 οὗτος,
1609 3719 1624 3772 δ
1647 3709 1768 3784 limitet,
1786 3714 1803 3768 ὅ

222 3838 313 3884 nostra
328 3822 503 3884 videbuntur.
519 3821 589 3880 Cum
603 3821 676 3881 euim
696 3819 829 3880 barbarus
848 3834 874 3879 et
892 3819 971 3879 indo·
1024 3811 1078 3872 ἄπο
1090 3780 1245 3882 Βηθααῖδῖ,
1257 3813 1271 3867 ὃ
1281 3806 1424 3866 Ζαὸνδαίον
1433 3814 1510 3873 παῖς·
1523 3803 1595 3865 ”xlv
1612 3803 1736 3885 μαρνῶας
1749 3826 1803 3861 αα·

223 3931 281 3977 ctus
297 3938 328 3976 ea
345 3917 494 3996 loquatur,
510 3936 570 3993 quae
586 3913 679 3973 nullus
691 3911 836 3972 bominum
850 3933 970 3990 unquam
1023 3905 1177 3983 ταγςλῖοανν
1192 3898 1324 3973 Ἓλληνας
1343 3903 1392 3971 τῆς
1415 3902 1467 3958 τῶν
1493 3897 1630 3977 superor
1650 3894 1802 3978 ἀγροικίας,

223 4024 332 4072 noverat
338 4034 347 4087 ς
361 4029 410 4069 nec
429 4008 557 4087 loquatur
569 4005 650 4066 modo
660 4050 669 4082 ,
682 4004 730 4065 sed
745 4003 826 4064 etiam
840 4003 950 4063 suadeat
960 4028 969 4080 ς
1023 3993 1096 4057 οὐδὲν
1107 3985 1185 4066 ἦττον
1204 3990 1272 4072 μανὰ
1291 3990 1411 4060 πλαίονος
1426 3989 1493 4050 “itti
1505 3995 1554 4063 τῆς
1566 3987 1718 4071 ααῤῥηαίας
1731 3991 1801 4069 ίρῦ·

224 4103 314 4184 (quod
331 4104 354 4163 si
368 4101 438 4163 illud
451 4101 540 4162 solum
551 4113 636 4177 esset,
651 4118 782 4178 magnum
800 4098 868 4157 soret
887 4096 969 4157 mira-
1021 4088 1076 4172 ίαφ
1085 4087 1138 4171 γὰρ
1154 4086 1225 4147 ilii
1236 4085 1307 4154 1⁰2⁰<
1318 4087 1405 4152 “iiiii
1416 4082 1550 4165 βᾶθὸθθθν
1561 4082 1687 4162 φαίνηταί
1698 4081 1745 4141 καί
1754 4083 1804 4153 «ἦν

224 4197 337 4274 cudunt,
352 4217 424 4256 nunc
438 4214 502 4255 vero
517 4207 614 4276 preter
625 4192 686 4270 boc,
697 4190 778 4250 etiam
792 4189 868 4249 aliud
883 4190 971 4270 majus
1023 4183 1184 4255 Ἑλληνικῆς
1194 4182 1294 4262 ἂαίχον
1308 4180 1485 4255 αανδοῦαααος,
1496 4177 1613 4260 τοσούτῳ
1626 4177 1803 4259 δαμαρίῑνρα

224 4289 410 4374 suppeditetur
422 4299 621 4368 argumentum,
635 4283 710 4364 quod
724 4304 753 4343 ea
767 4304 827 4363 quae
841 4281 971 4342 dicuntur
985 4298 1004 4347 c
1022 4283 1057 4345 τδ
1066 4283 1185 4366 ἡμέτερα
1197 4290 1328 4363 φανεῖται.
1336 4281 1427 4343 Ὅταν
1437 4281 1514 4361 γδρδ
1527 4279 1660 4362 βάρύαρος
1670 4276 1717 4338 καί
1728 4282 1804 4356 α’μα-

257 4475 271 4500 ⁸
288 4472 432 4544 [ριλοσθρων
452 4476 505 4535 ἡμῖν
520 4473 663 4532 ἀπιντιύθιν,
678 4464 745 4532 erico:
754 4487 837 4530 καταγ.
850 4469 903 4531 μεθ’
920 4463 986 4514 Cod·
1037 4475 1152 4523 κώνωπας.

223 4551 297 4617 rte]
1071 4553 1079 4594 i
1097 4543 1185 4608 [αὐτόν
1196 4540 1266 4593 abest
1277 4558 1291 4592 ε
1302 4541 1362 4594 sav.
1373 4551 1399 4592 et
1411 4537 1476 4591 eod.
1486 4539 1558 4604 roe]
1699 4593 1706 4607 .

256 4633 268 4672 f
285 4629 374 4682 Morti.
388 4634 479 4694 οίγυθν.
492 4622 604 4678 &vll-oi
620 4628 654 4676 dd·
1070 4635 1082 4660 ⁸
1099 4619 1146 4672 Alii
1158 4629 1197 4676 τδν
1207 4626 1277 4677 πολὺν
1294 4626 1450 4680 ίπλανθθηοαν
1461 4624 1554 4673 πλάνου.
1573 4614 1674 4668 Ibidem
1686 4630 1745 4684 post
1761 4616 1805 4669 itia

256 4694 406 4763 rlnsn'it.
425 4718 496 4759 textu
514 4713 539 4760 ot
555 4714 614 4755 ante
635 4711 673 4756 καί
692 4709 806 4762 πολιτείας
821 4699 902 4755 deest.
919 4696 987 4751 lbid.
1039 4701 1117 4752 verba
1128 4701 1249 4768 sequitur,
1261 4706 1368 4769 περὶτῶν
1378 4704 1486 4769 ἀρρήτου
1501 4701 1646 4763 διαλεχθῆναι
1655 4703 1801 4759 θελήσαντες,

224 4788 313 4843 ilorci.
325 4795 363 4841 καὶ
371 4797 452 4855 νόμον.
466 4783 543 4836 Servii.
554 4792 581 4834 et
590 4782 651 4833 liss.
659 4779 733 4832 multi
742 4787 780 4834 καί
791 4784 920 4847 δογμάτων.
929 4779 988 4829 Mox
1037 4797 1093 4848 quse
1104 4779 1212 4841 Servilius
1224 4780 1251 4831 in
1267 4778 1380 4846 margine
1396 4774 1493 4843 posuit,
1507 4776 1566 4828 licet
1586 4774 1612 4827 in
1631 4775 1730 4843 aliquot
1741 4778 1801 4828 uss.

225 4870 303 4927 savit.
317 4880 354 4925 καὶ
365 4877 388 4923 ιν
407 4874 486 4922 ἅπασι.
498 4861 587 4916 idorel.
598 4869 659 4929 θροις
669 4864 694 4913 δὲ
710 4866 734 4912 o
749 4864 828 4913 άπααι.
842 4856 927 4924 [cod.
940 4857 988 4909 706
1037 4855 1188 4924 habeantur,
1204 4873 1312 4925 qnorum
1330 4872 1393 4907 unus
1408 4864 1515 4924 δοράτων
1531 4870 1579 4920 pro
1591 4852 1703 4924 ἀρρήτων
1714 4851 1801 4909 babet.

225 4963 309 5003 totum
325 4948 410 5001 locum
427 4947 463 4996 ite
482 4941 614 4995 exhibet...
628 4947 690 4994 stetu.
704 4939 765 4992 οὗτοι
781 4945 853 4991 τοίνυν
867 4944 930 5004 μετά
945 4950 990 4990 τῶν
1037 4937 1100 4988 llere
1110 4953 1187 5004 porro
1202 4934 1263 5005 legit
1274 4935 1390 4987 Aretinus
1400 4935 1532 5000 interpres.

224 5035 345 5097 δομμάτυιν
354 5033 392 5080 καί
401 5029 515 5082 πολιτείας
526 5025 551 5074 ii
561 5027 634 5073 ίνςκαν
645 5024 758 5076 widem
769 5023 819 5070 τινὰ
828 5022 940 5087 ἔγραψαν·
951 5021 988 5067 καί
1071 5016 1083 5045 '⁴
1101 5017 1156 5083 [καί
1167 5022 1206 5070 ούκ
1217 5021 1271 5070 ett-
1283 5026 1352 5082 μόνον
1362 5011 1440 5068 savit.
1449 5025 1475 5066 et
1485 5011 1550 5066 Cod.
1564 5012 1623 5078 7063
1634 5013 1677 5078 qui
1691 5027 1751 5063 mox
1766 5025 1805 5069 rel

224 5115 248 5162 tv
264 5114 335 5162 ἅπασι
346 5108 430 5160 παίδων
442 5109 589 5170 αίοχρθτιρου
605 5096 701 5162 recep]
1037 5106 1096 5163 post
1106 5100 1224 5164 πολλαχοῦ
1236 5091 1380 5162 omittunt]
1624 5168 1628 5177 Ι

258 5188 273 5228 h
290 5178 632 5251 noretpcaeSnvttruem
641 5185 667 5226 et
675 5171 799 5226 Codicum
809 5172 988 5226 Μιααοετίπιε
1070 5176 1083 5214 b
1100 5173 1187 5227 morel,
1203 5181 1243 5228 κς,
1260 5170 1372 5245 ,swod
1390 5181 1435 5244 γάρ
1446 5170 1516 5223 dem
1533 5171 1559 5222 in
1570 5167 1647 5222 sawt,
1661 5182 1688 5221 a
1704 5172 1730 5223 i„
1742 5171 1802 5222 ests,

224 5283 282 5333 pars
298 5275 377 5333 μυίας,
391 5279 444 5330 quae
464 5277 511 5311 ιοκ
529 5259 604 5309 asseri
616 5255 715 5309 ridetur
735 5263 935 5320 persequentem
953 5259 988 5303 καὶ
1039 5250 1160 5319 plurimis.
