3750 5940
226 418 305 493 *206
576 443 606 492 s.
633 440 770 492 soaunrs
793 434 977 491 caarsosr.
1005 435 1019 484 a

232 567 335 626 cultum
355 564 507 642 redierunt,
517 564 606 627 Junci
619 584 684 625 vero
700 578 739 625 tot
752 562 879 624 ammnis
890 559 975 622 casti-

232 659 297 738 gali,
310 680 344 719 ne
353 658 392 718 ita
404 655 514 738 quidem
525 657 703 738 resipuerunt.
716 657 778 717 Huc
790 656 881 735 itaque
890 653 976 714 Chri·
992 672 1012 720 n

232 764 290 810 stus
303 751 386 826 veuit,
399 749 510 810 mollem
523 762 550 809 ct
563 749 694 811 lascivam
703 750 790 810 vitam
800 767 904 828 semper
912 744 975 805 abi-

98 907 102 916 ,
141 842 225 886 Ghti’fi
233 862 316 922 gens,
338 842 501 903 laboriosam
520 862 584 904 vcro
600 855 626 901 ct
644 855 746 901 arctam
769 838 906 899 inducens.
917 839 976 899 Non

80 914 146 1012 1122„
162 904 304 995 ''b‘’'enim
316 935 511 1016 ¹subjugalibus
530 955 596 994 usus
615 947 665 1013 est,
680 932 728 994 sed
746 933 784 993 ita
802 931 910 992 assidue
927 930 978 990 iter

230 1027 296 1107 agit,
308 1039 339 1086 ut
348 1028 517 1109 defatigetur.
524 1027 583 1086 Hoc
593 1026 694 1106 ubique
706 1025 793 1103 docet,
800 1037 830 1083 ut
840 1023 894 1084 silsi
901 1023 978 1104 quis-

230 1138 284 1197 quc
303 1131 436 1200 operetur,
458 1138 507 1179 nec
524 1132 628 1197 quaerat
647 1118 794 1199 superflua,
817 1135 865 1174 nec
884 1114 978 1181 multis

230 1222 314 1288 egeat.
327 1210 370 1268 lta
387 1231 468 1292 porro
486 1209 547 1272 vult
568 1229 616 1269 nos
630 1231 645 1269 a
660 1206 866 1290 supervacaneis
876 1207 978 1266 alienos

230 1322 296 1379 esse,
311 1316 341 1361 ut
362 1302 444 1364 etiam
464 1303 550 1362 multa
566 1301 714 1362 neccssaria
736 1312 896 1381 amputaret.
914 1298 978 1358 ldeo

83 1395 167 1442 risen.
179 1398 204 1448 ὓ·
230 1394 354 1455 dicebat:
368 1396 474 1476 Vulpes
476 1397 587 1479 foveas
599 1396 719 1468 habent,
729 1406 758 1453 et
768 1393 903 1453 uolucres
913 1393 978 1452 coeii

82 1469 119 1502 ’θ’
233 1489 316 1548 nidos
317 1510 332 1563 ,·
344 1488 441 1548 Filius
455 1501 554 1548 autem
563 1490 690 1547 hominis
699 1507 759 1545 non
769 1487 857 1544 labet
869 1488 919 1543 ubi
927 1504 978 1544 co-

228 1591 282 1657 put
290 1581 422 1639 reclinet.
433 1579 569 1651 Quocirca
582 1578 610 1638 in
621 1577 758 1637 montibus
771 1596 841 1657 sepe
854 1589 977 1637 versatur

231 1669 296 1729 etin
308 1670 432 1749 dmutis,
447 1691 501 1731 uon
510 1668 628 1730 interdiu
638 1682 753 1745 tantum,
767 1667 814 1729 sed
828 1667 910 1727 ctiam
923 1688 976 1726 no·
991 1671 1011 1719 B

78 1753 147 1797 Μ·
168 1763 220 1815 ¹09·
231 1773 284 1819 ctu.
304 1761 364 1822 Hoc
378 1762 460 1822 etiam
479 1760 571 1823 David
591 1761 775 1843 praenuntians
790 1758 898 1818 dicebat
903 1804 913 1837 ,
931 1761 978 1820 De

97 1848 103 1861 '
231 1866 358 1915 torrente
371 1858 403 1914 in
416 1860 470 1915 oia
484 1858 572 1929 bibet,
588 1867 618 1912 ut
627 1855 686 1935 ejus
696 1848 851 1934 expeditam
858 1851 921 1912 vitae
934 1874 977 1911 ra-

228 1944 330 2006 tionem
351 1945 555 2008 demonstraret.
569 1945 696 2028 idipsum
711 1933 884 2005 hic'toannes
906 1943 977 2003 indi-

229 2051 271 2097 cat
284 2039 390 2099 :lesus
409 2059 477 2119 crgo
485 2040 639 2120 fatigatus
661 2057 698 2096 cc
718 2040 840 2106 itinere,
858 2037 978 2096 sedebat

229 2133 271 2189 sic
285 2130 504 2212 superscatem.
514 2132 600 2189 Hora
610 2143 675 2189 crat
686 2133 772 2210 quasi
780 2140 875 2187 sexta.
884 2129 914 2187 l.
923 2131 977 2187 Ve-

230 2225 274 2280 nit
293 2222 400 2282 mulier
418 2223 455 2281 dc
471 2212 609 2282 Samaria
624 2222 744 2280 haurire
757 2239 877 2300 aquam.
895 2221 977 2280 Dicit

228 2314 352 2372 eiJesus
368 2335 378 2368 .·
394 2313 446 2370 Da
459 2312 533 2370 milti
550 2314 656 2372 bibere.
673 2311 701 2370 8.
716 2311 863 2389 Discipuli
877 2324 1019 2400 ιιιιτιενη178

227 2405 290 2484 ejus
304 2405 439 2462 abierant
454 2406 487 2461 in
489 2404 606 2485 sorum,
620 2414 653 2461 ut
666 2403 746 2461 cibos
756 2414 894 2460 emerent.
906 2401 977 2461 Hinc
992 2415 1013 2460 Λ

226 2495 285 2575 ejus
294 2494 452 2576 patientiam
463 2494 492 2553 in
503 2491 636 2576 carpendo
646 2492 752 2567 itinere,
761 2505 788 2551 et
796 2491 920 2551 ciborum
931 2514 976 2552 ne·

227 2585 345 2665 glectum
367 2585 509 2664 discimus,
524 2598 551 2646 et
572 2605 654 2666 quam
675 2583 764 2643 obiter
783 2583 848 2642 huic
870 2584 908 2643 rei
930 2583 976 2645 det

225 2697 352 2759 operam,
360 2678 399 2738 sic
412 2677 540 2759 discipuli
554 2699 661 2757 quoqne
673 2697 716 2736 res
730 2697 792 2735 suas
807 2690 921 2741 tractam
929 2678 974 2737 di·

225 2767 357 2831 dicerunt.
366 2771 426 2831 Non
437 2770 509 2830 enirn
519 2769 617 2832 viatica
632 2789 724 2828 secum
738 2767 975 2849 sumebantzquod

75 2857 162 2903 Ml·
179 2854 216 2904 ¹⁶·
224 2863 292 2924 alter
306 2862 407 2924 indicat
420 2861 594 2943 evangelista,
608 2882 671 2921 cum
685 2858 720 2921 de
731 2862 863 2923 fermento
878 2862 974 2922 Phari-

77 2934 115 2966 μ’
226 2976 341 3016 sanorum
361 2955 428 3037 ipsis
447 2954 614 3035 loqueretur,
627 2951 702 3033 quod
718 2953 761 3012 illi
773 2952 878 3013 dimum
894 2967 972 3036 puta·

225 3049 300 3127 bant,
313 3049 379 3128 quia
388 3069 471 3130 panes
482 3069 537 3108 non
552 3060 711 3108 sumserant.
725 3045 763 3106 Et
776 3069 839 3107 cum
850 3048 973 3108 esurien—

226 3158 266 3204 tes
275 3143 391 3220 inducit,
401 3157 428 3204 et
445 3143 534 3225 spicas
547 3143 677 3204 vellentes
692 3156 721 3201 ut
735 3141 852 3220 oderent5
864 3165 896 3204 ac
911 3168 974 3205 cum

226 3233 292 3295 dicit
311 3257 388 3313 eum,
405 3234 479 3314 quod
492 3235 615 3308 esuriret,
626 3233 662 3292 ad
674 3233 757 3293 ficum
771 3235 889 3295 venisse:
904 3237 974 3297 nihil

225 3328 301 3388 aliud
310 3328 354 3388 his
362 3350 411 3388 nos
424 3328 513 3402 docet,
525 3349 607 3406 quam
616 3339 738 3386 ventrem
747 3348 805 3387 esse
817 3331 896 3409 parvi
904 3352 972 3411 pcn-

224 3421 355 3499 dendum,
367 3444 416 3482 nec
426 3422 506 3483 illum
520 3435 659 3503 tantopere
668 3420 818 3480 curandum
831 3443 894 3482 esse.
904 3426 973 3483 Con-

226 3516 314 3576 sidera
321 3516 367 3576 hic
376 3538 485 3596 quoque
494 3516 556 3575 illos
567 3515 638 3574 nihil
648 3514 780 3592 attulisse,
788 3537 875 3594 neque
885 3530 973 3578 tamen
988 3517 1006 3564 Β

226 3606 286 3667 ideo
297 3609 388 3667 statim
403 3630 419 3667 a
432 3607 567 3689 principio
585 3605 639 3665 diei
655 3606 725 3665 hanc
738 3628 796 3666 rem
809 3629 911 3683 curare,
926 3610 973 3670 sed

225 3721 289 3760 cum
305 3700 369 3760 hora
388 3699 495 3781 prandii
515 3698 635 3776 advenit,
648 3719 721 3758 escen
734 3713 837 3758 emtum
855 3700 901 3760 ire.
916 3703 973 3763 Nos

225 3811 289 3850 vero
302 3806 393 3852 contra
408 3791 499 3852 statim
518 3804 622 3869 atquea
635 3789 704 3849 lecto
722 3791 899 3869 surreximus,
912 3808 973 3854 ante

225 3884 316 3943 omnia
329 3884 388 3943 lraec
403 3903 538 3958 curamus,
552 3902 651 3960 coquos
666 3895 693 3940 ct
709 3902 844 3964 caupones
861 3887 972 3945 accersi·

223 3997 296 4053 mus,
308 3975 389 4055 idque
411 3994 509 4056 magno
532 3994 594 4032 cum
614 3971 704 4032 studio
725 3973 888 4053 agimuszct
911 3992 972 4058 post

224 4068 282 4128 lucc
296 4069 349 4128 alia
361 4087 497 4142 curamus,
516 4067 574 4126 haec
589 4086 695 4146 semper
710 4066 828 4126 carnalia
841 4068 971 4149 spiritua·

225 4162 298 4222 libus
310 4175 507 4244 anteponentes,
518 4174 544 4220 ct
559 4180 619 4239 quae
634 4159 970 4240 perfunctorietractanda

225 4270 311 4333 orant,
325 4257 402 4335 quasi
426 4255 574 4316 necessaria
595 4266 774 4332 exsequentes.
796 4253 861 4315 Ideo
880 4258 970 4316 omnia

226 4363 386 4429 prepostere
405 4362 532 4428 aguntur.
545 4347 647 4406 Contra
666 4345 777 4406 omnino
791 4367 871 4427 agere
891 4369 970 4430 opor-

227 4439 289 4515 tuit,
302 4439 485 4520 spiritualium
495 4459 621 4519 magnam
632 4437 732 4497 babere
745 4439 892 4519 rationem,
909 4441 972 4520 qniss

227 4531 278 4590 bus
292 4531 427 4612 perlectis,
442 4530 500 4589 haec
520 4531 649 4610 attingere
660 4551 709 4610 par
727 4530 789 4589 fuit.
806 4531 876 4591 Hinc
889 4554 970 4614 porro

226 4643 280 4683 non
302 4623 426 4682 laborum
448 4621 587 4682 tolerantia
602 4621 682 4681 modo
706 4623 734 4681 in
749 4622 856 4685 Christo
867 4621 968 4685 'obser-

226 4714 324 4792 vanda,
340 4714 389 4775 sed
401 4715 482 4774 ctiam
494 4728 625 4793 quantum
641 4728 708 4774 esset
726 4736 742 4774 a
763 4716 832 4775 fastu
849 4718 966 4793 alicnus;

225 4829 279 4867 non
294 4821 398 4867 tantum
409 4806 481 4887 quod
496 4807 623 4885 fatigatus
638 4821 714 4885 esset,
728 4807 802 4886 quod
817 4808 919 4868 sederet
927 4827 968 4870 sc·
986 4814 1004 4862 C

224 4922 274 4961 cus
288 4901 377 4978 viam,
388 4898 435 4962 scd
455 4898 536 4959 etiam
550 4899 624 4976 quod
638 4898 711 4959 solus
724 4899 832 4960 relictus
849 4915 927 4980 esset,
943 4916 968 4962 ct

259 5120 269 5150 ¹¹
282 5117 368 5172 Morcl.
383 5125 479 5172 inscidat
491 5121 572 5178 δεικνὺς
583 5125 655 5184 lipsi·
671 5121 738 5172 icio.

261 5212 270 5235 ²
283 5196 358 5250 Savll.
370 5201 481 5264 σταχύων.
