3750 5940
253 421 390 471 connita
416 423 623 488 llAERETtCOS,
641 423 686 471 ET
711 422 746 468 ut
771 419 929 467 SANCTAM
958 419 1144 469 DEU‘ARAM.

17 551 31 607 ὁ
55 541 197 624 μονογενὴς
217 545 280 613 Υἱὸς
300 553 345 606 τοῦ
361 549 431 608 Θεοῦ
452 550 479 608 δν
496 551 531 627 τῇ
551 546 693 629 Παρθένῳ,

10 648 32 686 τε
45 623 94 698 τὴν
106 623 249 704 παρθενίαν
274 626 398 685 πλάττων
417 626 549 702 διάλυσιν,
569 626 629 686 οὔτε
650 626 694 685 διὰ

10 705 78 784 {erpere
100 703 235 805 προελθὼν
255 702 303 775 τήν
326 705 430 785 μήτραν
447 705 599 787 διέρθέιρεν.
625 703 694 766 Euri

14 784 77 864 σορὲ
87 807 134 842 και
143 782 307 861 ἐπιστήμων·
316 784 344 843 τί
357 784 536 866 εὐκοπώτερόν
551 788 617 859 ἐστι,
629 809 694 866 παρ

10 871 106 935 τεκεῖν,
131 863 176 921 καλ
205 864 272 940 μετὰ
299 863 330 922 τὸ
353 872 437 924 τεκεῖν
463 864 591 943 παρθένον
612 865 693 927 πάλιν

10 967 17 980 ·
37 941 164 1022 ἢράὸδον
178 944 214 1008 εἰς
233 946 297 1012 ζῦισν
312 944 481 1022 ψυχωθῆναι,
494 944 539 1002 καλ
555 945 608 1004 ἀπὸ
625 942 692 1012 ζόιου

1418 423 1485 493 92ί

748 557 820 603 oosta
833 543 994 625 copulasset,
1008 557 1036 604 et
1045 543 1190 605 articulum
1203 555 1229 603 et
1242 541 1404 618 membrum,
1415 555 1442 602 et
1456 564 1493 612 ex

747 623 781 683 iis
791 644 851 702 quae
865 623 927 682 oolli
948 637 1039 684 averat
1051 624 1117 683 scite
1125 637 1151 683 et
1166 622 1299 704 sapienter
1310 621 1411 682 costam
1426 623 1490 682 abs·

747 703 822 778 tulit,
839 707 923 762 need
959 723 1036 762 mum
1057 702 1201 762 imminuit.
1217 702 1342 783 Seipsum
1365 702 1492 762 efforma-

748 782 788 842 vit
802 782 957 862 unigenitus
971 783 1022 842 Dei
1034 783 1121 843 Filius
1135 784 1162 842 in
1176 782 1301 861 Virgine,
1316 780 1490 860 neque'effor-

749 860 848 922 maudo
871 861 1055 942 virginitatem
1078 862 1175 934 solvit,
1199 882 1285 939 nerpue
1303 882 1351 943 per
1377 861 1492 922 sulvam
1520 883 1523 887 ’

747 941 839 1000 esicus
852 942 966 1002 vulvam
980 941 1109 1032 corrupit.
1123 941 1177 1001 Dio
1194 962 1268 1031 ergo,
1289 962 1305 999 o
1329 940 1447 1021 sophista
1466 954 1492 1000 et

14 1022 110 1101 ράόδον
123 1020 258 1102 putatae
283 1024 376 1094 Πῶςή
393 1022 488 1102 ράόδος
505 1023 641 1090 Μωῢσέως
658 1025 695 1090 ιίς
711 1034 729 1080 Β
747 1020 863 1098 erudite,
888 1019 964 1094 Quid
991 1021 1099 1081 facibus
1123 1034 1173 1096 est,
1194 1019 1329 1110 virginem
1348 1041 1452 1097 parere,
1467 1034 1493 1080 et

10 1127 47 1162 ιτα
69 1101 235 1179 μετιόλήθης
251 1105 308 1169 πῶς
332 1101 363 1161 τὸ
377 1102 477 1182 ἄψυχον
492 1102 578 1184 ψυχὴν
600 1101 693 1178 ἔλαθες

10 1186 19 1241 λ
38 1180 161 1250 ἀκίνητον
184 1181 227 1239 ἐπλ
243 1184 292 1259 γῆς
313 1171 401 1262 είρπες
414 1173 475 1248 ’πῶς
498 1181 525 1242 δέ
545 1182 626 1242 πάλιν
641 1185 694 1244 orb

10 1284 56 1327 τος
97 1258 191 1339 ῥάάδος
215 1259 319 1340 γέγονε,
351 1260 399 1333 τήν
438 1262 537 1320 οἰκείαν
574 1265 619 1321 ίπι
652 1261 694 1331 οθς

27 1341 97 1398 Ποτὲ
115 1337 162 1417 μέν
185 1339 236 1420 γάρ
261 1341 313 1399 ἀπὸ
327 1339 422 1420 pedem
444 1341 559 1420 δράκων,
575 1364 626 1399 ποτ
665 1341 693 1401 δὲ

10 1418 121 1487 ιάκοντος
142 1419 238 1500 ράῦδος
254 1419 368 1498 ’ἐγένετο
382 1418 490 1500 Ὥσπερ
512 1412 556 1480 οῦν
575 1425 592 1492 ἡ
611 1423 694 1479 Morb-

10 1498 108 1571 ίάὸδος,
126 1499 263 1578 ἄνθρωπε,
281 1499 350 1559 κατὰ
367 1497 444 1580 φύσιν
463 1499 509 1578 μὲν
524 1491 556 1572 ἦν
579 1498 691 1580 ράὸδος,

10 1576 143 1636 ἰκονοαίαν
162 1579 189 1638 δέ
204 1579 323 1660 δράκων·
340 1577 408 1636 οὕτω
426 1581 471 1638 καὶ
485 1585 502 1650 ἡ
519 1582 567 1639 Μα
586 1579 612 1638 ία
624 1581 694 1640 κατὰ

12 1657 59 1735 μὲν
78 1634 110 1730 iis
132 1657 273 1740 παρθένος,
292 1662 352 1716 κατ’
375 1661 523 1736 οἰκονομίαν
549 1603 584 1718 δά
603 1659 694 1738 μήτηρ

10 1760 33 1809 ο,
48 1735 90 1795 ίνα
104 1737 267 1796 πιστεύουσι
277 1742 329 1796 τῶν
344 1737 486 1796 Χαλδαίων
500 1743 524 1798 οἱ
538 1739 636 1817 μάγοι,
648 1758 696 1798 κα·

10 1815 76 1888 ,bo
95 1818 198 1897 ροόηθῇ
219 1816 396 1896 digererem
413 1819 508 1896 ράόδος
525 1818 629 1897 δράκων
642 1818 696 1898 ἐγέ-
721 1831 726 1839 ’

10 1899 149 1977 Τοιγαροῦν
160 1894 204 1955 ἵνα
215 1901 288 1967 σωθῆ
299 1902 316 1968 ἡ
329 1895 485 1975 οἰκουμένη,
496 1899 544 1957 οῦκ
555 1898 648 1969 ἤθελες
660 1898 694 1958 σὺ

10 1977 106 2057 ιρθὲνον
112 1980 238 2055 φανῆναι,
247 1959 312 2036 Hire
320 1975 348 2036 δέ
355 1976 619 2055 σεισμῶνγινομίνων
630 1979 696 2038 διαι-

10 2080 25 2113 u
32 2064 117 2135 τοῖχοι
128 2056 174 2114 καὶ
182 2056 370 2117 συνάπτονται·
380 2057 497 2136 Χριστοῦ
505 2057 531 2115 δὲ
541 2057 695 2136 τικτομένου

10 2135 100 2212 ιοίγετυ
114 2135 216 2217 μήτρα,
227 2138 272 2196 καὶ
284 2136 364 2195 πάλιν
378 2135 528 2213 ὑφαίνεταις
541 2137 594 2196 Καὶ
605 2141 632 2197 ἐν
643 2161 697 2197 σει-

748 1114 808 1180 post
817 1114 926 1181 partum
936 1100 1071 1181 virginem
1091 1120 1208 1174 manere,
1221 1113 1268 1158 aut
1278 1120 1384 1180 virgam
1396 1099 1433 1159 ad
1446 1099 1491 1160 vi·

747 1194 802 1239 tam
817 1182 919 1256 vocari,
932 1194 958 1239 et
973 1202 1008 1240 ex
1028 1179 1142 1240 animali
1163 1198 1273 1238 rursum
1285 1178 1392 1258 virgam
1406 1178 1493 1238 fieri?

749 1259 893 1333 Quomodo
907 1260 985 1340 virga
995 1261 1101 1342 Moysis
1114 1256 1294 1318 indraconem
1308 1272 1410 1317 mutata
1424 1258 1492 1318 fuir?

749 1338 885 1416 quomodo
899 1340 1076 1399 inanimatum
1089 1339 1208 1399 animam
1222 1337 1341 1418 accepit?
1355 1336 1493 1415 quomodo

747 1439 789 1478 res
811 1418 959 1479 immobilis
971 1422 999 1479 iu
1014 1433 1086 1480 terra
1107 1418 1215 1499 repsit?
1232 1416 1367 1495 quomodo
1385 1439 1493 1478 rursum

747 1520 783 1557 ex
796 1520 824 1558 se
858 1513 917 1558 ente
929 1499 1083 1579 virgasacta
1095 1512 1146 1574 est,
1160 1519 1221 1575 quae
1235 1518 1312 1555 suam
1322 1497 1433 1575 agnovit
1446 1518 1493 1556 na·

747 1591 845 1637 turam.
857 1577 940 1638 Modo
945 1601 1060 1658 namque
1072 1600 1106 1640 ex
1117 1580 1194 1656 virga
1204 1575 1420 1655 d1·aco,modoex
1430 1576 1493 1636 dra·

748 1657 897 1739 conevirga
907 1659 1093 1719 effectaest.Ut
1100 1679 1162 1738 ergo
1172 1655 1250 1735 virga
1258 1655 1492 1737 Moysis,ohomo,

749 1736 896 1796 secundum
908 1753 1032 1798 naturam
1048 1738 1136 1817 virga,
1149 1734 1297 1794 secuudum
1318 1736 1493 1795 oeconomiam

748 1815 830 1876 draco
840 1817 893 1877 tuit
903 1841 909 1874 :
919 1819 958 1877 sic
971 1833 997 1877 et
1008 1818 1096 1878 Maria
1110 1815 1258 1876 secundum
1271 1828 1396 1875 naturam
1406 1815 1493 1894 virgo,

748 1896 896 1956 secundum
913 1898 1088 1965 oeconomiam
1103 1909 1187 1955 mater
1205 1895 1274 1953 sacta
1294 1908 1344 1971 est,
1360 1909 1390 1954 nt
1411 1895 1494 1955 Chal-

749 1975 867 2036 daeorum
876 1977 949 2056 magi
959 1973 1382 2054 crederent,quemadmodum,ut
1390 1974 1495 2034 timeret

751 2056 824 2137 AEgy
843 2070 898 2133 tus,
915 2058 992 2136 virga
1012 2057 1039 2116 iu
1060 2056 1204 2115 draconem
1220 2066 1321 2112 mutata
1342 2067 1389 2112 est.
1406 2057 1448 2114 An
1464 2067 1495 2113 tu

751 2135 821 2195 nolis
858 2135 972 2215 irginem
985 2157 1114 2226 apparere
1129 2133 1166 2194 ad
1178 2132 1274 2193 mundi
1289 2132 1422 2193 salutem?
1433 2133 1495 2193 Uti·

10 2214 56 2292 μέν
70 2215 139 2275 οὕτω
153 2216 313 2294 διαιροῦνται
335 2224 433 2295 τοῖχοι,
453 2220 489 2283 ὡς
512 2217 558 2275 καλ
584 2216 696 2276 θάνατον
749 2237 802 2294 que
824 2215 852 2274 iu
875 2230 952 2275 terra
968 2215 1086 2276 motibus
1106 2213 1178 2274 muri
1205 2212 1365 2274 scinduntur
1379 2227 1406 2273 et
1432 2234 1495 2273 con-

10 2303 51 2353 ;ῑν’
67 2292 136 2353 ebro
152 2293 179 2352 δὲ
193 2297 326 2367 ἑνοῦνται,
351 2299 386 2361 ὡς
404 2294 472 2375 μηδὲ
487 2294 609 2376 σχῆμαῆ
624 2295 697 2375 ἴχνος
713 2289 732 2338 C
745 2294 908 2376 junguntur,
923 2310 949 2354 et
963 2296 1072 2356 Christo
1084 2308 1208 2355 noscente
1222 2314 1273 2352 non
1283 2293 1418 2375 aperietur
1431 2293 1494 2352 vnl-

10 2378 56 2432 θαι
78 2377 125 2444 τῆς
148 2373 312 2457 διαιρέσεως·
328 2373 372 2435 ἐπὶ
386 2376 414 2434 δὲ
424 2381 472 2448 τῆς
483 2377 613 2456 άρθάρτου
626 2376 695 2436 ἐκεί-

10 2453 133 2524 εννήσεως
155 2457 202 2512 οῦκ
224 2454 314 2525 ἤθελες
330 2457 439 2527 λυθῆναι
457 2455 505 2534 μὲν
519 2454 568 2529 τήν
588 2454 693 2534 μήτραν

10 2533 81 2610 τιμὴν
95 2539 140 2592 τοῦ
150 2535 321 2611 τικτομίνου,
336 2537 466 2594 συνελθεῖν
484 2533 512 2593 δέ
535 2535 579 2610 καὶ
596 2539 694 2608 ἑνωθῆ-

10 2612 25 2671 ιλ
36 2614 67 2672 τὸ
81 2618 129 2684 τῆς
143 2614 286 2692 παρθενίας
310 2614 454 2672 άπολαόεῖν
467 2619 561 2694 σχῆμα
583 2615 646 2673 δυνά
670 2639 693 2675 ει

10 2699 148 2771 εργοῦντος,
163 2693 219 2755 Καί
233 2694 269 2770 μή
285 2717 329 2770 μοι
338 2691 413 2771 λέγε·
425 2692 503 2752 πόθεν
514 2694 615 2766 ὑπέστη
628 2639 694 2774 adp(

10 2796 61 2850 μα,
82 2770 237 2851 σπέρματος
247 2772 285 2851 μὴ
299 2771 486 2850 ὑποκειμένους
504 2771 585 2832 Ἔστι
600 2773 651 2853 γάρ
663 2776 694 2833 ἐκ

10 2854 44 2910 ιθ’
73 2856 144 2928 ἡμᾶς
172 2854 263 2928 μαθεῖν
287 2852 318 2911 τὸ
344 2851 411 2931 ὑπὲρ
438 2856 518 2930 ἡμᾶς.
544 2852 598 2911 Καὶ
617 2853 693 2912 κάλει

10 2955 21 2998 ς
40 2932 140 2996 εἰκόνας
162 2936 213 2990 τῶν
234 2929 381 3012 λεγομένοιν
402 2930 461 2997 τοῦς
481 2934 534 2990 τῶν
549 2933 693 3014 ζωγράφων

10 3033 33 3081 ς,
48 3008 74 3069 οἳ
85 3009 211 3078 πολλάκις
225 3013 270 3070 καὶ
283 3010 351 3091 ρυτδι
362 3009 406 3069 καὶ
421 3010 514 3093 δένδρα
528 3011 572 3070 καὶ
594 3015 692 3090 λειμαῦ·

10 3089 180 3167 αλποταμοθς
201 3095 393 3174 ζωγραφοῦσιν,
406 3089 451 3148 καί
473 3089 578 3150 ἐπειδάν
593 3090 624 3164 δὴ
645 3092 693 3167 τὴν

15 3175 186 3247 συνεργοῦσαν
208 3171 256 3228 οῦκ
275 3169 383 3249 έχουσι,
397 3168 477 3250 τέχνη
505 3171 639 3249 βιάζονται
660 3176 694 3252 τῇ

10 3274 13 3307 ι
26 3253 78 3307 τῶν
90 3247 240 3330 χρωμάτων
255 3249 302 3315 τάς
316 3253 368 3307 τῶν
384 3251 550 3329 πραγμάτιον
564 3261 694 3333 παριστᾷν

11 3351 32 3394 ς.
62 3330 170 3388 Ποιοῦσι
192 3329 243 3410 γδρ
262 3329 396 3406 ποταμὸν,
420 3330 494 3411 παρά
514 3334 641 3408 ποταμῶν
657 3331 694 3409 μὴ

10 3405 95 3485 όμενοι
107 3413 220 3488 ῥεῖθρον·
237 3414 355 3468 ποιοῦσιν
369 3409 515 3490 άνθρωπον,
527 3409 608 3483 αηδέν
622 3434 659 3469 πα
678 3411 695 3470 ά

10 3487 152 3566 νθρωπίνης
176 3489 352 3571 ἐρανιζόμενοι
384 3489 500 3569 φύσεως(
520 3472 625 3569 Ὥσπερ
653 3435 696 3552 οῦν

9 3565 105 3704 γράροι
126 3566 169 3625 διὰ
188 3573 240 3627 τῶν
266 3568 417 3650 χρωμάτων
432 3569 478 3628 καὶ
499 3569 636 3649 ἄνθρωπον
650 3570 696 3630 καί

750 2397 794 2451 va,
815 2387 842 2434 et
864 2396 957 2434 rursus
979 2372 1145 2434 claudetur?
1168 2372 1200 2433 ln
1222 2387 1298 2432 terrae
1314 2371 1433 2432 motibus
1458 2373 1496 2432 ita

749 2454 909 2518 scinduntur
922 2453 1004 2531 muri,
1018 2469 1048 2514 ut
1069 2455 1164 2514 mortis
1185 2450 1340 2533 periculum
1356 2452 1493 2528 inserant;

747 2547 774 2593 et
791 2534 827 2593 ita
842 2533 932 2593 denuo
941 2535 1107 2615 junguntur,
1126 2549 1202 2593 utne
1223 2531 1368 2610 vestigium
1384 2531 1495 2610 quidem

748 2613 882 2672 scissionis
895 2628 1017 2672 maneat:
1032 2627 1058 2672 et
1072 2612 1100 2673 in
1115 2625 1196 2694 partu
1209 2610 1256 2670 illo
1266 2611 1423 2691 incorrupto
1432 2613 1494 2671 nol·

747 2693 786 2752 ies
798 2692 909 2753 vulvam
920 2693 993 2752 illam
1007 2692 1075 2752 solvi
1091 2693 1119 2751 iu
1134 2693 1263 2751 bonorem
1273 2690 1394 2768 insontis,
1407 2705 1434 2749 et
1447 2689 1495 2750 de-

748 2793 801 2831 nuo
808 2773 889 2851 jungi
900 2786 926 2831 et
941 2772 1074 2851 copulari,
1088 2792 1120 2829 ac
1137 2768 1304 2849 virginitatis
1314 2770 1438 2841 ,sormam
1452 2793 1494 2830 re·

748 2851 836 2931 cipere
856 2872 907 2931 per
928 2850 1059 2909 virtutem
1082 2848 1239 2931 operantis?
1255 2849 1310 2907 Nec
1325 2845 1393 2907 mibi
1407 2849 1493 2929 dicas,

748 2931 829 2990 Unde
844 2929 965 2989 substitit
976 2950 1038 2989 caro
1049 2943 1075 2989 et
1086 2929 1196 3009 sanguis
1209 2948 1262 2986 non
1275 2927 1397 3008 subjecto
1411 2930 1494 2989 semi-

748 3010 802 3069 ue?
813 3012 884 3071 Nam
894 3031 929 3071 cx
940 3009 983 3085 iis,
991 3031 1051 3088 quae
1065 3007 1138 3091 apud
1148 3030 1196 3068 nos
1209 3007 1291 3085 fitrnt,
1301 3028 1444 3088 possumus
1455 3009 1495 3080 id,

747 3088 819 3170 qerod
834 3111 916 3171 snpra
931 3111 979 3148 nos
1001 3104 1051 3166 est,
1072 3089 1197 3148 ediscere.
1213 3085 1249 3145 Et
1263 3107 1345 3146 evoca
1364 3088 1434 3147 mihi
1459 3088 1495 3150 ad

748 3171 903 3251 exemplum
926 3169 1052 3251 pictores,
1077 3168 1125 3247 qui
1150 3187 1220 3249 saepe
1242 3166 1359 3247 plantas,
1373 3165 1494 3231 arbores.

748 3264 838 3331 prata,
858 3248 958 3309 fluvios
979 3250 1012 3309 de
1033 3249 1146 3330 iugunt;
1159 3260 1186 3306 et
1209 3266 1273 3305 cum
1293 3260 1419 3307 naturam
1441 3248 1495 3309 sibi

749 3329 929 3411 opitulantem·
938 3346 990 3388 non
1012 3270 1121 3404 babent,
1134 3341 1191 3387 arte
1204 3340 1334 3386 conantur
1357 3348 1408 3408 per
1423 3326 1494 3387 coio-

749 3430 811 3469 ronr
825 3408 970 3469 mixtiones
988 3428 1080 3468 rerum
1093 3407 1224 3488 imagines
1240 3407 1345 3466 offerre.
1364 3408 1385 3466 F
1388 3406 1495 3487 iterium

748 3490 822 3548 enim
842 3502 1043 3571 repraesentant,
1058 3488 1129 3567 nibil
1144 3510 1159 3546 a
1176 3486 1320 3546 fluminum
1336 3484 1413 3546 aiseo
1435 3508 1495 3546 mn-

749 3569 817 3630 tnati
833 3593 840 3626 ι
853 3568 1114 3643 bominemfaciunt5
1125 3580 1222 3628 natura
1232 3567 1351 3625 humana
1363 3564 1433 3633 nihil
1442 3566 1496 3626 sibi

31 3670 66 3704 κα
98 3647 217 3725 ποταμὸν
239 3652 417 3728 ζωγραροῦσι,
443 3649 525 3727 μηδὲν
550 3649 624 3730 παρὰ
638 3672 695 3723 πη-
714 3654 733 3699 θ
749 3648 946 3710 commodante.
962 3647 1199 3723 Quemadmodum
1212 3666 1276 3726 ergo
1287 3645 1404 3726 pictores
1421 3646 1495 3719 colo-

10 3733 127 3804 πυταμοῦ
144 3725 162 3797 ἢ
179 3727 317 3809 ἀνθρώπου
335 3728 528 3807 λαμόάνοντες·
552 3727 596 3787 τδν
616 3731 694 3791 αὑτὸν

10 3829 15 3860 ι
36 3806 81 3863 καὶ
93 3806 123 3865 τδ
138 3809 249 3884 Πνεῦμα
269 3808 300 3867 τδ
320 3807 392 3886 άγιον
412 3811 439 3867 ἐν
460 3814 493 3889 τῇ
514 3808 643 3891 Παρθένῳ
665 3814 696 3870 ob

10 3907 70 3957 ισιν,
85 3885 153 3945 ἀλλὰ
165 3890 246 3967 βουλῇ
262 3887 380 3968 ἔμψυχον
391 3886 583 3948 κατεσκεύασεν
598 3890 697 3971 άνθρω·

10 3962 67 4042 :apd
86 3970 133 4036 τῆς
151 3967 315 4045 ἀνθρωπίνης
329 3967 431 4047 ράσεως
456 3967 492 4046 μὴ
510 3968 696 4047 ἐρανισάμενος

12 4066 28 4100 α
41 4046 77 4112 εἷς
90 4045 216 4105 σύστασιν
234 4054 279 4106 τοῦ
297 4048 487 4125 πλαττομένου.
499 4047 533 4107 Ὁ
551 4048 619 4115 Θεὸς
632 4074 639 4083 ·
652 4055 696 4108 οῦν

23 4123 74 4182 άπδ
86 4129 133 4194 τῆς
146 4129 210 4225 γῆς,
226 4131 254 4184 οθ
276 4127 367 4210 χερσὶν
382 4126 557 4211 ἀνθρωπίναις
570 4131 696 4202 (ἀσυνθε-

52 4207 100 4274 τῆς
115 4210 263 4278 θεοτητοςὴ
278 4208 371 4287 φύσις)
384 4208 428 4267 τὸν
443 4207 527 4287 Ἀδάμ
542 4206 696 4290 ἐμόρρωσεν

10 4217 18 4260 λ

10 4226 98 4356 Ques·
114 4284 184 4345 τὸδὲ
205 4287 316 4365 Πνεῦμα
328 4287 358 4346 τδ
374 4288 447 4368 άγιον
462 4291 490 4348 οὗ
511 4294 575 4370 χοῦν
592 4289 696 4364 ἔλαάιν,

10 4359 69 4441 reite}
80 4363 154 4442 νόμῳ
168 4365 368 4438 καταάληθῆναι
385 4369 492 4449 σπέρμα
503 4367 697 4450 συνεχώρησεν,

15 4441 93 4519 μόνον
111 4442 264 4525 ἐπέλαμψε,
277 4445 322 4504 καλ
343 4446 422 4506 ὀστέα
445 4447 542 4522 ἔπηξε,
558 4449 603 4508 καλ
619 4456 697 4531 νεῦρα

11 4564 19 4592 ,
35 4521 80 4580 καί
95 4522 153 4604 ρι’να
164 4525 210 4582 καὶ
226 4527 299 4598 ὦτα,
310 4525 458 4664 θρθαλμοθς
471 4553 500 4587 τε
510 4528 556 4587 καλ
565 4531 697 4607 γλῶτταν,

10 4600 67 4662 ῑκαὶ
81 4603 177 4673 πόδας,
193 4604 281 4684 ψυχήν
295 4629 330 4664 κα
356 4612 415 4666 νοῦν
435 4609 481 4666 καί
500 4607 638 4687 λογισμὸν,
652 4610 697 4669 καλ

15 4681 208 4757 συνεστήσατο,
228 4684 277 4742 κᾶν
293 4685 331 4762 μὴ
349 4685 496 4765 βσόλωνται
512 4693 536 4748 oi
560 4693 698 4770 αἱρετικῶν

10 4759 132 4841 ;.Ὧσπιρ
140 4761 190 4842 γὰρ
201 4767 225 4822 οἱ
233 4765 260 4821 ἐν
274 4766 416 4849 κατόπτρῳ
428 4766 600 4848 ἐγκόπτοντες
612 4771 699 4829 εἰκόνα

749 3753 811 3790 rum
825 3750 876 3820 ope
894 3729 1041 3803 hominem,
1064 3730 1176 3804 sontem,
1194 3726 1311 3785 fluvium
1331 3725 1494 3806 depingunt,

750 3825 812 3870 curn
827 3808 895 3868 urbii
917 3832 932 3868 a
951 3809 1033 3883 fonte,
1047 3808 1134 3868 fluvio
1148 3806 1192 3865 iel
1206 3805 1316 3863 homine
1326 3805 1494 3941 acceperint:

750 3891 789 3950 sic
803 3902 828 3949 et
842 3889 861 3948 S
882 3888 961 3947 initus
979 3902 1086 3946 sanctus
1098 3885 1126 3945 in
1140 3883 1255 3963 Virgine
1275 3898 1328 3942 nou
1350 3904 1381 3942 co
1393 3884 1495 3963 oribus,

749 3970 796 4029 sed
821 3910 960 4028 νοίίιιιιαιο
983 3966 1132 4026 animatum
1159 3962 1312 4023 efformavit
1340 3962 1495 4038 hominem,

732 4063 737 4070 ’
749 4047 907 4126 nullumque
920 4059 1060 4106 mutuatus
1069 4058 1109 4104 est
1120 4045 1155 4104 ab
1169 4043 1287 4101 humana
1297 4054 1393 4102 natura
1406 4064 1496 4103 semen

749 4128 784 4187 ad
795 4127 864 4187 alius
874 4125 1101 4187 constitutionem.
1118 4127 1193 4184 Dens
1209 4136 1318 4204 accepto
1336 4122 1448 4204 pulvere
1462 4123 1497 4182 de

749 4222 820 4268 terra
838 4227 891 4266 nou
902 4204 1028 4266 humanis
1044 4205 1170 4265 manibus
1184 4201 1382 4283 (incomposita
1396 4202 1497 4284 quippe

727 4363 730 4371 Ι
750 4303 788 4348 cst
804 4286 911 4347 deitatis
931 4292 1045 4360 natura)
1067 4284 1202 4359 Adamum
1218 4295 1248 4340 nt
1269 4281 1497 4345 voluiteb'orma-

750 4368 807 4428 vit:
821 4367 940 4448 Spiritus
952 4387 1014 4426 vero
1028 4363 1135 4425 sanctus
1154 4384 1206 4422 non
1220 4361 1360 4443 pulverem
1382 4363 1496 4443 accepit,

751 4471 803 4507 uon
815 4448 934 4514 humana
944 4448 1003 4526 lege
1014 4467 1103 4505 semen
1116 4443 1192 4524 injici
1201 4441 1339 4515 concessit,
1351 4440 1398 4502 scd
1408 4442 1498 4502 solum

750 4527 856 4604 illuxit,
882 4548 942 4586 ossa
965 4525 1111 4607 compegit,
1127 4543 1224 4583 nervos
1243 4521 1385 4597 tentendit,
1408 4543 1496 4600 nares,

751 4629 839 4685 aures,
857 4606 960 4682 ocrrlos,
975 4605 1111 4685 lingnam,
1126 4623 1232 4675 manus,
1249 4601 1341 4682 pedes,
1355 4602 1474 4661 animam
1489 4647 1498 4673 ,
1550 4654 1552 4659 .

751 4702 877 4761 mentem,
889 4686 1087 4766 cogitationem,
1101 4684 1231 4742 rationem
1241 4681 1397 4756 constituit;
1412 4682 1460 4763 etsi
1469 4682 1500 4741 id

751 4766 871 4827 haeretici
885 4767 997 4826 minime
1007 4764 1102 4824 veiint.
1113 4764 1152 4823 Ut
1163 4762 1235 4821 enim
1247 4760 1278 4834 ii,
1291 4761 1339 4839 qui
1351 4761 1378 4820 in
1389 4761 1499 4842 speculo

10 4841 141 4918 ιιρομένην
153 4846 238 4901 αὐτῶν
250 4847 377 4925 ὁρῶσιτῇ
392 4849 449 4927 ὄψει
465 4850 496 4906 ἐκ
510 4853 557 4919 τῆς
579 4848 699 4930 ἀμόρφου
717 4863 734 4909 e:
753 4844 911 4939 respiciunt,
925 4846 1071 4937 imaginem
1083 4843 1124 4904 sui
1135 4842 1286 4933 oppositam
1300 4841 1385 4924 oculis
1395 4841 1499 4919 vident,

19 4920 106 4979 εἰκόνα
120 4924 239 4999 γελῶσαν
252 4925 397 4998 πολλάκις,
418 4928 463 4986 καλ
484 4928 637 5000 κλαίουσαν,
654 4952 700 4988 κι-

10 5024 51 5072 νην
68 5023 97 5058 τε
110 5002 157 5064 καλ
174 4995 345 5084 πολυτρόπως
363 5007 567 5087 μετερχομένην,
589 5008 635 5068 καλ
654 5011 701 5080 τῆς

10 5084 127 5160 puppii<
140 5080 174 5138 τδ
187 5082 316 5161 σχήματα
331 5087 511 5163 μιμουμένην·
526 5086 594 5147 οὔτω
612 5088 658 5147 καλ
672 5088 702 5145 τδ

10 5182 39 5216 ια
51 5159 82 5217 τὸ
104 5161 177 5298 ίῐίγιον
194 5165 221 5220 ἐν
235 5168 343 5246 καθαρῷ
365 5165 520 5250 κατόπτρῳ,
534 5172 573 5249 τῷ
597 5166 702 5249 άσπίλῳ

10 5262 35 5297 τι
44 5241 92 5309 τῆς
136 5240 242 5321 αρθένου
257 5241 484 5323 ἔλαμψε,τίλειον
497 5247 703 5330 ἐδημιούργησεν

75 5340 146 5377 rou.
168 5341 239 5382 νιιι.

754 4948 787 4986 cx
803 4925 913 4986 informi
927 4925 1038 4985 materia
1051 4936 1185 5006 paratam,
1204 4921 1350 5000 imaginem
1367 4940 1437 4999 saepe
1459 4921 1499 4979 ri—

753 5006 870 5080 dentem,
892 5007 1011 5080 ssentcm,
1036 5016 1208 5077 commotam,
1232 5000 1321 5059 varios
1340 4998 1500 5059 subeuntem
1552 5061 1555 5065 ,

755 5086 859 5160 modos,
869 5107 901 5146 ac
912 5085 1029 5146 viventis
1049 5083 1142 5142 sermm
1152 5079 1262 5141 habitus
1276 5078 1425 5137 imitantem
1439 5102 1446 5134 ε
1461 5081 1500 5138 sic

756 5180 781 5226 et
795 5165 915 5248 Spiritus
928 5178 1035 5233 sanctus
1053 5163 1081 5221 iu
1097 5181 1168 5242 puro
1186 5157 1306 5239 speculo,
1326 5157 1501 5217 immaculato

757 5267 852 5328 nempe
875 5243 1001 5325 Virginis
1027 5261 1139 5324 corpore
1161 5237 1272 5319 illuxit,
1300 5237 1503 5377 ρργχεαιιιωηιιε
