3750 5940
233 404 297 476 188
542 424 572 474 s.
600 421 743 473 sonuurs
768 420 954 471 cnursosr.
985 420 1140 469 sucurre.
1170 418 1445 470 consrnurruor.

78 566 216 616 roscen.
228 551 351 632 impurus
368 544 444 608 esset.
455 549 491 608 Et
514 549 543 608 in
562 548 734 628 sequentihus
755 547 794 606 ait
807 570 813 603 :
826 546 892 626 Ego
907 564 972 604 sum
1024 568 1099 605 κνυσι
1122 547 1155 604 δι’
1175 536 1212 605 ὧν
1232 545 1303 624 λέγει
1309 589 1317 617 ,
1331 546 1372 605 ότι
1390 547 1437 605 οῦκ
1451 542 1536 604 ἔνεστι
1558 541 1604 600 τὸν
1618 540 1679 617 ἐμοὶ
1693 538 1734 616 μὴ
1753 560 1798 597 τι·

229 640 458 711 l1m;hicautem
474 641 528 717 ait,
547 643 632 699 Venit
656 641 708 699 lux
725 642 758 697 in
780 635 972 696 mundum.1n
1024 639 1150 698 στεύοντα
1163 640 1197 698 δι’
1210 639 1313 699 ἄλλοτε
1326 637 1364 716 μὴ
1379 634 1522 707 πιστεύειν,
1537 631 1626 704 ἀλλ’ἢ
1642 630 1729 692 διλτδ
1743 630 1799 708 βίον

227 732 362 816 principio
383 734 456 792 euim
475 733 627 808 obscurius,
641 729 740 791 deinde
762 729 861 789 ebrius
878 728 972 806 loque·
1024 731 1172 810 ἀκάθαρτον
1191 731 1270 811 ίχειν.
1291 729 1345 790 Καί
1359 728 1458 810 προϊὼν
1474 727 1522 808 μέν
1535 748 1632 808 φησιν·
1646 722 1723 804 Ἐγώ
1744 725 1798 800 εἰμι

227 825 317 884 batur.
333 827 456 884 Attamen
471 824 552 883 homo
567 823 614 882 ille
635 822 818 883 multitudinis
836 822 908 882 fama
919 822 971 882 de·
1024 820 1055 880 τδ
1075 826 1144 902 φιῖις·
1164 823 1276 882 ίνταῦθα
1289 820 1332 892 dl,
1352 811 1438 881 Ἦλθε
1450 820 1481 880 rb
1500 823 1555 902 φῶς
1571 823 1608 887 εἰς
1623 818 1670 878 τὸν
1687 815 1798 894 κόσμον.

227 917 376 994 tinchatur3
386 930 550 999 quapropter
565 937 618 975 non
637 936 668 976 ea
681 937 735 995 qua
748 936 798 997 par
810 928 867 974 erat
878 915 985 974 uteba.
1025 913 1073 974 Ἐν
1092 914 1144 995 γὰρ
1165 914 1313 997 προοιμίοις
1330 913 1559 991 συνεσκιασμίνως
1586 912 1690 990 μᾶλλον
1705 907 1800 989 ίφθόγ·

228 1022 273 1068 tur
286 1007 417 1067 libertate.
432 1008 580 1088 Fugiamus
590 1026 654 1087 ergo
665 1006 773 1066 inanem
782 1006 911 1088 gloriam,
921 1006 973 1065 hoc
1024 1028 1101 1085 γετο·
1120 1005 1221 1087 προῖὼν
1243 1006 1284 1077 δί,
1307 1005 1495 1087 ’σαφέστεροκ
1510 1005 1580 1065 Ἀλλ’
1595 1003 1670 1081 ὅμως
1685 1000 1742 1061 out
1753 1003 1800 1073 τῆς

228 1099 300 1158 enim
326 1099 456 1160 vitiorum
484 1097 607 1159 omnium
633 1098 900 1160 vehementissimum
923 1111 973 1157 est.
989 1114 1009 1165 c
1025 1097 1104 1169 δόξης
1114 1103 1129 1158 ό
1141 1099 1277 1182 ἄνθρωπος
1291 1096 1431 1178 κατείχετο
1440 1101 1489 1168 τῆς
1502 1101 1554 1156 τῶν
1565 1097 1689 1156 πολλῶν·
1702 1091 1745 1152 διδ
1755 1089 1800 1151 καί

229 1191 299 1267 [line
311 1191 424 1251 avaritia
438 1205 464 1251 et
481 1210 557 1251 amor
572 1191 748 1272 pecuniarum
761 1191 897 1267 oriuntur,
907 1190 973 1250 hinc
1025 1189 1084 1250 οῦδὲ
1098 1191 1324 1272 παρρησιάζεσθαι
1342 1189 1464 1270 ἠνείχετο
1482 1193 1519 1256 ὡς
1532 1191 1627 1270 ἐχρῆν.
1649 1184 1800 1264 Φεύγωμιν

229 1283 300 1360 odia,
325 1283 408 1360 bella,
433 1284 502 1344 lites.
528 1283 667 1362 Numqui
693 1283 773 1366 plura
798 1282 972 1364 concupiscit,
1025 1280 1110 1343 τοίνυν
1133 1282 1182 1356 τὴν
1204 1282 1284 1356 κενὴν
1298 1283 1388 1352 δόξαν·
1408 1282 1550 1363 ταῦτογόρ
1568 1284 1627 1342 ἐστι
1646 1278 1757 1340 πόντων
1771 1275 1801 1334 εδ

228 1396 361 1460 nusquam
375 1376 516 1437 consistere
534 1375 641 1457 poterit.
656 1376 737 1435 Nulla
756 1388 847 1436 autem
865 1374 919 1434 alia
937 1372 972 1434 de
1025 1374 1108 1442 πόθος
1123 1375 1355 1456 τυραννικώτερον.
1369 1373 1507 1436 Ἐντεῦθεν
1520 1373 1659 1444 πλεονεξία
1670 1370 1719 1432 καί
1731 1391 1801 1452 χρη-

228 1487 308 1527 causa
327 1481 420 1528 caetera
440 1483 522 1546 amat,
536 1488 618 1547 quam
639 1466 714 1546 quod
735 1487 833 1527 vanam
857 1466 972 1547 gloriam
1027 1466 1118 1544 μότων
1133 1467 1211 1548 ἔρως,
1225 1470 1434 1546 ίντεῦθενμῑσος
1450 1467 1495 1527 καί
1516 1468 1629 1544 πολεμοι
1642 1465 1690 1525 καί
1704 1463 1799 1545 μα’χαι.

228 1573 307 1619 amet.
322 1562 378 1621 Gur
389 1560 470 1636 enim,
481 1579 579 1639 quaeso,
593 1558 781 1618 eunuchorum
789 1578 895 1638 agmen,
912 1577 973 1637 gre·
1026 1557 1061 1619 ‘0
1070 1558 1123 1638 γὰρ
1132 1566 1178 1620 τοῦ
1188 1558 1308 1628 πλείονος
1319 1563 1396 1641 ἐρῶν,
1409 1561 1523 1638 οὐδαμοῦ
1535 1563 1631 1630 στῆναι
1644 1548 1798 1629 δυνήσεται.

228 1673 288 1732 gem
295 1674 443 1729 servorum,
454 1673 503 1711 cur
512 1651 723 1712 tautumfastum
736 1649 816 1709 multi
825 1649 973 1722 exhibent?
1027 1641 1136 1730 ’Epp'tt
1150 1651 1293 1731 οὐδαμόθεν
1308 1652 1426 1724 ἄλλοθεν,
1442 1653 1500 1725 ἀλλ’
1516 1650 1569 1709 ἀπὸ
1579 1654 1630 1710 τοῦ
1647 1649 1727 1722 δόξης
1738 1650 1801 1729 ίρςν

228 1745 289 1802 Νοιι
304 1743 357 1802 alia
371 1765 461 1821 causa,
473 1743 525 1803 nisi
543 1756 573 1825 ut
587 1742 687 1801 multos
700 1740 817 1800 habeant
838 1740 972 1821 inoppor-
1027 1747 1112 1814 κενῆς.
1130 1742 1209 1810 Τίνος
1220 1743 1272 1823 γὰρ
1285 1741 1382 1817 ἕνεκεν,
1394 1742 1452 1803 elui
1466 1764 1527 1821 μοι,
1541 1745 1643 1815 πλῆθος
1656 1739 1799 1823 εὐνούχοιν,

228 1849 299 1894 tunae
314 1835 520 1915 magnificentia·
544 1849 632 1895 testes.
649 1833 683 1893 *Si
698 1832 769 1892 hanc
790 1852 854 1912 ergo
872 1830 973 1891 resciri·
1027 1833 1072 1892 καί
1082 1833 1253 1914 ἀνδραπόδων
1267 1834 1380 1914 ἀγέλας,
1402 1834 1447 1894 καὶ
1464 1832 1566 1906 πολλὴν
1582 1835 1608 1892 ot
1619 1832 1801 1913 πολλσληρι-

227 1927 335 2005 damus,
351 1949 414 1988 cum
430 1927 607 2009 capiteetiam
617 1925 737 1986 membra
750 1924 876 2005 nequitiae
890 1922 971 1983 tolle-
1026 1926 1170 1987 όιίλλονται
1187 1927 1348 2007 φαντασίαν;
1366 1929 1407 1986 (λλ
1428 1927 1520 2008 χρείας
1534 1926 1637 1999 ἕνεκεν,
1658 1926 1723 1985 ἀλλ’
1735 1922 1800 2005 bulg

227 2040 298 2095 mus,
312 2020 434 2099 nihilque
443 2019 609 2100 prohibebit,
622 2018 768 2097 quominus
782 2031 881 2076 terram
894 2014 973 2096 quasi
1026 2024 1072 2080 τοῦ
1091 2019 1226 2100 μοίρτυρας
1245 2018 1316 2100 ἔχειν
1334 2022 1382 2090 τῆς
1404 2017 1513 2099 ἀκαίρου
1533 2007 1634 2091 ταύτης
1654 2015 1801 2098 φαντασίας

229 2112 325 2171 caelum
342 2113 499 2172 incolamus.
513 2113 607 2192 Neque
617 2111 689 2172 euim
701 2109 738 2175 ad
753 2109 901 2190 nequitiam
914 2123 973 2169 tau-
991 2121 1011 2168 b
1026 2110 1086 2178 τοὺς
1111 2112 1290 2179 ἀπαντῶντας.
1313 2108 1359 2171 Ἂν
1380 2110 1466 2170 τοίνυν
1489 2108 1590 2182 ταύτην
1612 2109 1799 2190 ἀποτίμαιμιν,

230 2216 289 2262 tum
298 2225 366 2283 quos
380 2205 452 2287 capit
472 2204 596 2286 impellit,
608 2203 655 2263 sed
667 2217 694 2262 et
712 2202 809 2264 virtuti
819 2223 847 2261 se
861 2197 975 2261 subdole
1029 2202 1096 2281 pech
1108 2206 1156 2276 τῆς
1169 2204 1287 2284 κεφαλῆς
1300 2202 1347 2262 καί
1360 2203 1395 2262 τὰ
1407 2201 1488 2263 λοιπδ
1500 2206 1548 2275 τῆς
1561 2200 1658 2269 κακίας
1671 2188 1800 2263 ιόνεδίῦ-

94 2309 158 2355 vm
171 2311 219 2370 φω-
230 2293 372 2373 adimeret,
386 2310 411 2355 et
425 2317 487 2356 cum
502 2317 518 2354 a
532 2297 633 2357 virtute
651 2314 700 2354 nos
714 2293 839 2353 decutere
857 2311 911 2352 non
927 2313 974 2373 po
1029 2318 1077 2374 μεν
1089 2294 1171 2374 μέλη,
1188 2294 1234 2355 καί
1250 2295 1324 2356 οῦδὲν
1336 2293 1367 2354 τδ
1379 2298 1498 2357 κωλῦσον
1512 2293 1587 2355 ίσται
1601 2291 1652 2366 τὴν
1664 2296 1719 2374 γῆν
1730 2298 1799 2373 m

77 2375 221 2480 &2⁰⁶¹
231 2400 293 2464 test,
307 2387 336 2445 in
363 2387 422 2468 ipsa
432 2387 486 2447 -illa
507 2387 610 2448 virtute
632 2405 760 2466 magnum
781 2384 973 2444 detrimentum
1028 2392 1108 2449 οίκεῑν
1128 2394 1163 2457 ὡς
1182 2389 1227 2448 τόν
1238 2387 1356 2470 οὐρανόν.
1378 2387 1449 2464 (bloi
1462 2389 1514 2469 γὰρ
1532 2387 1598 2468 πρὸς
1610 2385 1709 2447 κακίαν
1724 2385 1798 2466 μόηε

77 2498 146 2543 route
231 2479 370 2560 importat,
399 2480 466 2540 ditur
487 2480 592 2540 labores
606 2479 720 2538 tolerare
740 2477 821 2558 cogit,
844 2489 870 2536 et
898 2475 974 2536 laho-
1027 2483 1090 2540 ὠθεῖ
1108 2481 1168 2549 τοῦς
1181 2480 1304 2552 ἁλόντας,
1325 2481 1394 2540 ἀλλὰ
1410 2479 1456 2539 καί
1474 2488 1532 2548 ταῖς
1552 2481 1661 2559 ἀρεταῖς
1677 2476 1797 2561 παρεφό-

231 2591 293 2630 rum
307 2571 396 2630 fructu
409 2571 594 2654 privat‘Nam
613 2569 663 2650 qui
684 2569 720 2630 ad
742 2591 841 2631 vanam
858 2569 973 2649 gloriam
1028 2597 1125 2645 σιηκε·
1148 2573 1193 2633 καὶ
1215 2573 1362 2650 ότανήμας
1376 2574 1474 2632 ίκεῑθεν
1496 2570 1620 2631 ίκῦαλεῖν
1634 2569 1674 2649 μὴ
1688 2571 1795 2653 δυνηθῇ,

230 2663 349 2744 respicit,
361 2664 419 2724 sive
427 2663 572 2746 jejunium,
584 2663 641 2723 sive
654 2662 812 2740 orationem,
831 2663 889 2724 sive
905 2661 974 2721 elee·
1027 2668 1054 2725 ἰν
1064 2671 1130 2746 αὐτῇ
1147 2671 1179 2746 τῇ
1193 2668 1274 2747 ἀρετῇ
1287 2664 1388 2737 πολλὴν
1401 2664 1450 2738 τὴν
1463 2662 1561 2742 ζημίαν
1572 2660 1796 2744 ἒργείζεταε,αυλς

229 2775 371 2837 mosyuam
398 2769 528 2833 exerceat,
553 2776 661 2815 omnem
686 2755 789 2816 amittit
809 2754 970 2816 mercedem.
1027 2757 1074 2836 plo
1087 2758 1181 2826 πόνους
1195 2761 1342 2831 ὑποστῆναι
1357 2757 1556 2837 ἀναγκάζουσα,
1575 2761 1631 2817 τῶν
1648 2756 1795 2838 diacope&

228 2847 292 2919 Quo
316 2841 417 2908 darum
439 2847 507 2927 quid
529 2845 712 2908 miserabilius
733 2847 842 2906 tuerit?
863 2848 973 2926 quando
1027 2853 1219 2930 όποστεροῦσα.
1239 2850 1274 2912 Ὁ
1288 2851 1340 2930 γὰρ
1358 2849 1424 2930 πρδς
1442 2849 1542 2923 ταύτην
1558 2847 1676 2928 βλόπων,
1693 2847 1739 2910 καί
1751 2870 1795 2921 η-

158 2965 161 2974 ·
228 2959 324 3021 nempe
335 2941 397 3020 quis
413 2961 440 3000 se
456 2941 555 3000 frustm
571 2953 697 3015 macerat,
708 2937 895 3018 ridiculusque
909 2962 972 3001 eva·
1026 2943 1136 3019 στεύων,
1152 2942 1197 3005 καί
1211 2943 1362 3025 εὐχόμενος,
1377 2941 1423 3001 καὶ
1436 2938 1794 3023 ἐλεῶν,ιίπίχειτδνμιεθίν

227 3030 278 3108 dit,
294 3046 320 3092 et
332 3055 348 3093 a
360 3054 475 3115 superna
491 3032 577 3114 gloria
591 3029 702 3093 excidit.
723 3033 817 3110 Neque
837 3032 909 3104 enim
924 3055 972 3115 po·
1026 3037 1115 3096 αὐτοῦ.
1132 3036 1169 3095 Τί
1182 3034 1280 3108 ταύτης
1292 3039 1340 3108 τῆς
1357 3034 1453 3113 ζημίας
1468 3033 1642 3115 ἐλεεινότερον
1652 3032 1794 3114 eteorum

226 3136 277 3183 test
295 3125 343 3203 qui
362 3138 504 3204 utramque
520 3122 662 3199 desiderat,
675 3136 818 3202 utramque
837 3125 971 3204 consequi.
1026 3129 1084 3187 ἀλλ’
1098 3127 1189 3199 ἢόταν
1203 3126 1336 3207 συμόαίνῃ
1353 3125 1496 3187 κόπτεσθαι
1509 3129 1567 3204 είκῇ
1582 3125 1630 3186 καί
1641 3127 1742 3206 μάτην,
1752 3124 1793 3187 ael

227 3215 373 3276 Possumus
382 3210 470 3275 tamen
483 3230 624 3294 utramque
634 3214 799 3293 consequi,si
808 3235 861 3273 non
870 3229 972 3275 utraru-
1025 3221 1221 3301 καταγέλαστον
1244 3219 1377 3300 γίνεσθαι,
1402 3220 1447 3279 καί
1468 3222 1517 3292 τῆς
1539 3219 1640 3279 ἄνευθεν
1661 3218 1793 3281 edm

225 3328 278 3386 que
300 3307 414 3387 gloriam
433 3309 661 3388 concupiscamus,
676 3305 722 3365 sed
752 3306 883 3367 calestem
912 3322 971 3368 tan·
988 3331 1008 3378 n
1025 3312 1113 3388 δόξης;
1131 3312 1236 3394 Ούγδρ
1250 3314 1321 3373 ἔστιν
1335 3311 1492 3394 ἀμφοτέρων
1511 3310 1659 3392 ἐφιέμενον,
1677 3309 1792 3392 ἂμφοτί-

227 3413 300 3485 tum3
313 3400 361 3478 qui
375 3421 440 3460 vero
453 3413 595 3478 utramque
602 3412 683 3475 amat,
695 3420 748 3458 non
762 3413 905 3478 utramque
914 3401 971 3459 adi-
1026 3429 1077 3487 ρων
1088 3414 1188 3486 τυχεῖν.
1205 3409 1321 3486 “’1“υχεῖν
1338 3404 1385 3483 μὲν
1404 3403 1456 3486 γὰρ
1469 3405 1542 3462 ἔστιν
1553 3402 1723 3485 δμφαείρων,
1733 3402 1791 3465 όταν

225 3489 294 3570 pisci
306 3503 402 3570 potest.
417 3490 600 3562 Quamobrem
613 3490 636 3550 si
647 3489 763 3550 velimus
777 3491 891 3571 gloriam
905 3491 970 3552 adi-
1024 3498 1056 3570 δὴ
1072 3497 1109 3577 μὴ
1122 3497 1289 3578 ἀμφοτέρων,
1306 3498 1374 3557 ἀλλὰ
1386 3500 1434 3568 τῆς
1449 3507 1511 3573 μιᾶς
1525 3498 1701 3576 ἐπιθυμοῦμεν
1711 3498 1791 3569 elie&

226 3579 304 3661 pisci,
319 3580 455 3660 fugiamus
471 3580 618 3641 humanam
641 3582 764 3662 gloriam,
783 3597 809 3643 et
832 3605 891 3644 earn
910 3604 970 3664 qnae
1024 3592 1077 3648 τῶν
1089 3593 1219 3669 οὐρανῶν·
1232 3588 1386 3670 ἀμφοτέρων
1401 3589 1428 3647 δὲ
1440 3591 1542 3668 ἐρῶντα
1552 3591 1602 3648 οῦκ
1617 3587 1691 3648 ἔστιν
1708 3590 1789 3670 ἀμφο-
1830 3632 1834 3668 ,

225 3671 313 3731 asolo
326 3670 643 3748 Deoestdesideremus;
656 3687 683 3732 et
701 3673 740 3733 sio
758 3688 872 3754 utraque
885 3679 970 3757 potie-
1023 3682 1107 3764 τίρων
1124 3689 1223 3763 τυχεῖν.
1243 3680 1342 3761 Διόπερ
1357 3685 1381 3740 εἰ
1396 3680 1545 3760 βουλόμεθα
1559 3679 1637 3752 δόξης
1650 3678 1788 3761 inmad-
1826 3726 1834 3765 ,

224 3783 295 3822 mur.
310 3763 423 3822 Utinam
442 3783 506 3823 vero
525 3763 576 3823 hac
595 3765 729 3839 fruamur,
743 3765 829 3845 gratia
847 3781 874 3825 et
893 3768 970 3829 beni·
1024 3762 1086 3849 νειν,
1100 3773 1237 3856 φεύγωμεν
1255 3773 1304 3844 τὴν
1327 3771 1492 3851 ἀνθρωπίνην
1503 3772 1589 3843 δόξαν,
1603 3771 1650 3832 καί
1664 3769 1787 3853 &qugd
1823 3818 1834 3859 ¹

224 3855 325 3933 gnitate
342 3852 452 3914 Domini
470 3856 554 3915 nostri
572 3858 636 3917 Jesu
652 3855 765 3930 Christi,
779 3878 828 3937 per
844 3881 925 3938 quem
943 3876 970 3921 et
1023 3850 1155 3928 eoo‘eeco
1176 3866 1258 3945 μόνης
1278 3868 1457 3944 ἐπιθυμοῦμεν.
1472 3864 1554 3924 Οὕτω
1570 3864 1625 3946 γὰρ
1641 3864 1786 3936 καίτεύτης
1821 3914 1834 3949 ¹

224 3966 285 4004 cum
296 3946 430 4025 quoPatri
441 3947 526 4028 gloria
536 3961 740 4026 unaquesancto
749 3948 876 4030 Spiritui,
884 3951 910 4010 in
922 3973 970 4013 ια·
979 3993 1016 4037 „g
1024 3956 1148 4031 κάκείνης
1173 3955 1377 4036 ἐπετευξόμεθα·
1403 3947 1436 4027 ἧς
1464 3956 1567 4036 γίνοιτο
1594 3957 1698 4026 πάντας
1723 3962 1783 4036 ipra
1818 4006 1834 4039 1

224 4038 284 4098 ⁰1¹¹ss
295 4037 464 4099 ⁵20¹¹l⁰f1¹m=
475 4043 568 4099 Amen·
988 4046 1205 4120 Δἰεἰιτολαῦσαι,
1231 4047 1323 4129 χάριτι
1349 4047 1394 4107 καί
1418 4047 1603 4129 φιλανθρωπίᾳ
1626 4053 1674 4109 τοῦ
1697 4045 1781 4130 Καρία
1817 4098 1834 4131 Ι

1023 4148 1101 4221 ἡμῶν
1111 4141 1200 4214 Ἰησοῦ
1213 4143 1347 4221 Χριστοῦ,
1362 4141 1396 4198 δι’
1409 4131 1439 4197 ob
1450 4140 1495 4199 καί
1508 4143 1566 4218 μκθ’
1580 4132 1612 4200 ού
1625 4144 1665 4222 τῷ
1676 4139 1778 4222 llatpll
1816 4185 1834 4217 =

1024 4235 1099 4308 δόξα,
1113 4234 1170 4313 ἅμα
1184 4237 1223 4314 τῷ
1238 4234 1304 4313 ἁγίῳ
1318 4231 1471 4310 Πνεύματι,
1492 4235 1529 4300 είς
1546 4231 1608 4300 τούς
1626 4237 1721 4302 aldeae
1734 4234 1776 4292 νῦν
1828 4302 1834 4307 ,

976 4366 987 4384 .
1024 4328 1135 4388 αἰώνων.
1148 4325 1241 4405 Ἀμήν.

257 4528 366 4581 ιΜοτεΙ.
380 4532 523 4604 σαφέστερον.
536 4538 606 4594 οὕτως
619 4538 671 4590 hub·
688 4536 756 4602 [blox
773 4534 883 4589 {troilon
898 4534 981 4588 Codd.
1066 4537 1158 4599 tllaeo,
1170 4545 1245 4602 τυχεῖν
1254 4539 1299 4597 μίν
1310 4541 1354 4602 γὰρ
1366 4539 1424 4585 ἐστιν
1435 4539 1581 4604 ἀμμοτίρων,
1594 4530 1720 4584 (ίωυηῑίπ
1733 4527 1776 4596 qul·

224 4607 304 4660 nostri
316 4613 392 4683 διόπερ
403 4614 452 4662 etti
463 4612 501 4674 π]
1034 4611 1149 4664 busdam.
1161 4612 1230 4677 [llox
1241 4608 1319 4661 Sauil.
1331 4617 1386 4663 όταν
1397 4621 1439 4675 μη.
1450 4605 1515 4662 eod.
1529 4609 1579 4659 705
1588 4617 1647 4666 tf„
1655 4615 1679 4665 tt
1689 4608 1738 4678 μη]

257 4686 393 4752 bQu'rdam
403 4694 528 4755 ἀνείλομεν.
542 4691 618 4756 [Mox
630 4691 708 4746 savit.
726 4703 752 4744 et
766 4691 901 4745 Gonane
916 4698 985 4754 οὕτως
1066 4706 1078 4732 ·
1092 4689 1179 4743 Horeb
1192 4695 1328 4747 ductatore.
1339 4686 1417 4741 Sav‘tl·
1429 4695 1550 4754 temno.

223 4768 383 4836 antefatarum]
