3750 5940
313 434 348 486 ιιι
373 434 533 485 toannan
559 434 675 483 nouis.
704 434 832 484 cxxvii.
858 412 905 484 al.
937 435 1054 485 cxxvi.
1396 412 1466 514 517

61 563 179 636 λλήλοις
200 563 306 644 άγάπης
322 561 432 641 γένεται.
450 562 505 623 Καὶ
517 562 567 642 οὐχ
578 562 670 628 ἁπλοῦς
719 558 786 619 dum
798 560 1140 642 signifieat:Sieutdileai
1151 582 1216 621 οοε.
1229 561 1334 622 ltursns
1341 560 1465 638 ostendit,
1525 632 1530 641 .

61 655 105 731 ιλν,
129 654 199 715 ἀλλὰ
223 653 270 715 καλ
293 654 339 713 τὸν
353 653 452 738 τρόπον
469 655 560 726 δηλοῖ·
574 654 669 724 Καθὼς
717 673 851 712 secessum
873 675 954 714 suum
975 676 1029 715 non
1051 675 1086 714 ex
1106 653 1186 730 odio,
1204 653 1252 715 sed
1271 675 1307 715 ex
1323 654 1466 716 dilectione

61 771 87 808 ια
100 753 179 827 ὑμᾶς.
193 748 281 809 Πάλιν
299 746 439 823 διέκνυσιν,
450 745 561 830 δτιοῦχλ
577 747 668 827 μέσοις
717 743 792 803 oriri.
816 745 910 825 ltaque
930 767 973 806 me
993 746 1080 828 magis
1099 745 1194 805 mirari
1213 766 1272 806 eam
1296 748 1332 807 ob
1356 768 1466 809 causam

67 844 87 913 ἡ
109 838 292 923 ἀνεχώρησα,
309 838 380 899 ἀλλὰ
400 841 522 920 ἀγάπης·
542 839 612 900 ὥστε
633 863 667 918 μι
717 836 865 918 oportebat.
876 841 929 899 Pro
942 840 1022 900 vobis
1041 839 1114 899 enim
1131 839 1251 899 animam
1270 860 1358 899 meam
1380 861 1462 921 pono.

61 938 98 1006 ἢν
120 935 301 1014 θαυμάζεσθαι
317 932 385 1014 ὑπέρ
403 932 504 994 τούτου.
517 932 602 1016 Ὑπδρ
614 935 667 1015 γὰρ
674 932 824 1021 milenum
835 953 970 1011 nusquam
978 932 1160 1012 italoquitur3
1171 931 1220 992 sed
1228 953 1312 1013 supra
1323 953 1386 992 cum
1394 933 1465 1014 opti·

61 1027 132 1110 υριέν
144 1051 195 1106 μοι
207 1027 310 1106 τέῦημι.
322 1026 392 1089 Ἀλλ’
410 1029 525 1107 οὐδαμοῦ
540 1026 609 1088 οὕτω
618 1052 667 1110 ρη·
683 1038 703 1082 Α
718 1044 793 1083 mum
809 1038 944 1106 pastorem
957 1025 1099 1101 describi15
1114 1025 1160 1085 hic
1173 1047 1248 1101 vero,
1261 1046 1325 1084 euin
1338 1023 1465 1086 admomt

61 1120 109 1180 tta
120 1118 246 1202 ἀνιοτέριι
261 1119 323 1199 μέν,
335 1121 381 1182 τδν
391 1120 498 1202 άριστον
508 1121 666 1202 ῦπογράφιον
717 1117 818 1195 illos,et
828 1118 978 1180 dilectionis
988 1118 1203 1200 magnitudinem
1213 1118 1337 1197 ostendit,
1346 1119 1465 1200 seipsum

61 1218 143 1273 ταῦθα
155 1212 200 1288 δέ,
213 1214 241 1272 έν
251 1216 291 1294 τῷ
303 1221 441 1294 παραινεῖν
453 1211 544 1281 «tecle
557 1213 604 1273 καὶ
615 1215 666 1274 δτι·
718 1214 779 1293 quis
792 1214 828 1274 sit
848 1214 976 1275 declarat.
987 1216 1044 1275 Cur
1061 1228 1152 1275 autem
1173 1214 1276 1293 ubique
1294 1212 1466 1274 dilectionem

61 1304 203 1385 Ξγέπηςτδ
217 1303 341 1385 μέγεθος,
351 1304 398 1364 καλ
411 1306 504 1366 ἑαυτὸν
518 1306 589 1375 ὅστις
599 1306 666 1367 ἐστέ.
717 1307 842 1367 extollit?
851 1307 924 1382 Quia
935 1308 987 1367 hoc
998 1320 1037 1368 est
1051 1306 1247 1388 discipulorum
1261 1306 1406 1380 indicium,
1413 1306 1466 1367 hoc

61 1419 114 1456 ικεν
127 1403 267 1479 πανταχοῦ
289 1395 339 1468 τὴν
350 1395 458 1478 ἀγάπην
469 1399 587 1480 έπαέριι,
601 1398 667 1459 Ὅτι
718 1397 846 1459 virtutem
858 1398 941 1460 fovet.
957 1399 1022 1459 Ideo
1039 1399 1141 1459 Paulus
1154 1398 1190 1458 de
1203 1398 1250 1458 illa
1266 1398 1323 1458 haec
1335 1397 1412 1474 dicit,
1422 1411 1465 1457 ut-

61 1488 80 1549 t
92 1489 188 1569 δεῖγμα
200 1491 255 1548 τῶν
269 1493 409 1567 μαθητῶν,
422 1490 539 1552 ταῦτατὸ
552 1515 667 1573 αιγκρο-
716 1503 779 1570 pote
787 1511 869 1552 venis
883 1490 986 1551 Christi
1001 1491 1165 1573 discipulus,
1176 1491 1224 1571 qui
1240 1490 1316 1550 illam
1329 1491 1465 1572 experire-

61 1580 667 1664 πήνΔιδτοῦιοκαὶδΠαῦλοςτοσαῦταπερλ
716 1597 770 1644 tur.
786 1586 835 1645 ll.
856 1589 913 1646 Vos
927 1591 1017 1647 amici
1032 1592 1089 1646 mei
1104 1591 1182 1646 estis.
1199 1588 1273 1647 Iam
1293 1608 1353 1646 nou
1366 1587 1465 1646 dicam

61 1701 73 1748 ·‚
85 1674 133 1734 ἅτε
151 1672 273 1753 μαθητὴς
291 1672 329 1733 ὢν
342 1674 447 1753 γνήσιος
470 1681 517 1735 τοῦ
533 1677 666 1759 Χριστοῦ,
717 1696 770 1737 vos
781 1698 880 1738 servos
892 1701 901 1736 .·
914 1680 962 1738 15.
973 1683 1045 1760 quia
1057 1699 1156 1739 servm
1176 1682 1268 1739 nescit
1286 1681 1358 1761 quid
1360 1680 1464 1761 saciat

61 1768 143 1837 αὐτῆς
163 1763 263 1825 λαῦάιν.
272 1764 367 1844 Ὑμεῖς
380 1767 450 1847 ρέλοι
464 1792 514 1847 μου
528 1768 597 1828 ἐστέ.
608 1773 666 1831 Οὔκ
716 1769 853 1829 domim
862 1773 935 1853 ejus.
950 1774 1007 1832 Vos
1021 1775 1111 1831 οιιιὶοἰ
1121 1776 1178 1831 nesi
1187 1776 1269 1842 estis;
1281 1777 1353 1854 quia
1363 1776 1464 1832 omnia

61 1883 95 1939 γτι
103 1855 227 1927 δοάλους·
241 1857 318 1938 δγδρ
329 1859 419 1928 δοῦλος
432 1863 480 1920 οὐκ
492 1850 546 1921 οἶδε
557 1861 585 1920 τέ
596 1871 666 1923 ποιεῖ
716 1881 781 1940 quoe
795 1863 897 1921 audivi
904 1883 925 1921 a
937 1865 1031 1923 Patre
1041 1883 1115 1935 meo,
1137 1866 1284 1946 notescet
1298 1867 1394 1924 ‘uobis
1407 1864 1465 1924 Cur

61 1957 119 2012 τοῦ.
132 1950 227 2029 Ὑμεῖς
250 1949 322 2031 pnes
338 1951 461 2029 μουέστέ
469 1974 477 1990 ·
499 1951 587 2015 πάντα
599 1956 665 2038 γάρ,
715 1954 944 2033 στμοοίι,Μιιέιιι
959 1958 1053 2015 liabeo
1066 1957 1153 2016 uobis
1167 1952 1274 2030 dicere,
1283 1959 1464 2039 sednoupo-
1473 1977 1543 2020 leae.
1560 1972 1595 2021 ιδ.

70 2042 148 2124 παρά
161 2047 208 2102 τοῦ
222 2042 330 2124 Πατρός
344 2066 410 2123 μοι,
435 2043 565 2126 ἐγνώρισα
592 2048 664 2126 ὑμῖν.
716 2051 797 2106 testis
805 2061 926 2127 portare
935 2050 1022 2108 modo
1031 2055 1045 2107 δ
1054 2050 1126 2109 Cum
1135 2047 1211 2127 dicit,
1219 2053 1328 2110 Omnia
1337 2073 1403 2133 quoe
1410 2073 1464 2112 ou-
1478 2051 1514 2085 ¹²·

61 2158 109 2215 γει,
126 2132 222 2194 Πολλά
231 2134 286 2216 έχιο
305 2136 391 2216 λέγιιν
402 2140 473 2216 ὑμῖν,
496 2139 555 2198 ἀλλ’
565 2141 595 2198 οῦ
618 2139 664 2198 δύ-
680 2150 699 2197 B
714 2139 786 2211 divi,
798 2139 867 2199 nihil
878 2138 954 2200 eliud
968 2141 1028 2202 vult
1041 2140 1199 2222 significari,
1212 2162 1295 2222 ιμιοιιι
1308 2143 1381 2223 quod
1395 2143 1465 2205 nihil

61 2228 121 2297 ἵζειν
134 2227 209 2310 άρτι;
220 2228 304 2288 Οὐδὲν
315 2228 381 2288 άλλο
394 2227 439 2288 διδ
449 2233 496 2290 τοῦ
511 2229 606 2290 Πάντα
619 2231 664 2292 καὶ
714 2230 833 2292 alienim
849 2233 990 2313 loquatur;
1005 2232 1052 2293 sed
1066 2254 1157 2312 ουτοι
1174 2236 1254 2295 Patre
1266 2235 1381 2298 audivit.
1391 2238 1464 2311 Quia

61 2347 68 2382 ι
91 2321 300 2396 κατασκευάζει,
325 2318 343 2392 ἢ
367 2320 408 2380 ὅτι
430 2321 504 2383 οὐδὲν
528 2323 664 2405 ἀλλότριον
714 2343 779 2383 vero
789 2323 860 2385 illud
873 2325 993 2393 maxime
1002 2325 1128 2385 amicitia
1138 2347 1196 2387 esse
1208 2327 1329 2408 videtur,
1344 2350 1406 2390 eum
1420 2352 1464 2390 sr-

61 2416 115 2475 atn’
133 2413 152 2486 ἢ
172 2412 207 2473 τά
219 2419 266 2474 τοῦ
278 2413 394 2495 Πατρός.
408 2414 521 2489 Ἐπειδὴ
542 2415 569 2475 δέ
588 2423 665 2478 τοῦτο
714 2435 779 2475 cana
794 2415 937 2497 dicuntum
951 2419 1003 2478 hae
1023 2439 1147 2498 quoque,
1160 2418 1260 2500 inquit,
1275 2419 1378 2502 dignati
1401 2423 1465 2483 estis

61 2514 97 2565 ειῑ
116 2505 207 2586 φιλίας
227 2495 293 2565 εἶναι
311 2506 343 2566 τὸ
358 2507 393 2567 τά
414 2507 554 2590 ἀπόρρητα
569 2507 665 2587 λέγειν,
715 2509 811 2588 gratia.
828 2511 898 2570 Cum
911 2532 976 2573 vero
987 2509 1055 2571 dicit
1066 2515 1186 2587 Omnia,
1199 2512 1335 2595 intelligas
1348 2534 1388 2590 ea,
1405 2536 1465 2594 quae

65 2596 235 2672 'dissitum
253 2599 334 2680 φησὶ,
349 2602 398 2671 τῆς
411 2598 556 2667 κοινωνίας.
570 2600 664 2660 Πάντα
714 2601 809 2662 audire
817 2603 879 2664 illos
889 2604 1039 2686 oportebat.
1047 2603 1152 2664 Deinde
1164 2603 1242 2664 aliud
1251 2606 1328 2666 effert
1337 2627 1391 2667 non
1403 2607 1465 2666 vul·

61 2713 85 2769 η,
97 2690 148 2750 ὅσα
162 2689 256 2758 αὐτοῦς
269 2693 380 2752 ἀκοῦσαι
396 2693 487 2772 ἐχρῆν,
501 2690 582 2772 λέγει.
596 2683 665 2753 Εἶτα
714 2713 778 2774 gare
789 2695 915 2756 amicitie
934 2696 1054 2776 signum.
1070 2695 1216 2770 Quodnam
1230 2697 1323 2757 illud?
1333 2702 1380 2760 16.
1395 2703 1465 2761 Non

61 2781 255 2863 μήριον,οδτδ
268 2785 358 2864 τυχὸν,
373 2783 461 2864 φιλέας
472 2783 569 2858 τέδησι.
584 2786 666 2846 Ποῖον
714 2808 771 2847 vos
785 2809 832 2847 me
842 2788 979 2869 elegistis,
995 2788 1092 2868 inquit,
1107 2790 1160 2849 sed
1173 2810 1225 2870 ego
1236 2791 1311 2871 elegi
1327 2811 1393 2852 uos.
1405 2792 1464 2874 Ege

61 2877 99 2956 δχ
111 2879 186 2953 ὑμαῖς
199 2899 232 2954 με
254 2874 421 2948 ἐξελέξασθε,
432 2876 524 2958 φησὶν,
540 2878 599 2936 ἀλλ’
612 2877 665 2958 ἐγὼ
714 2894 832 2941 vestram
842 2880 989 2940 amicitiam
1000 2880 1097 2941 ardens
1112 2881 1233 2960 quesivi.
1249 2883 1343 2962 Neque
1356 2884 1408 2945 hoe
1418 2907 1462 2945 sa·

61 2971 147 3045 ῦμῦς·
163 2967 308 3043 τουτέστιν,
323 2967 376 3048 ipa
395 2974 429 3050 τῇ
453 2967 528 3053 quiq
552 2969 666 3053 έπέδρα-
714 2973 750 3033 tis
769 2972 877 3050 habuit,
892 2972 950 3050 sed,
961 2976 1053 3033 Posui
1075 2993 1140 3047 vos,
1156 2973 1256 3053 inquit,
1269 2974 1300 3034 id
1317 2990 1367 3055 est,
1383 2977 1464 3038 Plan·

61 3059 126 3142 άριρ.
149 3061 205 3121 Καὶ
226 3061 285 3121 οὐδέ
306 3064 417 3121 ἐνταῦθα
431 3061 511 3134 έστη·
529 3063 598 3124 ἀλλὰ
620 3065 666 3125 καὶ
680 3090 698 3135 t:
714 3067 779 3143 tavi,
794 3079 827 3125 ut
846 3065 1043 3141 eatis(adhuc
1061 3066 1089 3126 in
1113 3066 1269 3147 metaphora
1291 3068 1356 3129 vitis
1377 3071 1464 3152 persi·

61 3154 106 3227 τλν,
118 3154 356 3232 audemusne,
366 3154 509 3235 έφάτιυσα,
519 3154 580 3217 Ἵνα
591 3162 664 3237 ὑμεῖς
713 3159 794 3237 stit),
811 3158 841 3218 id
853 3172 905 3236 est,
915 3162 955 3221 Ut
968 3158 1160 3238 extendamini,
1171 3176 1200 3222 et
1201 3164 1340 3245 fructum
1349 3165 1463 3246 ujsera·

61 3249 125 3326 ιιτῇ
140 3256 279 3329 μεταφορᾷ
295 3247 426 3327 κέχρηται
443 3250 492 3319 τῆς
510 3248 664 3326 άμπέλου)·
714 3255 762 3322 tis,
778 3265 807 3311 et
809 3253 933 3334 fricatus
956 3266 1054 3312 cester
1075 3269 1204 3314 mineat.
1224 3254 1307 3330 Quod
1320 3255 1344 3314 si
1358 3255 1463 3316 &uetus

60 3337 99 3397 ἕνα
114 3340 257 3412 έκταῦῆτε,
272 3339 326 3399 Καὶ
347 3340 449 3420 καρπὸν
468 3340 580 3423 φέρητε,
592 3342 666 3404 καλά
714 3356 830 3419 maneat,
847 3342 934 3404 multo
954 3343 1040 3424 magis
1058 3366 1116 3406 vos.
1135 3346 1196 3405 Non
1218 3346 1290 3405 enim
1310 3368 1360 3408 vos
1372 3347 1463 3410 amavi

61 3435 87 3491 is
103 3431 179 3512 μένῃ
201 3432 235 3491 El
264 3430 292 3491 δέ
312 3436 327 3492 ὁ
348 3433 449 3511 καρπὸς
471 3432 557 3510 μένει,
574 3438 665 3517 πολλῷ
713 3448 828 3511 tantum,
843 3433 940 3513 inquit,
954 3435 1001 3495 sed
1019 3436 1126 3516 magnis
1143 3459 1252 3518 quoque
1266 3438 1406 3498 beneficiis
1422 3440 1463 3499 as-

61 3547 82 3592 ς.
107 3524 151 3583 Οὐ
174 3522 226 3603 γὰρ
244 3522 358 3604 έρέλησα
374 3523 453 3603 ράνον
472 3527 556 3602 ὑμᾶς,
571 3527 663 3606 φησὶν,
713 3528 773 3604 leci,
786 3528 888 3608 ubique
901 3541 1034 3591 terrum
1040 3529 1166 3611 palmites
1180 3544 1283 3592 vestros
1296 3552 1459 3614 propagans.

67 3615 182 3695 μέγιστα
196 3614 377 3696 εὐηργέτησα,
391 3621 528 3698 πανταχοῦ
551 3620 600 3689 τῆς
622 3622 664 3679 ol—

61 3707 170 3768 κτείνων
181 3710 256 3787 ὑμῶν
268 3706 302 3766 τά
312 3708 447 3784 κλήματα.

62 3805 70 3831 ’
95 3800 164 3859 loros
193 3799 309 3859 δείκνυσι
336 3800 384 3874 την
413 3799 537 3881 ἀγάπηυρ
563 3805 602 3884 τῷ
630 3803 664 3863 τὰ
752 3802 781 3858 2.
804 3796 904 3859 Viden’
915 3810 981 3876 quot
995 3795 1083 3856 modis
1096 3795 1267 3857 dilectionem
1287 3812 1461 3858 suemosten-

61 3901 129 3967 πεῖν,
149 3895 189 3972 τῷ
207 3890 321 3972 πρώτως
344 3895 549 3976 έπιδραμεῖντῇ
572 3896 662 3979 φιλέρ,
711 3890 854 3950 datiuum
871 3902 970 3949 secreta
993 3889 1088 3970 aperit,
1103 3911 1165 3948 eum
1180 3889 1256 3970 prior
1267 3887 1303 3949 ad
1313 3889 1460 3950 amicitiam

75 3987 166 4051 αῦτοῖς
186 3982 348 4066 χαρίσασθαι
368 3983 403 4044 τὰ
426 3986 525 4067 ἀγαθά,
551 3992 590 4071 τῷ
612 4012 664 4048 πα·
712 3983 840 4055 accurrit,
861 4003 926 4041 eum
945 4001 1043 4062 magna
1065 3980 1130 4062 ipsis
1154 3982 1255 4040 confert
1274 3982 1420 4058 beneficia,
1434 3997 1461 4042 et

61 4081 129 4138 ῦτῦν
152 4078 222 4158 άπερ
243 4077 344 4158 έπαοχε
356 4078 425 4138 τότε.
441 4077 505 4140 Ἀπὸ
518 4080 547 4140 n
567 4077 660 4142 τοῦτου
714 4075 760 4135 ills
774 4097 835 4154 quae
851 4095 945 4155 passus
960 4087 1000 4133 est
1009 4095 1061 4154 pro
1075 4074 1132 4134 illis
1141 4073 1279 4134 sustinuit.
1292 4075 1364 4134 Hine
1372 4089 1457 4135 osten·

61 4194 85 4231 τι
105 4170 152 4232 καλ
167 4168 315 4251 παραμένει
337 4171 464 4243 διηνεκῶς
483 4173 570 4240 αὐτοῖς
594 4173 661 4248 μέλ·
677 4181 697 4226 n
712 4169 754 4228 dit
766 4191 795 4228 se
807 4182 937 4251 perpetuo
951 4188 1108 4226 mansurum
1118 4188 1180 4227 cum
1190 4167 1371 4227 illuirnctum
1380 4169 1460 4228 emis-

61 4287 81 4322 ιι
104 4259 217 4345 καρπόν.
241 4260 354 4342 Ἀνάγκη
376 4262 429 4343 γὰρ
442 4269 490 4336 τῆς
503 4267 568 4344 παρ’
582 4269 661 4326 αὐτοῦ
712 4264 792 4324 suris.
807 4263 897 4344 Ipsius
912 4262 985 4321 enim
1000 4261 1104 4320 auxilio
1123 4260 1158 4319 ad
1179 4261 1298 4321 fructum
1317 4261 1459 4321 serendum

61 4355 224 4429 υλαάοντας,
238 4352 306 4414 οὕτω
321 4354 367 4413 καὶ
380 4361 590 4440 καρποφορῆσαι.
603 4357 662 4419 Ἵνα
712 4379 782 4438 opus
803 4356 914 4416 habent.
944 4357 983 4415 Ut
1006 4355 1210 4436 quodemnque
1228 4358 1371 4436 petieritis
1394 4358 1457 4416 Pa-

61 4449 145 4509 τετδν
160 4446 272 4528 Πατέρα
294 4448 322 4506 ἐν
347 4450 385 4527 τῷ
408 4449 518 4528 ὀνόματί
543 4473 593 4530 μου
600 4452 661 4533 ,δῷ
712 4463 785 4509 trem
802 4453 835 4507 in
856 4449 973 4506 mmine
987 4466 1061 4517 meo,
1086 4447 1135 4505 det
1153 4448 1249 4506 vobis.
1270 4447 1353 4525 Atqui
1366 4448 1424 4529 ejus
1443 4474 1459 4512 a

61 4546 119 4600 ,τοῦ
134 4540 289 4618 αἰτουμένου
309 4539 367 4599 leel
378 4540 410 4600 τὸ
422 4546 546 4613 ποιῆσαι·
568 4547 591 4604 sl
603 4543 629 4605 δέ
647 4550 661 4605 i
711 4564 766 4621 quo
779 4542 882 4622 petitur
896 4553 950 4616 est,
960 4540 1066 4598 έιιοοτοι
1082 4538 1106 4598 si
1127 4560 1191 4600 vero
1213 4560 1229 4598 a
1252 4540 1331 4600 Patre
1348 4544 1458 4623 petitur,

61 4643 124 4707 ἰται,
139 4635 196 4699 πῶς
208 4636 223 4692 ὁ
236 4632 300 4702 tit<
321 4642 408 4709 ποιεῖ;
421 4632 481 4694 'lue
495 4635 594 4718 μάθῃς,
618 4637 660 4699 δτι
712 4658 761 4696 cur
776 4635 862 4695 Filius
877 4633 907 4694 id
920 4633 1009 4693 iacit?
1023 4635 1062 4694 Ut
1075 4631 1164 4693 discas
1183 4654 1236 4693 non
1257 4633 1389 4694 minorem
1403 4657 1459 4697 esse

68 4729 83 4785 l
95 4724 167 4792 Υἱός.
184 4726 278 4785 Ταῦτα
292 4726 429 4799 λιλαληκα
443 4730 514 4807 ὑμῖν,
528 4727 571 4788 ἵνα
586 4734 655 4810 έγα-
712 4730 823 4790 Filium.
833 4731 960 4788 illiue
969 4727 1106 4807 loquutus
1122 4746 1188 4786 sum
1201 4730 1297 4800 vobis,
1312 4743 1343 4787 ut
1352 4731 1457 4810 diliga-

61 4841 102 4885 υς·
115 4817 262 4891 τουτέστιν,
277 4821 324 4878 οὒκ
334 4817 466 4889 ὀνειδίζων
478 4826 561 4881 ταῦτα
571 4823 656 4902 λέγοι,
712 4828 749 4882 tis
761 4827 904 4891 invicem,-
912 4819 941 4879 id
955 4833 1005 4895 est,
1014 4820 1074 4878 Non
1085 4819 1251 4900 exprobrans
1262 4819 1318 4880 liaee
1327 4820 1399 4896 dico,
1414 4843 1458 4882 me

61 4909 86 4981 ἦν
105 4934 156 4989 μοι
168 4909 275 4988 τίθημι,
293 4907 335 4969 δτι
345 4915 449 4991 πρῶτος
460 4916 522 4990 ὑμῖν
540 4913 654 4997 έπέδρα-
711 4915 829 4975 animam
842 4933 930 4973 meam
940 4932 1050 4994 ponere,
1067 4932 1111 4972 me
1125 4911 1242 4992 priorem
1255 4911 1290 4971 ad
1302 4934 1350 4973 vos
1362 4935 1457 4974 accur·

61 5026 69 5071 ς
86 5001 178 5081 φιλέαν
191 5006 259 5080 ὑμᾶς
283 5002 391 5082 ένάγων.
416 4995 485 5065 Εἶτα
511 5006 600 5079 έπειδὴ
625 5009 655 5068 τὸ
712 5008 786 5082 risse,
802 5005 849 5067 sed
864 5019 895 5065 ut
907 5003 944 5065 ad
967 5003 1114 5064 amicitiam
1134 5026 1183 5065 vos
1199 5003 1335 5065 inducam.
1354 5005 1457 5066 Deinde

61 5246 107 5298 inte
118 5249 159 5298 τιῖς
169 5261 222 5292 tutu·
730 5246 742 5281 ¹¹
754 5252 855 5297 lustuns
864 5240 935 5295 deest
945 5243 969 5292 in
979 5239 1138 5309 quibusdam.
