3750 5940
803 410 998 459 PttAEFtTto.
1632 425 1668 473 xp

88 536 208 599 mulieris
213 532 755 618 adadterceproetermiserit,qumhistor·ia
764 533 874 595 initium
883 534 979 616 capitis
989 534 1078 597 octavi
1086 536 1198 598 loannis
1209 536 1246 596 ad
1256 559 1341 619 usque
1354 560 1464 602 rusum
1473 542 1667 608 duodecimum

87 632 285 714 complectione.
300 631 513 711 chrysostomus
526 649 591 692 vero
602 628 721 689 Humilia
735 628 783 707 52,
797 652 827 712 p.
841 630 911 707 δαὶ,
922 629 971 711 ubi
985 644 1066 712 caput
1083 629 1105 693 8
1136 632 1281 715 explauure
1300 635 1413 718 incipit,
1427 638 1527 699 omissa
1539 640 1591 700 hac
1604 664 1666 703 mu-

87 726 159 786 lieris
171 726 303 787 adultera
312 727 437 804 historia,
447 726 483 785 ab
495 724 540 785 his
553 723 675 806 ejusdem
685 725 782 807 capitis
798 725 887 786 verbis
900 720 1018 803 orditur,
1030 728 1096 807 Ego
1107 746 1172 787 sum
1186 729 1241 788 lux
1254 731 1368 808 mundi,
1394 753 1454 811 quae
1466 733 1494 793 in
1504 734 1667 798 duodecimo
1748 797 1755 810 ,

85 821 204 903 ejusd·
217 822 319 905 capitis
333 844 413 884 versu
425 822 558 882 seruntur.
572 821 629 880 Cur
640 819 726 901 igitur
737 820 789 880 hac
800 820 900 881 omissa
913 820 1026 880 historia
1039 820 1216 883 adulteriora
1230 825 1339 906 pergit?
1354 826 1465 887 Centum
1476 842 1516 889 est
1536 829 1607 891 hanc
1619 832 1666 892 hi-

86 915 195 974 storiam
211 915 242 974 in
262 915 403 975 nonnullis
424 913 624 996 exemplaribus
642 911 823 975 desideratam
848 912 942 991 luisse,
956 934 1011 994 qua
1029 912 1064 973 de
1079 935 1109 975 re
1126 913 1237 976 videndi
1256 930 1320 977 sunt
1333 916 1419 977 critici
1434 919 1483 997 qui
1506 918 1541 981 dc
1554 923 1666 984 loannis

86 1005 237 1085 Evangelio
252 1019 462 1086 pertractanmt,
472 1019 499 1065 et
512 1005 673 1065 nominatim
683 1003 779 1065 Sixtus
789 1002 916 1064 Senensis
928 1002 957 1065 in
971 1002 1140 1065 Bibliotheca
1151 1004 1188 1065 ad
1200 1007 1330 1068 loannem
1342 1006 1558 1090 Evangelistnm,
1571 1013 1620 1074 lib.
1633 1017 1664 1095 6,

86 1103 258 1162 annotatione
269 1101 424 1164 cxcvtfl.
439 1099 519 1161 Unde
531 1099 644 1181 quidam
654 1100 726 1160 hanc
738 1098 856 1180 primam
869 1099 958 1160 octavi
973 1097 1070 1180 capitis
1084 1113 1189 1181 partem
1205 1101 1404 1163 excludendam
1414 1124 1471 1164 esse
1483 1118 1582 1167 temere
1598 1129 1664 1169 oen-

84 1210 207 1271 suerant‚
223 1198 288 1257 aliis
307 1196 435 1257 omuibus
448 1218 507 1257 eam
519 1195 687 1257 retinendam
700 1216 758 1256 esse
768 1196 832 1276 jure
851 1194 1097 1277 pronuntiantibus.
1113 1197 1217 1259 Verum
1246 1197 1391 1276 queritur,
1406 1212 1437 1257 ut
1451 1199 1510 1280 jam
1523 1200 1601 1281 dixi,
1617 1225 1665 1265 cur

86 1291 319 1372 Chrysostomus
310 1313 339 1352 m
355 1291 489 1352 Concione
500 1292 539 1352 52
553 1291 630 1351 illam
640 1290 848 1373 praetermiserit
862 1290 1015 1352 llludoerte
1026 1288 1087 1351 ideo
1096 1291 1204 1369 lecerit,
1215 1292 1259 1353 vcl
1271 1292 1346 1372 quod
1363 1293 1422 1354 heo
1433 1294 1569 1356 historia'
1560 1318 1589 1357 m
1606 1300 1665 1381 ejus

82 1384 230 1465 munplari
242 1405 298 1445 non
311 1385 435 1459 letamur,
449 1383 494 1445 vel
508 1382 644 1464 quolere
658 1403 711 1442 non
729 1383 786 1443 lore
796 1382 941 1463 putaverit,
950 1382 1023 1463 genti
1041 1382 1218 1444 adulteros
1191 1406 1307 1445 mmmm
1316 1383 1426 1464 deditae,
1441 1400 1472 1445 ut
1486 1389 1587 1470 exejus
1601 1412 1663 1451 oon·

82 1476 206 1535 clunibus
220 1477 368 1556 arr-guitur,
382 1474 453 1536 hanc
472 1475 614 1536 historiam
633 1494 779 1556 exponerc3
795 1473 840 1536 rel
863 1473 917 1533 alia
937 1471 1050 1534 nohis'
1041 1487 1134 1555 rgnota
1152 1472 1187 1535 de
1204 1496 1294 1535 casua
1313 1477 1355 1535 An
1370 1497 1452 1558 porro
1471 1476 1499 1537 in
1514 1481 1664 1587 exemplari

81 1570 271 1676 Chrysostomi
286 1570 346 1629 haec
355 1568 468 1630 historia
478 1569 560 1629 buerit
572 1589 664 1644 necne,
678 1587 732 1628 non
746 1587 889 1649 possumm
901 1588 938 1627 ex
950 1566 1010 1649 ejus
1020 1566 1129 1650 scriptis
1144 1568 1288 1651 expiscari.
1304 1568 1412 1629 Etenim
1424 1590 1478 1631 uon
1490 1573 1603 1633 memini
1618 1595 1664 1635 me

80 1664 187 1744 uspiam
200 1664 231 1723 in
248 1664 437 1745 Chrysosromi
452 1663 560 1746 scriptis
572 1663 643 1723 hanc
651 1662 793 1724 historiam
811 1662 957 1742 collegere
974 1662 1019 1722 rel
1029 1676 1207 1723 memoratam
1222 1663 1321 1725 videro.
1337 1665 1410 1724 Nam
1422 1664 1520 1744 quod'
1511 1687 1540 1727 ru
1552 1668 1662 1729 ldorelli

80 1757 210 1818 Fditione
217 1758 342 1819 Homilia
350 1760 400 1835 60,
411 1780 472 1838 quae
483 1779 555 1819 nuuc
564 1772 604 1819 est
614 1761 664 1835 61,
675 1781 702 1840 p.
713 1757 783 1835 389,
792 1758 827 1835 B,
839 1758 868 1817 in
880 1757 977 1817 latina
997 1757 1216 1839 interpretatione
1230 1758 1315 1817 lcrtm
1326 1781 1333 1816 ε
1350 1760 1438 1838 Quod
1448 1775 1545 1819 aretem
1559 1763 1618 1822 hoc
1631 1777 1661 1824 et

81 1872 138 1910 uon
146 1853 287 1913 discendi
299 1857 398 1934 gratia
410 1857 598 1934 interrogent,
614 1873 674 1913 non
687 1854 735 1912 hic
744 1863 871 1924 motum,
883 1851 938 1911 sed
951 1851 1052 1910 multis
1065 1854 1099 1910 in
1112 1850 1188 1913 locis
1200 1853 1385 1932 perspicuum
1401 1866 1457 1925 est,
1474 1867 1508 1913 ut
1523 1873 1589 1914 cum
1610 1875 1661 1914 ro-

79 1958 187 2025 garunt
200 1966 245 2004 arr
254 1945 359 2005 liceret
371 1966 490 2007 censuim
503 1946 570 2005 dari
581 1944 701 2021 Cereri,
714 1957 743 2003 et
756 1965 798 2004 an
808 1944 973 2023 lapidanda
988 1954 1063 2003 esset
1073 1943 1232 2013 adsedem,-
1246 1955 1275 2001 et
1289 1963 1357 2003 cum
1370 1945 1406 2004 de
1420 1966 1456 2005 ea
1469 1967 1534 2025 quae
1552 1960 1661 2027 septem

80 2045 159 2100 viros
169 2042 316 2101 habuisse
324 2041 506 2121 deprehenso
515 2054 589 2117 erat,
602 2043 765 2121 percontati
774 2054 851 2115 sunt,
860 2037 932 2097 illud
944 2050 1015 2098 certe
1024 2036 1092 2099 vitio
1103 2038 1200 2100 vetois
1209 2037 1362 2119 interpretis
1370 2039 1488 2120 irrepsit.
1497 2040 1548 2099 Illa
1560 2042 1661 2124 quippe

82 2134 175 2212 rerba,
188 2149 220 2194 et
233 2156 278 2195 an
287 2137 473 2217 repudienda
481 2149 555 2197 esset
567 2135 716 2210 adultera,
729 2134 788 2193 haec
797 2135 895 2194 Graeca
908 2131 1024 2214 pessime
1036 2131 1261 2212 exprimunt‚sel
1273 2132 1317 2193 dre
1326 2134 1389 2215 περὶ
1406 2131 1524 2213 ἀφέσεως
1534 2138 1660 2214 γυναικὸς

81 2231 236 2309 uum,
250 2251 317 2309 qnae
330 2230 371 2293 sic
384 2230 518 2290 habentur
535 2229 564 2289 in
573 2228 701 2289 Editionc
715 2227 892 2304 Morelliaus‚
909 2239 988 2305 atquc
1000 2225 1030 2285 iu
1042 2224 1106 2285 aliis
1131 2225 1259 2287 omnibus
1274 2226 1485 2309 Excnrplaribus
1498 2241 1557 2287 tum
1570 2229 1659 2309 editis,

81 2341 135 2386 urm
145 2326 358 2408 manuscriptis,
369 2340 396 2386 et
407 2326 447 2386 sic
456 2323 532 2385 band
541 2323 626 2384 dubie
635 2322 772 2384 realdeuda
783 2335 855 2399 sunt,
873 2332 903 2381 et
915 2341 982 2383 eum
995 2321 1034 2381 ds
1051 2322 1239 2400 repudiaretis
1252 2341 1345 2383 uxore
1359 2323 1553 2383 disserebant.
1563 2324 1660 2405 ltaque

81 2420 179 2481 nullam
186 2420 325 2480 haetenus
332 2420 417 2501 hujus
423 2419 543 2479 historiae
551 2432 644 2479 notam
654 2417 958 2500 apudChrysostomum
969 2412 1208 2497 deprehmdimus.
1220 2414 1303 2477 Unde
1310 2415 1423 2477 [ormssc
1437 2417 1556 2499 suspicio
1564 2440 1658 2481 nasu·

79 2531 121 2575 tur
128 2515 200 2575 hanc
206 2514 359 2574 historiam
371 2513 401 2573 in
414 2512 625 2594 Exunplsribus
642 2510 815 2571 Antiocbcnis
827 2530 881 2572 non
888 2508 972 2571 luisse
982 2532 989 2567 ι
999 2506 1074 2589 quod
1083 2507 1154 2569 nihil
1163 2507 1199 2569 ad
1214 2509 1272 2590 ejus
1282 2508 1458 2571 minuendam
1470 2511 1658 2577 auctoritatem

59 2616 64 2625 ”
78 2612 211 2671 mulceret
227 2611 305 2670 Nam
315 2631 349 2668 ea
362 2608 390 2669 in
400 2623 457 2668 toto
469 2607 625 2683 Occidente,
640 2608 668 2668 in
683 2606 783 2683 Africa,
796 2605 826 2666 in
839 2604 960 2667 Ecclesia
972 2602 1169 2682 Alexandrina,
1180 2625 1241 2685 quaa
1251 2602 1369 2665 secunda
1384 2605 1413 2665 in
1420 2604 1486 2666 orbe
1497 2605 1657 2671 Christiano

79 2721 141 2783 flat,
158 2720 243 2786 atque
255 2706 345 2766 etiam
356 2704 385 2764 iu
399 2717 455 2765 tota
475 2703 591 2781 Grecis,
603 2703 698 2786 prucis
711 2700 832 2783 exeeptis
847 2699 924 2776 locis,
941 2698 1091 2780 legebatur.
1111 2697 1191 2761 Unde
1207 2713 1304 2761 ructor
1323 2700 1489 2783 synopseos,
1506 2720 1566 2781 qim
1587 2700 1658 2765 inter

80 2801 213 2862 Athanasii
223 2823 311 2883 opera
321 2800 523 2879 cirmmlerttm
533 2800 608 2861 illam
620 2798 762 2860 historiam
776 2798 806 2857 in
819 2796 969 2878 Evangelio
982 2793 1095 2859 loannis
1109 2794 1204 2857 haberi
1217 2796 1361 2859 oonlirmat
1372 2794 1418 2857 his
1427 2793 1531 2874 verbis,
1547 2794 1583 2857 de
1601 2795 1657 2859 hoe

79 2898 208 2980 ipsissimo
216 2918 305 2978 agens
315 2896 394 2957 loeo:
404 2898 537 2958 ’ummo
549 2895 585 2956 rh
597 2896 717 2977 περὶτῆς
730 2892 956 2975 summouisse
973 2892 1018 2952 tet
1033 2891 1140 2973 μοιχείᾳ
1153 2914 1160 2950 =
1175 2894 1232 2954 ore
1242 2895 1343 2975 agitur
1357 2894 1396 2954 ds
1407 2894 1605 2972 murraque
1618 2892 1657 2953 dr

78 2995 217 3055 moero
227 2996 443 3055 maechatur.
457 2992 562 3075 Opinor
576 2991 667 3072 itaque
676 2991 747 3051 hanc
756 2988 897 3051 historiam
910 2989 947 3048 ab
957 2986 1168 3069 Exemplaribus
1178 2987 1353 3049 Antiochenis
1363 2986 1483 3049 abluisse
1493 3008 1501 3045 s
1515 3004 1570 3049 uou
1580 2984 1654 3047 enim

79 3088 161 3165 rideo,
172 3088 255 3150 utrsi
268 3089 344 3152 lecta
354 3088 460 3167 fuisses
474 3086 682 3170 Chrysostomus
695 3087 772 3153 illam
783 3086 847 3147 data
858 3102 940 3168 opera
953 3083 1177 3167 pretermitteret.
1195 3082 1261 3144 llaec
1275 3082 1341 3144 satis
1353 3095 1442 3145 sunto.
