3750 5940
177 390 182 397 ¹
225 407 297 499 oio
946 426 1074 475 seueri.

223 553 297 634 piam
311 565 336 610 et
346 572 414 633 pons
426 564 474 624 est,
487 551 534 629 qui
548 572 632 609 unum
646 550 728 609 habet
740 552 904 623 Creatorem,
919 570 965 609 su·
1019 572 1059 616 τις
1072 547 1117 607 καὶ
1130 547 1247 628 γέφυρα,
1261 547 1306 606 ένα
1319 546 1481 626 δημιουργόν
1493 542 1574 624 έχων,
1583 542 1630 602 τὸν
1640 544 1675 603 τὰ
1688 544 1779 604 droul

223 632 360 712 periurum
375 645 400 690 et
419 630 576 689 inferiorum
590 630 733 711 opificem:
748 649 780 689 ac
792 628 966 707 quemadmo·
1019 629 1053 687 τὰ
1068 628 1142 687 κότω
1154 627 1347 707 ὶργασόμινον·
1365 628 1412 687 καὶ
1426 622 1550 704 καθάπερ
1563 623 1781 702 παρθένος,ἔμαέ·

159 732 169 751 ·
223 711 290 769 dum
304 710 391 790 virgo,
409 710 437 768 iii
452 709 542 768 medio
555 729 586 768 oo
637 729 666 767 re
680 710 770 768 anima
783 708 902 789 implexa
914 722 965 767 ost.
1020 709 1164 778 πλεκταιή
1215 705 1294 777 Ιλέν
1308 704 1382 787 μέσῳ
1392 708 1432 785 τῷ
1443 703 1564 781 σώματι.
1576 703 1658 762 Ἐπεὶ
1666 695 1708 761 odo
1716 704 1781 775 διπλῆ

224 789 296 861 Quia
315 809 379 869 ergo
391 788 494 869 duplex
507 802 548 847 est
565 731 732 864 siibitautia,
747 802 775 848 et
791 787 895 880 duplex
909 788 967 847 e'us
1019 785 1124 866 γέγονεν
1137 791 1180 858 ἡο
1196 730 1258 856 eliz,
1274 787 1354 857 διπλῆ
1378 787 1461 854 αὐτῆς
1476 782 1556 854 καλή
1573 781 1666 862 χρεία.
1678 780 1782 883 Πρόαιχι

224 882 263 927 est
274 889 347 927 usus.
361 867 475 928 Atteode
486 866 630 946 diligenter
642 867 707 926 huic
718 888 850 927 sermom:
864 809 967 948 duplex
1020 865 1088 941 perd
1100 864 1235 946 ἀκριόσέας
1249 864 1386 946 τῷλόγῳ·
1400 864 1483 932 διπλῆ
1504 863 1591 933 αύτῆς
1614 861 1662 920 καὶ
1684 866 1784 941 ἡχρειι

223 949 281 1028 ejus
295 961 335 1020 est
352 969 426 1007 usus.
448 946 497 1006 Est
510 946 616 1024 anima,
632 958 671 1007 est
692 961 718 1007 et
732 968 837 1028 eorpus.
853 946 966 1028 Corpori
1019 944 1100 1004 Ἐστι
1113 950 1208 1023 σῶμα,
1221 943 1333 1004 καθέσει
1349 943 1434 1025 ψυχή.
1451 940 1609 1023 Ὦριαιτῷ
1630 940 1785 1022 σόιμαιιτρο

224 1027 330 1103 cibum',
342 1028 437 1086 animer
451 1026 600 1085 doctrinam
613 1027 795 1108 praescripsit:
812 1027 895 1085 alitur
908 1046 967 1084 oor·
1019 1024 1081 1103 ρὴν,
1096 1025 1141 1083 καὶ
1162 1029 1195 1103 τῇ
1216 1027 1289 1104 ψυχῇ
1302 1021 1394 1102 λόγον·
1409 1021 1539 1102 τρέρεται
1557 1021 1592 1079 τὸ
1613 1023 1695 1098 σῶμα
1714 1021 1786 1104 ἄραρ,

225 1127 275 1187 pus
286 1127 364 1186 pane,
376 1107 466 1165 anima
479 1105 619 1165 doctrina:
636 1127 733 1188 corpus
743 1106 864 1167 restibus
877 1105 967 1164 indui·
1018 1104 1142 1185 τρέρεται
1154 1102 1200 1162 καὶ
1213 1109 1230 1174 ἡ
1242 1101 1315 1203 ριιχὴ
1329 1101 1464 1182 τῷλόγῳ·
1480 1100 1540 1182 ἔχει
1553 1099 1660 1178 ἔνδυμα
1670 1100 1700 1159 τό
1710 1103 1786 1178 σῶμα,

74 1189 192 1246 Pulli·
225 1199 290 1260 tur,
308 1185 397 1244 anima
419 1185 528 1245 virtute.
552 1184 679 1244 Adstitit
699 1189 834 1266 reginari
852 1187 964 1244 dextris
1020 1182 1202 1262 ἱμέτια·ἔχει
1215 1182 1313 1260 ἔνδυμα
1325 1180 1576 1260 καὶὴψιχὴ,τ>,ν
1592 1180 1700 1260 ἀρετ-όν.
1712 1180 1786 1260 Παρέ-

78 1261 112 1293 '⁰'
225 1270 283 1324 tuis
293 1269 325 1323 in
341 1270 444 1324 vestitu
455 1267 608 1336 deaurato,
619 1267 801 1324 circumdata
812 1269 966 1324 varietate.
1020 1285 1070 1332 στη
1091 1268 1109 1335 ἦ
1131 1263 1274 1339 βασίλισσα
1286 1264 1323 1338 Ιἐκ
1336 1260 1426 1330 δεξιῶν
1448 1283 1499 1319 σου
1522 1261 1551 1317 έν
1580 1261 1721 1340 ἱματισμῷ
1739 1260 1788 1318 διο·

225 1346 286 1403 Non
308 1344 343 1403 de
363 1343 505 1403 sensilibus
526 1343 647 1405 restibus
669 1344 787 1423 loquitur
807 1344 967 1425 Scriptura,
1019 1341 1111 1423 χρύσιρ
1123 1338 1629 1421 περιόεὸλημένη,πεποικιλρένη·οιί
1641 1340 1704 1419 περὶ
1715 1342 1789 1411 atate

73 1427 163 1473 ’θύον
179 1424 273 1486 ¹l·sed
295 1423 331 1482 de
355 1423 462 1483 virtute.
480 1426 582 1483 Omnis
596 1428 674 1482 enim
707 1422 871 1505 loriajiliie
948 1428 968 1483 's
1019 1426 1072 1480 τῶν
1083 1422 1195 1499 ἱματίων
1208 1419 1323 1499 λέγουσα
1337 1426 1355 1492 ἡ
1369 1417 1484 1499 Γραρὴ,
1506 1417 1583 1477 ἀλλὰ
1597 1419 1664 1499 περὶ
1683 1423 1732 1478 τῶν
1749 1422 1789 1492 τῆς

226 1507 264 1562 ab
279 1507 368 1576 intus,
380 1507 412 1561 in
413 1503 545 1585 fimbriis
556 1508 664 1563 aureis.
677 1447 752 1576 (inid
762 1444 968 1584 ergoi’Diipiidx
985 1510 1004 1558 C
1021 1505 1126 1603 ἀρετῆς.
1143 1503 1225 1560 Πᾶσα
1243 1499 1294 1581 γὰρ
1311 1505 1327 1571 ἡ
1342 1498 1404 1568 bolo
1428 1503 1479 1569 τῆς
1506 1499 1623 1578 wear*
1659 1504 1703 1558 τοῦ
1726 1502 1787 1576 βατι-

224 1582 363 1660 esthemo,
373 1581 476 1664 duplex
492 1582 658 1660 substantia,
670 1597 697 1642 et
709 1603 777 1663 opus
786 1581 868 1641 habet
877 1582 967 1641 anima
1019 1584 1085 1649 λεως
1099 1579 1195 1641 έσωθιν
1209 1580 1236 1638 έν
1249 1587 1407 1659 κροασωτοῖς
1420 1584 1543 1658 χρυσοῖς.
1556 1522 1678 1650 Tale
1692 1580 1787 1645 Διαλᾰ

224 1662 327 1721 ratione
339 1662 466 1737 docente,
481 1661 662 1743 intelligente,
676 1663 788 1721 affectus
802 1661 967 1742 depellente,
1019 1665 1034 1719 ό
1051 1660 1201 1743 ἄνθρωπος,
1210 1660 1257 1720 καὶ
1272 1660 1353 1732 διπλῆ
1367 1664 1385 1731 ἡ
1401 1657 1497 1718 ooste-
1514 1656 1566 1717 καὶ
1590 1658 1711 1730 δεῖταιὴ
1728 1656 1786 1739 ml

224 1742 336 1801 vulnera
356 1754 474 1801 curante.
493 1742 533 1800 Ne
546 1741 635 1821 itaque
652 1762 750 1802 mensae
766 1755 871 1801 tantum
885 1742 968 1802 sensi·
1018 1739 1096 1820 λόγου
1109 1740 1294 1814 διδάσκοντος,
1306 1736 1787 1816 νοοῦντος,”ἀπωθωμένωτδοόθι,

224 1820 275 1881 bili
293 1819 540 1897 attendamus,sed
554 1835 580 1881 et
600 1842 613 1880 s
633 1821 769 1881 iritualem
784 1821 864 1882 robis
883 1843 968 1903 appo·
1020 1822 1180 1901 dispectore<
1199 1819 1234 1880 τὰ
1255 1819 1406 1903 τραύματα.
1422 1816 1472 1890 Μὴ
1486 1815 1581 1876 τοίνυν
1602 1816 1654 1890 τὴν
1680 1814 1788 1890 αἰσθητήν

135 1935 139 1941 »
223 1921 330 1978 namus,
339 1922 372 1960 ex
388 1900 465 1960 Pauli
479 1901 569 1961 verbis
578 1844 656 1962 vobis
669 1901 824 1964 convivium
852 1915 967 1977 mantes,
1018 1899 1096 1977 μόνον
1116 1899 1290 1980 προσέχωμεν
1312 1899 1455 1979 τράπεζαν,
1474 1895 1549 1956 ἀλλὰ
1571 1896 1622 1956 καὶ
1643 1896 1691 1970 τὴν
1713 1895 1788 1977 rupis

223 2001 256 2039 ae
277 1981 452 2040 tentoriorum
467 1979 592 2061 opificem
613 1982 640 2040 in
660 1981 813 2041 mediuma
853 1995 967 2057 uoentes,
1019 1985 1081 2059 ὑμῖν
1098 1978 1290 2059 Ι’παραθῶμεκ
1313 1979 1367 2039 ἀπδ
1389 1982 1442 2037 τῶν
1465 1975 1585 2036 Παύλου
1610 1975 1731 2056 ῥημάτιον
1747 1975 1787 2047 τήν

224 2059 356 2136 idiotam,
372 2060 531 2139 indoctum,
546 2061 620 2121 orbis
633 2060 782 2136 doctorem,
798 2061 967 2121 demonibus
1018 2061 1136 2120 ἑστίασιν
1157 2062 1255 2138 optet
1290 2058 1427 2138 αζόμινοι,
1442 2055 1492 2116 καλ
1513 2055 1564 2115 τὸν
1588 2055 1740 2129 uxamae
1757 2058 1789 2123 k

223 2139 390 2217 terribilem,
412 2140 522 2200 morbos
535 2155 690 2216 curantem,
711 2162 819 2201 sursum
842 2140 968 2201 deorsum
1019 2139 1098 2216 μέσον
1110 2138 1231 2220 ἄγοντες,
1243 2083 1289 2199 rbi
1303 2136 1420 2211 θδιόιτην,
1433 2135 1481 2195 τὸν
1502 2139 1521 2195 ἃ
1567 2138 1622 2207 θῆ,
1637 2136 1682 2195 τὸν
1701 2141 1744 2207 τῆς
1757 2137 1788 2195 ιθ·

224 2232 384 2293 currentem,
395 2219 441 2298 qui
452 2219 480 2279 in
493 2219 649 2300 paradisum
665 2220 802 2300 renit,qui
815 2220 844 2280 in
857 2221 966 2280 tertium
1018 2218 1147 2297 κουμένας
1163 2219 1330 2291 διδάσκαλον,
1344 2217 1388 2277 τὸν
1409 2224 1465 2283 τοῖς
1480 2159 1599 2293 trifilem
1619 2214 1735 2298 ροόιρόι,
1750 2215 1788 2275 τὸ

224 2297 320 2356 caelum
339 2297 459 2358 ascendit
471 2342 479 2373 ,
493 2299 542 2378 qui
562 2299 589 2358 in
611 2313 669 2359 arte
687 2321 735 2359 sua
749 2313 851 2359 tantam
871 2301 968 2360 habuit
1018 2298 1156 2374 νοσήματα
1165 2297 1438 2371 έλαύνουτα,τδνόνω
1448 2295 1497 2354 καλ
1508 2294 1787 2378 κάτωπεριτρέχοιτι,

256 2376 360 2455 atiani,
375 2377 422 2456 qui
439 2376 475 2437 ab
488 2391 545 2437 arte
557 2399 605 2438 sua
622 2400 676 2440 non
690 2378 906 2460 impediebatur,
921 2380 967 2440 sed
1018 2379 1063 2438 τδν
1077 2381 1113 2445 εἰς
1123 2377 1282 2480 παράδεισον
1304 2375 1486 2445 έλθόντα,τδν
1500 2375 1648 2456 strepitos
1664 2375 1787 2435 ἀνελθόντι
1802 2438 1805 2443 ,

223 2395 291 2515 dirui
304 2476 362 2515 eom
381 2470 526 2532 tractaret,
547 2458 674 2538 operibus
688 2458 818 2537 fulgebat.
836 2458 920 2517 lllum
938 2459 967 2519 iii
1018 2457 1191 2538 ούρανὸν,τον
1206 2460 1233 2517 tr
1246 2456 1372 2537 τῇτέχνῃ
1387 2454 1524 2527 τοσαύτην
1539 2453 1642 2535 ἔχοντα
1655 2454 1805 2581 τ’λιχέριτγ

223 2533 343 2593 medium
355 2555 467 2614 agamus
478 2557 582 2619 :lneque
604 2536 677 2597 euim
689 2536 817 2599 laudibus
833 2538 891 2619 ejus
905 2559 968 2619 pos·
1018 2537 1063 2596 τὸν
1078 2538 1108 2595 ού
1121 2535 1196 2617 παρὰ
1212 2541 1261 2608 τῆς
1273 2536 1370 2616 τέχνης
1392 2533 1626 2612 suauissima»,
1640 2537 1699 2595 ἀλλ’
1710 2532 1786 2607 turb·
1803 2590 1805 2595 .

223 2635 285 2672 sum
304 2613 405 2674 satiari.
429 2615 497 2695 Ejus
517 2615 747 2697 pulchritudinem
769 2638 830 2676 aino
852 2641 859 2674 ι
882 2637 968 2697 neque
1019 2617 1103 2694 διυμα
1122 2615 1355 2697 μτσχειρίζοντα,
1369 2614 1415 2674 καὶ
1424 2613 1575 2692 λάμποντα
1594 2623 1651 2681 τοῖς
1799 2628 1805 2647 “

224 2693 296 2752 enim
309 2692 356 2752 illa
370 2715 497 2776 corporea
509 2709 559 2772 est,
573 2708 604 2755 ut
618 2710 763 2778 putrescat,
776 2697 824 2758 sed
838 2696 966 2778 spiritua·
1019 2719 1109 2774 μασιν.
1123 2694 1243 2776 Ἄγωμεν
1260 2695 1336 2755 αθτδν
1351 2697 1387 2762 εἰς
1400 2691 1432 2753 rb
1450 2692 1550 2770 μέσον·
1563 2695 1595 2752 οῦ
1607 2693 1661 2772 γδιρ

223 2772 268 2850 lis,
283 2793 341 2852 quae
354 2794 502 2854 numquam
512 2777 657 2836 marcescit.
673 2777 711 2836 Co
745 2797 777 2834 us
785 2776 905 2837 solutum
915 2792 966 2851 est,
985 2792 1003 2838 ii
1018 2777 1098 2835 αὐτοῦ
1112 2773 1189 2855 κόρον
1201 2778 1254 2834 τῶν
1269 2773 1418 2853 ἐγκωμίων.
1435 2771 1671 2854 Ἐραοτὴςαῦτοῦ
1685 2776 1785 2852 ἀμιτῦ·

223 2866 249 2910 et
262 2853 349 2911 forma
379 2853 423 2913 lus
435 2875 517 2933 quam
531 2855 571 2914 sol
581 2799 770 2937 splendetibd
783 2877 890 2917 sursum
904 2877 965 2917 cur·
1018 2853 1144 2921 καλλους·
1158 2857 1188 2914 ού
1202 2853 1254 2937 γάρ
1269 2857 1326 2915 ἐστι
1340 2852 1504 2932 σωματικὸν,
1518 2849 1568 2911 ἵνα
1580 2853 1712 2926 σήπηται,
1725 2850 1779 2913 ott

223 2931 279 3004 rit,
300 2875 399 2992 Paulis
420 2933 447 2991 in
463 2948 533 2993 terra
549 2935 656 2994 currit:
673 2935 720 2995 ille
736 2937 859 2995 sensilem
877 2935 965 2996 lucem
1018 2934 1197 3014 πνευματικὸν
1215 2932 1349 3014 μηδέποτε
1363 2931 1573 3013 μαραινόμενον.
1588 2933 1631 2993 To
1648 2937 1722 3011 στῦμα
1736 2932 1777 2991 διι-

224 3010 331 3087 emittit,
347 3012 393 3071 liic
413 3012 582 3094 spiritualem
602 3016 630 3074 in
651 3016 754 3075 animas
772 3015 900 3076 inducit:
918 3016 966 3075 ille
1017 3013 1098 3088 λύθη,
1113 3015 1159 3074 καλ
1176 3021 1193 3088 ἡ
1210 3013 1297 3094 μορρὴ
1309 3013 1412 3091 λόμπτι
1434 3011 1503 3090 ὑπὲρ
1515 3011 1565 3071 τὸν
1577 3011 1705 3084 ἥλιονῧο
1719 3009 1775 3083 {ln

224 3105 304 3150 noctu
319 3090 429 3169 occidit,
446 3093 491 3152 hic
511 3108 593 3153 noctu
613 3094 691 3155 lucet.
707 3095 759 3154 Hic
778 3115 854 3176 reges
875 3095 964 3176 cepit,
1018 3093 1072 3152 όνω
1084 3095 1190 3174 τρέχει,
1205 3096 1312 3160 Παῦλος
1330 3093 1404 3153 κότω
1424 3090 1594 3171 δντιτρέχιι·
1615 3090 1771 3171 opituletu-

224 3184 249 3228 et
272 3171 369 3252 pietate
387 3172 502 3262 replevit
521 3197 528 3229 ε
547 3172 616 3254 oepit
629 3175 774 3250 mulieres,
791 3188 817 3233 et
831 3174 898 3234 viris
912 3176 965 3233 lor-
1018 3172 1061 3231 τὸν
1077 3174 1176 3253 ραίνων
1188 3175 1284 3254 ρῶς,δ
1305 3171 1333 3232 δέ
1346 3173 1434 3251 νοερὸν
1448 3174 1484 3238 εἷς
1498 3169 1549 3237 τδις
1568 3170 1658 3252 θυχὰς
1671 3169 1768 3248 iosu-

224 3250 303 3308 tiores
314 3249 448 3310 reddidit:
463 3251 531 3332 cepit
547 3254 667 3332 juvenes,
680 3268 705 3313 et
718 3255 826 3313 senibus
844 3253 963 3334 pruden-
1018 3257 1032 3310 ό
1046 3253 1093 3329 μὲν
1108 3257 1135 3312 ἐν
1147 3253 1220 3313 νυκτὶ
1234 3255 1413 3335 παραχωρῶν,
1424 3255 1439 3309 ὁ
1449 3250 1477 3309 δὲ
1488 3251 1575 3310 καλέν
1590 3251 1663 3310 νυκτὶ
1673 3253 1766 3327 item.

224 3329 303 3387 tiores
316 3330 964 3411 effecit:utrumquesexum,quamlibetaetatem
1018 3329 1119 3392 Ἔλαόε
1149 3332 1287 3411 βασιλέας,
1312 3333 1359 3391 καὶ
1386 3331 1520 3398 εύσεόείας
1541 3330 1692 3402 ἐνέπλησεν·
1709 3327 1765 3387 osta

224 3409 349 3480 instituit,
363 3410 409 3487 qui
421 3410 538 3468 cultrum
553 3412 685 3470 sutorium
699 3412 826 3489 hahebat,
840 3412 886 3491 qui
905 3414 964 3494 pel·
1018 3421 1158 3489 γυναῖκας,
1168 3413 1213 3472 καὶ
1223 3414 1323 3492 ἀνδρῶν
1334 3409 1516 3492 ἀνδρειοτέρας
1529 3405 1763 3480 amimea-tiit·

224 3488 262 3546 les
284 3488 441 3562 consuebut3
467 3491 642 3567 nequeenim
662 3492 743 3551 finem
760 3492 858 3551 faciam
879 3507 963 3553 artem
1017 3491 1102 3562 νέους,
1115 3492 1160 3551 καὶ
1173 3491 1357 3573 γεγηρακότων
1380 3489 1573 3570 συνετωτέρους
1586 3488 1762 3550 κατεσκεύακα·

223 3568 281 3645 ejus
304 3567 478 3625 memorandi.
501 3571 574 3649 Nym
594 3569 630 3628 ha
652 3569 699 3629 illa
725 3584 834 3647 ornata,
854 3572 964 3650 regibus
1019 3571 1145 3652 ἑκατέραν
1158 3572 1244 3652 ρύοιν,
1266 3581 1354 3630 πᾶσαν
1377 3569 1484 3640 ἡλικίαν
1499 3568 1673 3650 κατώρθωσεν
1690 3572 1702 3626 ὁ
1719 3566 1760 3643 σμ’·

223 3646 395 3737 honoratior,
416 3645 549 3706 divitibus
569 3592 672 3723 ditior,
697 3650 830 3710 militibus
849 3650 961 3726 fortior,
1018 3653 1066 3720 λην
1078 3650 1156 3731 ἔχων,
1171 3650 1316 3751 ὁδέρματα
1331 3651 1452 3732 ράπτων·
1469 3649 1566 3729 οὐγὰρ
1583 3648 1708 3726 παύσομαι
1718 3668 1759 3704 αα

224 3727 309 3785 inuris
322 3727 435 3802 tutior,l
457 3748 485 3784 ra
499 3741 538 3786 cst
550 3727 653 3806 lingua,
668 3727 746 3788 melle
764 3728 879 3808 dulcior,
896 3733 963 3792 mari
1017 3733 1083 3810 εγῶς
1105 3734 1183 3790 αὐτοῦ
1202 3734 1286 3809 λεγων
1300 3728 1348 3801 τὴν
1374 3729 1480 3808 τέχνην.
1507 3727 1609 3809 Νύμρη
1628 3748 1757 3808 captor*

224 3806 312 3881 altior,
324 3806 387 3865 caelo
401 3747 552 3882 sublimior,
565 3807 627 3886 igne
638 3808 800 3882 ferventior,
815 3811 886 3870 ferro
900 3833 964 3870 acu-
983 3837 1001 3884 E
1018 3799 1115 3885 σμένη,
1132 3809 1260 3889 βασιλέοιν
1272 3809 1441 3891 σεμνότερος,
1452 3807 1587 3867 πλουσίων
1602 3804 1755 3885 εὐπορώτεροι,

223 3886 276 3944 tior
289 3910 295 3942 τ
308 3885 354 3943 ille
370 3885 421 3943 Dei
440 3886 525 3980 pratia
539 3886 687 3967 praedituS,
704 3889 836 3969 templum
854 3889 919 3964 Dei,
935 3913 965 3950 os
1018 3893 1185 3971 στρατιωτῶν
1202 3889 1393 3968 δυνατώτερος,
1407 3893 1505 3968 τειχῶν
1526 3879 1755 3968 ἁσραλέστεροςλέ·

224 3966 342 4039 Christi,
360 3964 420 4045 lyra
435 3965 568 4045 bpiritus,
589 3967 840 4028 catechumenorum
858 3991 963 4050 praero3
1020 3993 1051 4046 ρα
1063 3975 1079 4040 ἡ
1090 3973 1213 4046 γλῶσσα,
1230 3968 1333 4047 μελιτος
1346 3968 1520 4067 γλυκύτερος,
1534 3967 1664 4037 θαλάσσης
1676 3962 1753 4042 motai

222 4045 347 4104 fidelium
360 4044 495 4123 magister,
509 4045 628 4125 undique
642 4046 863 4123 circumcursans,
871 4071 965 4109 murus
1020 4073 1074 4128 ρος,
1088 4051 1197 4129 ούρανοῦ
1217 4048 1390 4128 ὑψηλότερος,
1405 4070 1487 4128 πυρος
1504 4045 1670 4128 θερμότερος,
1680 4041 1754 4120 oid?

223 4125 269 4201 qui
285 4145 431 4202 numquam
451 4123 595 4201 delabitur,
608 4125 737 4206 Epistolae
751 4128 809 4207 ejus
826 4142 853 4187 et
873 4129 964 4189 orbem
1018 4128 1180 4206 τομώτερος·
1200 4131 1271 4189 Θεοῦ
1288 4128 1336 4200 τὴν
1361 4127 1440 4208 χάριν
1464 4126 1545 4206 ἔχων,
1561 4125 1619 4190 ναδς
1640 4129 1678 4183 τοῦ
1693 4123 1752 4187 Otii,

224 4204 334 4262 vincunt
351 4218 375 4263 et
393 4224 490 4263 arcam.
1019 4207 1105 4285 στόμα
1117 4212 1162 4265 τοῦ
1175 4209 1307 4286 Χριστοῦ,
1323 4207 1391 4287 λύρα
1403 4212 1449 4266 τοῦ
1461 4195 1632 4285 Πνεύματος,
1643 4206 1687 4262 τῶν
1697 4219 1751 4263 xor

1018 4286 1153 4366 χουμένων
1171 4286 1269 4368 κη’ρυξ,
1286 4291 1337 4345 τῶν
1361 4291 1463 4346 πιστῶν
1486 4283 1669 4366 παιδυτρέόης,
1680 4300 1749 4340 ποπο-

1019 4372 1067 4445 χοῶ
1096 4388 1194 4446 περιερ·
1207 4366 1312 4443 όμενος,
1342 4375 1429 4445 τεῖχος
1460 4365 1595 4442 μηδέποτε
1616 4368 1749 4425 aarum,

1018 4446 1154 4583 ἑπισρυλαὶ
1185 4392 1231 4517 dp
1273 4444 1429 4523 οἰκουμένην
1462 4448 1574 4504 νικῶσαι
1600 4443 1642 4501 καὶ
1671 4439 1706 4509 tlt
1722 4458 1748 4493 tt
1802 4477 1805 4487 ·

932 4553 936 4561 ·
1036 4549 1111 4586 ωτον.

261 4606 290 4661 9.
311 4602 546 4696 Quemadmodum
565 4607 636 4665 enim
655 4609 731 4683 Noe,
747 4610 849 4689 junctis
869 4612 964 4670 asseri·
1058 4614 1185 4693 Καθάπερ
1199 4614 1251 4696 γὰρ
1268 4616 1329 4673 Νῶε
1347 4613 1456 4680 σανίδας
1472 4614 1558 4694 ρέψας
1572 4611 1676 4672 arturo
1689 4600 1745 4699 tipp'·

221 4682 274 4740 bus
286 4702 384 4772 ,aream
393 4682 463 4771 'fecit
476 4708 483 4740 :
497 4705 535 4744 sic
555 4699 580 4744 et
599 4687 699 4745 Paulus
721 4689 828 4769 scriptis
843 4691 963 4770 epistolis
977 4742 1001 4778 „⁶
1019 4718 1097 4767 σατο,
1111 4692 1179 4752 ούτω
1191 4693 1236 4751 καὶ
1247 4695 1354 4760 Παῦλος
1366 4692 1511 4760 ἐπιστολὰς
1522 4694 1625 4775 γρόψας
1634 4703 1746 4748 amtor*
1786 4693 1805 4745 ἱ·

222 4783 312 4820 arcam
334 4762 502 4899 spiritualem
526 4766 644 4855 struxit,
670 4767 717 4825 illa
744 4768 890 4828 meliorem.
912 4770 963 4829 llla
982 4797 1001 4841 ,ι
1017 4797 1047 4833 σε
1057 4773 1169 4832 κιόωτὸν
1184 4797 1226 4832 νοε
1245 4772 1290 4830 όν·
1305 4771 1373 4842 αὕτη
1387 4773 1489 4844 ἐκείνης
1500 4772 1618 4851 βελτίων.
1629 4759 1743 4844 ‘tipicis
1782 4799 1805 4833 .·.·

223 4862 338 4919 namque
370 4843 567 4934 rutaanimalia
579 4845 722 4925 recepit,et
732 4847 813 4906 bruta
826 4849 944 4911 servavit
952 4873 961 4926 3
1017 4851 1151 4931 ἐλάμόανε
1169 4851 1234 4911 elio
1254 4877 1315 4932 ογα,
1337 4852 1382 4910 καὶ
1397 4852 1486 4931 έτόρει
1509 4852 1542 4910 ed
1560 4852 1594 4911 ἄλ
1647 4818 1742 4911 ὀῧθ,δέ
1784 4880 1805 4891 -·

222 4921 279 4980 haec
291 4921 370 4980 bruta
389 4935 500 5012 recipit,
515 4922 694 5014 etimmutat.
709 4927 793 4987 Verbi
809 4930 910 5009 gratia,
921 4931 963 4989 in·
1016 4933 1145 5009 λαμόάνει
1163 4931 1197 4990 ei
1216 4932 1316 5009 ἄλογα,
1330 4931 1375 4990 καὶ
1392 4930 1563 5008 μεταόᾶλλει.
1585 4874 1646 4991 (lidi
1659 4949 1679 4984 τι
1688 4919 1741 4996 λόγι’

222 5021 328 5079 gressus
347 5014 385 5059 est
399 5021 426 5059 in
440 5022 531 5062 arcam
546 5002 621 5063 illam
636 5003 717 5085 lupus
724 5052 735 5084 ,
750 5020 776 5066 et
789 5028 910 5087 egressus
924 5024 962 5069 est
1016 5015 1135 5084 εἰσῆλθεν
1160 5014 1196 5077 εἰς
1217 5010 1265 5082 τὴν
1287 5011 1399 5070 κιύωτδν
1411 5011 1503 5081 λύκος,
1528 5011 1573 5070 καὶ
1592 5011 1672 5081 iiiito
1682 5000 1741 5062 λύκοι·

255 5219 265 5242 ·
283 5203 319 5254 iii.
335 5212 483 5269 ἀποθεμένου.
1058 5215 1070 5252 ¹·
1089 5213 1186 5278 [θέαις.
1204 5209 1278 5263 siut.
1294 5226 1391 5281 σήμερον
1404 5211 1508 5282 rapat-l
