3750 5940
49 461 175 530 tartari,
204 468 281 516 erc.
777 444 850 518 683

49 632 53 646 .
108 587 219 648 molare.
239 590 344 649 Rursus
360 601 451 647 autem
470 586 494 646 si
517 607 619 646 morem
640 587 683 647 illi
718 610 792 650 erere
807 613 852 652 vo

49 701 55 710 ·
107 666 209 743 luisset,
224 689 256 727 ac
276 667 369 728 dicere
386 666 459 726 hunc
477 688 534 726 esse
556 681 675 726 montem
697 669 703 681 '
729 690 791 761 umq
816 685 852 748 et,

49 793 54 814 ‚
108 748 188 806 Recte
202 747 336 823 adoratis3
348 768 442 806 rursus
454 746 552 805 salsum
563 747 677 806 verbum
684 749 850 839 protulisset.

108 825 212 885 Idcirco
228 848 291 905 ergo
310 842 455 905 utrumque
476 827 501 884 iu
521 839 620 885 terram
636 827 776 908 abjiciens,
789 850 849 889 mu·

49 940 54 948 ·
108 905 248 966 lierculaui
266 907 302 966 ad
318 929 393 981 eam,
415 927 474 984 quae
493 906 574 986 paulo
592 907 679 985 magis
698 907 848 988 spiritualis

49 1007 54 1020 ·
107 1001 178 1059 erat,
198 987 383 1047 adorationem
408 986 485 1065 quasi
509 1007 591 1044 manu
615 986 708 1059 ducit,
732 988 846 1066 aitque:

107 1068 228 1139 Mulier,
244 1069 329 1125 crede
349 1069 423 1126 milti
442 1067 560 1138 dicenti,
577 1069 649 1146 quia
667 1070 846 1142 venithora,
858 1080 998 1146 tonatur.

50 1179 53 1188 ·
106 1158 134 1202 et
149 1168 226 1204 nunc
236 1160 289 1217 est,
297 1148 417 1227 quando
427 1167 520 1224 neque
528 1150 560 1203 in
569 1159 667 1205 monte
678 1148 744 1219 hoc,
758 1170 850 1229 neque
861 1148 931 1205 ·²i·

50 1234 51 1244 ¹
106 1226 300 1301 ierosolymis
311 1229 477 1285 adorabunt
488 1228 609 1284 Patrem
624 1249 633 1282 ι
645 1228 699 1285 sed
707 1231 772 1286 ueri
780 1230 849 1287 ado-

107 1319 219 1364 ratores
243 1308 408 1364 udoralrunt
422 1308 543 1363 Patrem
566 1309 598 1363 in
611 1310 715 1385 spiritu
730 1321 757 1366 et
771 1313 850 1367 oeri-

50 1407 55 1449 ;
107 1397 177 1443 tate.
195 1387 274 1443 Nam
288 1399 316 1444 et
330 1388 423 1445 Pater
433 1385 507 1443 tales
526 1388 641 1465 quaerit,
658 1389 709 1465 qui
726 1388 851 1447 adorent

50 1499 55 1509 ·
106 1485 181 1522 eum.
194 1465 318 1545 Spiritus
345 1478 387 1524 est
404 1466 485 1522 Deus
503 1487 510 1520 ι
528 1477 556 1523 et
579 1485 628 1524 eos
646 1468 698 1546 qui
721 1468 851 1526 adorant

50 1578 52 1585 =
105 1563 181 1616 eum,
200 1548 232 1602 in
253 1548 357 1624 spiritu
380 1557 408 1602 et
428 1547 555 1602 ueritate
578 1558 690 1635 oportet
710 1547 847 1606 adorare.

106 1623 209 1682 Vidisti
228 1622 380 1683 donuinam
399 1623 552 1704 optimam?
567 1623 662 1683 vidisti
674 1623 792 1686 doctoris
808 1625 850 1685 iu·

105 1701 203 1762 dustrii
217 1703 400 1785 sapientiam?
412 1704 531 1772 Mulier,
542 1705 627 1762 crede
641 1707 714 1762 nrilri
726 1706 847 1766 dicenti.

50 1807 52 1816 ·
68 1793 86 1840 c
105 1781 178 1841 Vide
187 1782 322 1862 mornado
333 1782 460 1842 conciliat
474 1781 555 1841 sidem
567 1783 851 1864 mulieris3videquo·

50 1897 53 1905 .
104 1862 184 1921 modo
196 1863 294 1922 sensim
308 1863 425 1922 animam
439 1863 497 1943 ejus
514 1860 543 1921 in
560 1862 656 1921 celum
669 1862 779 1923 evehit:
795 1885 850 1924 nou

50 1969 53 2004 z
104 1943 235 2002 erubescit
244 1942 375 2002 amictum
388 1940 547 2018 meretricis,
564 1941 613 2002 sed
626 1941 741 2003 salutem
753 1944 850 2004 enimn

50 2056 53 2064 Δ
104 2036 251 2103 promovet.
265 2022 342 2094 Quid
362 2022 422 2081 ita?
440 2021 512 2094 Quia
533 2042 587 2079 non
602 2022 679 2082 venit
691 2044 788 2083 vocare
803 2024 849 2104 ju·
860 2034 915 2079 luc.
928 2032 952 2080 5.
964 2031 1001 2077 32.

51 2149 52 2160 ,
103 2115 166 2173 stes,
178 2103 225 2161 sed
235 2117 385 2182 peccatores
395 2101 432 2160 ad
443 2101 646 2182 poenitentiam:
663 2102 727 2180 qnia
741 2117 851 2186 propter

51 2217 52 2222 κ
103 2201 192 2258 orem,
209 2203 269 2261 quae
282 2183 408 2262 perierat,
424 2181 536 2240 minime
547 2180 654 2240 deserto
668 2182 731 2242 sinu
748 2183 848 2260 Patris,

51 2295 53 2303 ›
102 2260 137 2318 ad
152 2283 199 2320 nos
212 2261 348 2321 inclinatis
362 2260 435 2320 caelis
453 2259 602 2336 descendit,
616 2274 643 2319 et
652 2262 787 2341 perlecnn
800 2263 850 2322 ho-

51 2387 52 2394 ,
104 2361 148 2397 mo
168 2342 254 2400 lactus
275 2355 329 2416 est,
354 2340 435 2400 simul
474 2339 582 2418 equod
608 2354 666 2399 erat
690 2342 849 2423 permansit.

51 2472 52 2481 ,
105 2421 225 2499 Mulier,
239 2423 410 2480 credemilti
449 2424 547 2492 iocati,
569 2423 641 2501 quia
661 2425 745 2481 uenit
759 2424 848 2496 liora,

51 2547 53 2555 ,
103 2514 132 2557 et
143 2522 220 2559 nune
231 2514 284 2572 est,
298 2501 418 2580 quando
429 2504 494 2559 veri
503 2501 674 2559 adoratores
684 2502 851 2570 adorabunt

51 2605 52 2620 ¹
104 2582 227 2638 Patrem
249 2585 282 2638 in
299 2584 403 2661 spiritu
421 2592 450 2639 et
472 2583 607 2637 ueritate.
623 2581 703 2639 Nam
715 2593 745 2640 et
758 2585 852 2641 Pater

51 2682 54 2722 :
105 2661 180 2718 tales
202 2664 317 2740 quierit,
336 2664 387 2740 qui
409 2661 533 2718 adorent
557 2680 633 2718 eum.
659 2661 782 2740 Spiritus
807 2675 849 2720 est

51 2784 53 2793 ,
105 2740 195 2810 Deus,
212 2752 240 2797 et
255 2743 306 2819 qui
318 2741 446 2798 adorant
457 2760 533 2811 eum,
543 2742 575 2795 in
586 2742 689 2818 spiritu
701 2753 727 2798 et
740 2745 849 2800 verita

51 2843 53 2874 ;
105 2831 133 2875 te
155 2831 265 2897 oportet
288 2821 423 2877 adorare.
446 2820 506 2876 Non
533 2817 765 2878 circumscribitur
790 2820 850 2880 loco

51 2905 53 2943 ἑ
104 2897 226 2956 adoratio
242 2897 313 2970 uei„
329 2896 376 2956 scd
393 2896 566 2975 undiquaque
578 2897 679 2956 diflusa
699 2911 739 2957 est
758 2899 850 2978 gratiae

51 3005 53 3040 ;
105 2977 207 3036 divina
226 2976 362 3055 cognitio:
377 2998 430 3035 uon
447 2977 504 3056 jam
518 2976 636 3057 amplius
655 2976 746 3038 Judaei
759 2992 787 3037 et
800 2980 849 3039 Sa-

105 3057 229 3115 maritani
243 3057 279 3116 ad
293 3079 321 3115 se
340 3056 406 3135 legis
423 3056 538 3134 insignia
559 3056 679 3136 rapiunt.
692 3059 772 3117 Nam
788 3079 848 3130 eos,

70 3145 87 3188 lt
105 3142 155 3216 qui
171 3138 298 3194 adorant
308 3137 411 3206 Deum,
429 3140 460 3194 in
474 3138 577 3214 spiritu
588 3148 615 3194 et
630 3141 849 3217 veritateopor·

105 3230 145 3274 tet
165 3218 298 3274 adorare.
312 3217 370 3274 Non
385 3214 502 3296 amplius
515 3213 543 3272 iu
562 3215 658 3274 alienis
671 3216 847 3295 holocaustis,

104 3309 129 3353 et
149 3295 254 3369 vitulis,
268 3309 294 3354 et
307 3294 451 3369 arietibus3
472 3315 526 3352 non
545 3315 588 3353 am
610 3293 663 3354 lius
679 3295 849 3356 circumcisio

103 3389 129 3433 et
147 3375 251 3434 sabbati
269 3374 441 3451 observati05
455 3394 508 3433 non
521 3317 639 3456 ampiius
660 3376 808 3457 templum,
822 3391 849 3436 et

102 3455 196 3532 altare,
207 3469 233 3514 et
246 3454 340 3514 hircus
354 3453 518 3524 emissarius,
528 3467 554 3513 et
569 3468 661 3513 sancta
675 3470 847 3532 sanctorum

104 3557 156 3594 non
174 3535 291 3616 amplius
307 3535 413 3609 umbra,
428 3548 454 3592 et
471 3533 570 3610 cultus,
588 3548 615 3594 et
628 3535 741 3599 sabbata
757 3557 847 3596 anen-

102 3615 159 3673 tita.
182 3618 358 3674 Neomenias
377 3617 456 3673 enirn
469 3627 585 3674 vestras
599 3628 628 3673 et
647 3619 783 3690 sabbata,
806 3616 847 3676 in·
859 3631 917 3674 teat.
931 3644 950 3674 t.
965 3630 1000 3676 13.

104 3695 163 3772 quit
174 3697 248 3754 Deus
262 3717 309 3774 per
324 3693 494 3775 prophetam,
505 3707 533 3752 et
547 3695 624 3753 diem
638 3716 776 3774 magnum
788 3718 848 3754 non
862 3692 896 3758 ¹4·

95 3778 167 3855 fero
184 3799 192 3830 .·
208 3778 352 3855 jejunium
369 3786 397 3831 et
420 3777 522 3841 etitem,
539 3786 568 3832 et
590 3775 781 3834 solennitates
796 3798 848 3835 ve-

104 3869 182 3914 stras
198 3856 259 3912 odit
276 3858 378 3922 anima
394 3874 469 3911 mea.
486 3855 566 3911 Nam
580 3874 628 3912 eos
647 3856 699 3933 qui
719 3856 848 3914 adorant

105 3956 180 4006 eum,
198 3940 230 3993 in
251 3937 355 4014 spiritu
377 3945 404 3989 et
425 3936 552 3991 ueritate
576 3945 688 4012 oportet
709 3935 845 3994 adorare.

106 4014 203 4072 Omnia
212 4013 258 4072 illa
269 4013 342 4071 velut
350 4011 447 4069 umhra
458 4010 651 4091 preterierunt3
659 4025 749 4071 vetera
761 4024 845 4073 hans·

106 4093 210 4168 icrunt;
224 4115 284 4152 ecce
298 4114 368 4150 nova
392 4091 461 4149 tacta
477 4105 539 4149 sunt
552 4091 654 4153 omnia.
677 4092 848 4154 &inmutata

104 4189 144 4231 est
157 4173 283 4254 deinceps
293 4192 382 4231 rerum
395 4169 480 4249 gratia
488 4194 496 4247 3
505 4192 557 4229 non
570 4192 613 4228 am
633 4170 687 4231 lius
699 4171 848 4233 soettndum

68 4253 189 4332 Eleqem
211 4253 341 4311 nnumin
362 4251 452 4309 locum
468 4271 523 4325 eos,
542 4250 588 4328 qui
610 4194 698 4310 licum
720 4251 846 4331 adorant,

104 4334 259 4411 congregari
272 4330 422 4410 sin03quip
442 4331 516 4409 equi
533 4329 614 4389 velim
629 4353 736 4391 omnem
751 4332 779 4391 in
793 4345 847 4392 ter·

104 4436 195 4471 rarum
208 4414 300 4471 orbern
313 4411 407 4469 salutis
423 4353 493 4469 dona
507 4409 669 4472 diffundere.
678 4416 716 4470 ln
730 4433 846 4472 omnem
856 4429 925 4475 Rom.
946 4444 981 4475 ιο.

104 4494 175 4552 enim
193 4508 300 4551 terram
325 4494 414 4550 exivit
439 4511 528 4550 sonus
547 4512 656 4564 eorum,
673 4506 701 4551 et
720 4495 752 4552 in
763 4493 846 4575 fines
859 4492 895 4542 ¹⁸·

103 4578 179 4631 orbis
195 4586 278 4631 terra
290 4574 380 4630 verba
389 4592 498 4631 eorum.
513 4571 639 4650 Spiritus
649 4585 692 4632 est
709 4573 801 4644 Deus,
817 4587 846 4634 et

102 4674 150 4712 eos
176 4657 227 4733 qui
252 4654 378 4710 adorant
400 4671 476 4723 eum,
492 4655 524 4708 in
548 4650 651 4730 spiritu
673 4665 702 4711 et
723 4657 845 4712 veritate

103 4747 213 4813 oportet
233 4734 368 4790 adorare.
384 4732 465 4789 Dicit
486 4735 513 4789 ei
535 4733 661 4791 mulier:
684 4733 750 4792 Seio
773 4737 994 4815 quianamqns.

103 4817 227 4871 Messias
238 4816 330 4881 uenit,
344 4814 396 4891 qui
406 4813 514 4870 dicitur
528 4812 678 4871 Christus.-
692 4829 759 4870 cum
777 4833 845 4893 ergo

103 4897 216 4950 vertent
226 4893 286 4967 ille,
301 4895 382 4948 nolris
397 4894 585 4949 annuntiabit
598 4894 744 4952 omnia.0
759 4914 844 4950 mere-

102 4973 197 5031 tricem
214 4972 248 5030 de
258 4969 445 5062 spiritualibus
463 4970 716 5051 philosophantem!
733 4991 845 5030 emcre-

104 5053 197 5111 triccm
219 5052 373 5132 Scripturas
393 5072 480 5110 sacras
496 5050 523 5109 in
544 5072 590 5109 ore
602 5049 765 5128 habentem!
784 5051 843 5110 Etsi

87 5263 99 5300 ¹>
117 5258 195 5314 sivit.
207 5271 233 5311 et
246 5277 308 5314 unus
320 5269 472 5330 γραμμάτων.
