3750 5940
361 433 395 479 ΙΝ
420 430 555 481 ΜΕΒΙΔΜ
581 435 820 483 tlnnnortantrt
845 435 1067 486 tntoutotto'st.
1245 491 1250 500 ,
1426 446 1496 518 907
1617 448 1621 458 ’

56 578 90 634 ση
104 559 157 614 τῶν
172 554 260 633 μίσων
281 543 504 634 θκαμμοίτων·ή
544 555 578 637 hp
592 560 709 639 ἡμετέρα
760 559 972 621 certaminibus:
988 561 1161 622 nostraenim
1176 563 1337 642 generositas
1355 564 1432 626 illius
1450 588 1499 627 ex·

55 658 89 706 ης
101 634 200 694 ἐκείνω
213 635 390 703 κατάπτωσις.
405 636 442 696 Εἰ
450 660 489 702 τις
502 639 534 697 άθ
565 645 576 694 t
589 642 706 719 νωθρῶς.
760 638 863 698 eidium
873 653 920 700 est.
932 641 963 701 si
974 641 1034 720 quis
1044 641 1140 720 ignave
1150 656 1262 723 pugnet,
1274 642 1316 702 illi
1326 643 1398 704 vires
1407 644 1499 705 addit:

55 716 191 792 hhsrocts'
213 714 238 774 εί
254 739 295 783 τις
309 717 382 792 ὑμῶν
404 719 518 784 ἀσθενῶς
541 715 706 796 ἀγωνίζεται,
761 718 783 777 si
803 719 866 798 quis
883 720 992 779 remisse
1010 720 1143 796 decertet,
1159 721 1239 780 illum
1256 721 1371 782 roborat.
1387 726 1500 785 Strenue

59 802 154 872 νευροῖ.
177 796 289 872 Στῶμεν
309 817 350 853 τοι
369 802 446 878 αροῦν
467 794 532 876 πρδς
553 795 598 854 τδν
618 798 707 876 άηιῦνα
760 797 852 876 itaque
864 811 963 858 memus
976 799 1005 858 in
1018 799 1177 876 certamine,
1198 812 1228 858 ut
1244 799 1369 862 inimicus
1389 805 1500 882 gravius

54 898 77 942 ;‚
90 871 133 931 ίνοι
146 877 160 931 ό
171 874 312 940 ἀντίπαλος
325 818 395 953 πάσῃ
407 875 539 949 μειζόνως.
552 875 707 954 Βρωμάτων
760 876 848 936 cadat.
866 876 995 937 Cthonm
1008 878 1172 939 desiderium
1191 877 1342 959 fugiamus,
1357 883 1500 962 paululum

55 977 62 1009 ι
75 951 170 1013 πόθον·
185 953 388 1052 καρτερήσωμεν
401 954 466 1036 πρθς
478 955 575 1028 ὀλίγον,
586 952 629 1013 ίνα
639 953 705 1013 άθά-
759 977 958 1037 perseveremus
963 1003 973 1033 ,
995 972 1026 1017 ut
1050 959 1228 1019 immortalem
1246 959 1361 1037 gratiam
1380 961 1498 1042 accipia-

55 1031 150 1109 ίόωμεν
161 1032 250 1113 χάριν.
273 1035 364 1113 Εφαγε
393 1030 592 1113 haemmi
604 1031 709 1114 θανάτῳ
761 1057 831 1096 mus.
853 1037 979 1096 Comedit
997 1038 1100 1115 Adam,
1121 1053 1148 1098 et
1166 1051 1252 1098 morte
1273 1037 1417 1100 damnatos
1439 1054 1498 1100 est:

55 1111 127 1182 ἰσθη·
148 1113 302 1184 ἰνήστευσιν
321 1056 432 1186 Ἠλίας,
458 1111 503 1171 καί
526 1117 573 1171 τοῦ
600 1113 709 1192 οὐρανοῦ
763 1115 1079 1206 'ejuravitElias,etilii
1089 1117 1246 1178 caliclaves
1256 1117 1498 1179 concreditaesont:

54 1198 76 1257 ῖς
90 1191 245 1264 ἐπιστεύθη·
259 1191 317 1250 ἔπιε
330 1193 409 1264 Νῶε,
430 1190 475 1250 καί
488 1189 532 1250 τὸν
552 1195 611 1252 νοῦν
631 1214 709 1270 μετε-
756 1136 830 1254 hibit
839 1197 912 1274 Noe,
924 1209 951 1255 et
965 1210 1052 1256 mente
1061 1210 1180 1257 mutatus
1191 1210 1232 1256 est
1242 1221 1249 1254 :
1258 1210 1437 1276 temperanter
1445 1199 1501 1278 egit

56 1270 173 1341 ἤσκησεν
187 1268 293 1351 Ἑνὼχ,
306 1270 352 1329 καί
365 1273 410 1330 ὑπ’
426 1269 545 1350 ἀγγέλων
564 1269 707 1349 μετετέθη·
762 1273 870 1350 Enoch,
885 1289 912 1335 et
934 1275 970 1335 ab
986 1276 1088 1356 angelis
1100 1276 1244 1336 translatus
1263 1289 1304 1335 est
1318 1277 1451 1337 :satiatus
1462 1291 1502 1338 est

55 1353 85 1422 θη
101 1348 221 1429 Φαραὼ,
233 1353 279 1409 καί
289 1354 315 1410 ἰν
330 1350 449 1431 θαλάσσῃ
464 1348 511 1410 σὺν
521 1350 621 1430 ἅρμασι
633 1373 709 1410 κατε·
761 1353 882 1432 Pharao,
896 1355 964 1415 etin
988 1356 1133 1416 marinum
1150 1352 1277 1415 curribus
1289 1355 1427 1416 demersus
1440 1371 1497 1416 est:

55 1451 79 1500 η·
91 1429 228 1500 ἐνήστευσε
242 1433 373 1503 Μωῦσῆς,
388 1429 433 1488 καί
446 1429 577 1489 θάλατταν
594 1429 708 1489 κατεπί-
726 1439 744 1487 Β
756 1433 892 1515 jejunavit
900 1437 1008 1516 Moyses
1016 1479 1026 1512 ,
1039 1449 1066 1494 et
1076 1455 1150 1494 mare
1163 1434 1280 1517 trajecit,
1294 1455 1501 1514 novosquemu·

54 1507 164 1590 νοτάρων
178 1512 274 1589 τειχῶν
288 1511 318 1568 ἐκ
332 1513 380 1580 τῆς
391 1512 423 1587 ty
440 1518 472 1576 ῦς
484 1514 537 1569 τῶν
551 1509 654 1569 ὑδάτων
664 1510 708 1568 οὐ·
760 1534 805 1572 ros
819 1535 854 1573 ex
865 1513 951 1573 fluida
969 1536 1103 1593 aquarum
1119 1528 1215 1574 natura
1231 1514 1394 1590 construxit,
1412 1528 1439 1574 et
1453 1536 1501 1595 per

55 1586 156 1664 νόμενος
176 1588 327 1666 οἰκοδόμος,
352 1587 399 1646 καί
420 1533 492 1660 ίίνην
515 1592 565 1668 γῆν
579 1587 623 1647 τὸν
642 1589 707 1648 λαὸν
760 1613 859 1653 novam
871 1606 970 1653 terram
983 1594 1114 1674 populum
1127 1592 1274 1669 deducens,
1288 1593 1359 1652 sicco
1371 1594 1439 1674 pede
1459 1615 1501 1676 ¹ier

55 1675 86 1724 εῖν
112 1669 335 1747 παρασκευάσας,
364 1667 544 1748 κεκονιαμένην
571 1667 632 1727 ποδί
659 1665 707 1739 τὴν
761 1691 835 1731 mare
850 1672 1007 1733 transmisit.
1030 1672 1161 1732 Illicitum
1181 1673 1272 1751 eibum
1293 1672 1352 1733 Eva
1365 1693 1423 1731 com
1463 1675 1497 1751 't,

55 1771 76 1803 ιν
105 1748 253 1827 παρήγαγε.
283 1745 437 1807 Μετίλαόεν
465 1745 523 1805 Εὔα
554 1746 709 1826 παρανόμου
761 1763 787 1809 et
805 1772 896 1811 omnes
917 1773 953 1811 ex
973 1752 1020 1812 illa
1035 1752 1144 1811 oriundi
1163 1751 1242 1812 morti
1266 1751 1431 1811 traduntur:
1451 1753 1501 1831 qui

54 1848 80 1895 ς,
100 1826 145 1884 καί
167 1826 262 1893 πάντες
278 1826 304 1895 ἐξ
318 1825 419 1898 ἐκείνης
433 1825 537 1907 θανάτῳ
552 1825 708 1907 παραδίδου·
760 1843 851 1890 antem
868 1851 902 1890 ex
921 1831 1008 1891 Maria
1027 1844 1156 1891 natusest
1168 1829 1301 1890 Dominus
1314 1852 1330 1889 a
1346 1831 1407 1890 cibo
1418 1833 1501 1890 etiam

55 1903 145 1986 ἔσχετο
158 1911 172 1965 δ
183 1909 213 1966 ἐκ
225 1906 330 1986 Μαρίας
340 1906 440 1985 τεχθεὶς
451 1905 588 1977 Δεσπότης
600 1904 707 1984 ἐννόμου
758 1908 880 1988 legitimo
891 1910 1037 2002 abstinuit,
1052 1925 1078 1970 et
1090 1932 1182 1971 omnes
1194 1932 1210 1969 a
1223 1909 1317 1969 mortis
1330 1909 1501 1971 damnatione

55 2009 83 2058 ς,
106 1984 152 2044 καί
174 1985 276 2052 πάντας
293 1989 341 2057 τῆς
367 1983 511 2056 καταδίκης
531 1989 577 2043 τοῦ
596 1984 708 2044 θανάτου
759 1986 894 2049 liberavit.
909 1991 1031 2050 Paradist
1051 1990 1157 2070 lignum
1177 2002 1271 2069 gustus
1294 2003 1321 2048 et
1342 1988 1500 2049 alimentum

55 2087 114 2123 ωσι.
138 2066 229 2133 Γεῦσις
252 2065 363 2125 θανάται
383 2064 414 2123 τὸ
434 2067 460 2123 ἰν
478 2061 631 2145 παραδείσῳ
649 2063 710 2126 δίν-
762 2069 855 2128 mortis
872 2082 940 2128 erat.
966 2077 1005 2129 In
1027 2090 1210 2151 quacumque
1231 2070 1292 2145 die,
1317 2067 1385 2128 dicit
1411 2071 1499 2146 Deus,
1513 2077 1601 2119 Gen-²·
1616 2086 1651 2132 ¹1·

55 2143 110 2206 Ιδί
128 2143 159 2202 ἂν
173 2144 260 2225 ἡμίρρ
279 2145 346 2226 γάρ,
367 2142 573 2224 φησίνθΘεθς,
592 2142 711 2223 φάγησθε
761 2149 943 2209 comederitis
964 2171 1001 2209 ex
1024 2170 1071 2225 eo,
1097 2163 1190 2209 morte
1218 2151 1392 2208 moriemini.
1425 2148 1501 2239 Fuga

55 2229 110 2296 τοῦ,
138 2226 242 2284 θανάτω
268 2227 449 2285 ἀποθανεῖσθε.
476 2222 557 2303 thoph
585 2221 711 2297 θανάτου,
761 2227 855 2287 mortis
867 2242 924 2287 erat
941 2227 1029 2289 crucis
1041 2227 1163 2308 lignum,
1179 2226 1319 2287 indenam
1339 2241 1501 2287 ueseaturr-

55 2304 101 2364 ῖτδ
113 2284 233 2383 δένδρονἔ
247 2307 345 2364 ἐκεῖθεν
359 2302 411 2384 γάρ
431 2301 561 2381 ἐπήγαζεν
580 2307 598 2374 ἡ
617 2300 672 2372 ζωὴ
692 2307 710 2374 ἡ
761 2304 803 2368 vit
823 2307 984 2367 immortalis
994 2309 1060 2368 vita.
1075 2312 1098 2367 Α
1112 2327 1192 2368 eruce
1210 2306 1239 2366 in
1256 2249 1415 2398 paradisum
1433 2306 1502 2396 latro

55 2409 81 2452 ς.
102 2382 167 2444 ’Λπθ
184 2389 297 2466 σταυροῦΙ
322 2384 387 2464 πρὸς
407 2381 566 2463 παράδεισον
581 2386 595 2441 ό
611 2381 711 2461 ληστλς
761 2385 949 2524 pertransivit,
968 2401 1134 2467 mortemque
1156 2407 1220 2447 eum
1239 2399 1297 2446 τινα
1318 2399 1501 2475 commutamt.

55 2462 137 2537 ἷηκεν,
159 2463 218 2522 άντί
245 2462 356 2523 θανάτου
379 2460 448 2535 ζωὴν
475 2459 712 2540 άνταλλαξάμενος.
785 2479 877 2525 ructus
889 2464 999 2527 invidiae
1013 2466 1065 2526 fuit
1078 2465 1204 2532 comestio
1217 2464 1264 2524 illa
1278 2463 1439 2544 deltgnoin
1453 2486 1503 2546 pa·

63 2548 109 2603 τοῦ
117 2542 212 2623 φθόνου
224 2550 269 2603 τοῦ
279 2544 307 2601 ἐν
317 2543 470 2623 παραδείσῳ
480 2545 561 2620 φυτοῦ
574 2546 592 2613 ἡ
605 2544 711 2621 βρῶσις·
762 2545 852 2605 radiso
864 2544 966 2626 posito,
979 2559 1006 2606 et
1020 2545 1155 2606 invidiam
1169 2543 1279 2606 sustulit
1299 2544 1402 2604 fruetus
1416 2543 1504 2603 crocis

55 2621 133 2701 ίρεσις
143 2627 189 2681 τοῦ
199 2622 293 2703 φθόνου
305 2627 322 2694 η
334 2624 365 2681 ἐκ
374 2627 419 2680 τοῦ
431 2628 534 2702 καρποῦ
543 2624 588 2680 τοῦ
599 2626 712 2724 σταυροῦ
762 2624 978 2685 communicatio.
1001 2626 1032 2687 si
1049 2626 1195 2706 jejunasset
1219 2623 1320 2699 Adam,
1344 2644 1397 2681 nou
1418 2637 1504 2681 morte

55 2703 100 2780 θις.
124 2704 159 2762 Εἰ
181 2701 335 2773 ἐνήστιυσεν
351 2707 365 2761 ό
380 2699 479 2779 Ἀδὰμ,
500 2703 547 2760 οὐκ
562 2700 593 2759 ἂν
608 2706 712 2780 θανατιρ
728 2702 906 2764 cdamnatus
917 2704 1025 2780 fuisset,
1040 2725 1092 2764 non
1106 2704 1142 2762 ab
1156 2701 1229 2762 omni
1248 2703 1341 2761 labore
1354 2722 1438 2763 vacua
1453 2723 1502 2762 νο-

55 2781 136 2851 άσθη,
148 2783 195 2840 οὐκ
209 2780 240 2841 ἂν
253 2786 301 2853 τῆς
318 2786 371 2842 οἰκα
394 2781 457 2840 άτου
470 2804 486 2839 τ
503 2783 571 2860 υφῆς
584 2777 712 2859 ίξόφιατος
762 2783 989 2865 luptateejeetus,
1004 2804 1058 2843 non
1071 2781 1236 2863 corruptioni
1247 2780 1383 2861 subjectus
1394 2779 1503 2874 fuisset:

55 2805 456 3001 ,οθκθντῇφθορρῦπεῦλήθη
470 2803 546 2932 <duni
576 2857 610 2959 lp
623 2863 640 2929 ἡ
655 2858 713 2918 θεία
761 2861 801 2922 ait
824 2861 925 2943 quippe
946 2862 1041 2922 diviua
1065 2861 1229 2943 Scriptura:
1249 2862 1330 2919 Deus
1357 2861 1572 2924 hommemSor·
1586 2864 1654 2910 243-

55 2939 111 3006 ,ότι
124 2939 159 3000 ‘0
172 2940 264 3008 Θεὸςτ
279 2940 439 3022 νόνθρωπον
451 2937 552 2999 ἔκτισεν
575 2963 596 2997 π
615 2941 713 3021 οἰφθαρ
762 2945 872 3001 creavit
894 2944 936 3002 ad
962 2946 1233 3022 incorruptioruem,¹
1266 2939 1381 2998 invidia
1406 2929 1553 2998 amem24‘

55 3018 105 3099 όνῳ
124 3019 152 3080 δὲ
172 3019 294 3079 διαθολου
308 3020 418 3086 θάνατος
438 3021 474 3086 εἰς
485 3018 530 3078 τὸν
544 3016 643 3095 κόσμον
657 3019 714 3078 εἰσ·
763 3022 876 3080 diaboti
895 3042 973 3082 mors
992 3025 1114 3080 intravit
1135 3025 1168 3078 in
1188 3020 1341 3078 αιιιιιιίιιιιι.
1360 3016 1414 3078 Sed
1431 3019 1505 3079 venit

55 3099 118 3158 Ἀλλ’
135 3091 199 3172 ἦλθε
214 3099 341 3182 Χριστὸς,
355 3098 390 3158 ‘H
414 3097 505 3177 εἰρήνη
517 3100 605 3175 ἡμῶν,
625 3097 671 3157 καί
683 3097 714 3157 τὸ
765 3100 899 3178 Christus,
925 3100 993 3160 Pax
1019 3114 1131 3171 mostra,
1158 3112 1186 3158 et
1213 3100 1341 3157 medium
1363 3099 1505 3178 parietem
1517 3117 1564 3174 Ερι.
1567 3131 1640 3163 .....

55 3201 96 3257 ρον
117 3184 163 3238 τοῦ
184 3185 306 3260 φραγμοῦ
326 3177 425 3251 λύσας,
440 3176 489 3249 chr
508 3176 604 3257 ἔχθραν
632 3179 658 3236 ίν
679 3180 712 3257 τῇ
764 3183 900 3239 maceriae¹
919 3181 1055 3252 solvens,
1070 3181 1257 3237 inimicitiam
1275 3181 1309 3235 in
1327 3196 1417 3236 carne
1432 3197 1503 3248 sua,
1520 3176 1555 3239 ¹4·

55 3260 134 3332 ιθτοῦ,
154 3259 310 3338 προσόλωσι
323 3258 354 3317 eh
367 3265 548 3338 γραμματεῖον
564 3261 611 3329 τῆς
626 3257 714 3336 ἆμαρ·
763 3263 933 3340 rescriptum
955 3263 1069 3339 peccati
1094 3261 1175 3318 cruci
1197 3256 1325 3339 affixit,
1360 3257 1506 3336 abrogans
1520 3274 1570 3318 cot.
1584 3286 1607 3318 ι.
1622 3271 1657 3332 ιη.

66 3341 188 3418 σταυρῷ,
206 3335 344 3416 ἀκυρώσας
364 3337 395 3396 τὸ
412 3338 471 3396 καθ’
483 3338 560 3414 ἡμῶν
572 3337 712 3417 χειρόγρα·
764 3340 989 3419 chirographum
1000 3340 1102 3397 mortis
1111 3349 1214 3397 contra
1223 3356 1274 3394 nos
1285 3339 1433 3417 scriptum.
1444 3335 1506 3393 Cla·

61 3416 182 3476 θανάτου.
196 3418 252 3476 Καί
267 3419 316 3496 βοᾷ
327 3418 445 3482 Παῦλος·
460 3415 576 3498 Χριστὸς
587 3421 659 3493 ἡμᾶς
672 3413 713 3483 ἐξ·
765 3431 822 3476 mat
839 3438 904 3477 vero
918 3417 1034 3478 Paulos:
1053 3418 1187 3477 Christus
1201 3435 1254 3474 nos
1263 3415 1385 3473 redemit
1398 3415 1435 3472 de
1447 3434 1509 3472 ma·
1520 3414 1573 3459 θεῖ·
1583 3415 1604 3461 3.
1622 3411 1658 3455 ¹³·

55 3519 73 3553 ιν
92 3499 122 3554 ἐκ
131 3500 178 3567 τῆς
193 3497 312 3596 κατάρας
325 3503 371 3556 τοῦ
386 3495 481 3573 νόμου,
496 3494 634 3574 γενόμενος
648 3493 715 3575 ὑπὲρ
766 3497 873 3557 ledicto
884 3497 1080 3637 legis’fficms
1087 3516 1141 3577 pro
1153 3498 1236 3554 nohis
1246 3493 1443 3553 maledictitm.
1456 3493 1509 3581 Pro

55 3573 146 3658 κτάρα.
160 3575 348 3655 Ἆμειψωμεθα
360 3574 447 3634 τοίνυν
463 3571 530 3634 κατὰ
545 3574 656 3652 δύναμιν
670 3574 714 3634 τθν
765 3575 872 3636 viribus
889 3597 953 3657 ergo
1013 3575 1141 3635 nesactori
1163 3573 1250 3636 ricem
1274 3571 1438 3662 reddamus,
1463 3570 1509 3630 dt·

55 3677 92 3726 ην,
108 3655 258 3734 ἀγαπητοί·
280 3677 328 3732 μικ
359 3664 382 3720 ῖς
398 3654 499 3723 όόολοῑς
512 3652 716 3737 θεραπείσωμεν
766 3656 847 3730 lecti;
860 3655 967 3736 exiguis
980 3654 1069 3715 obolis
1081 3655 1200 3715 colamus
1216 3674 1294 3727 eom,
1317 3651 1364 3730 qui
1381 3649 1459 3711 dives
1472 3664 1511 3739 cst

55 3732 125 3792 ιίσιον
140 3737 166 3793 ἐν
181 3733 257 3793 ἐλέει.
274 3733 309 3793 '0
358 3733 457 3807 οπότης
469 3737 545 3812 ἡμῶν
556 3731 624 3817 θπίρ
638 3736 721 3812 ἡμῶν
768 3735 797 3794 in
810 3735 1004 3795 misericordia.
1019 3735 1153 3795 Dominus
1167 3745 1256 3791 noster
1269 3753 1318 3810 pro
1332 3729 1410 3789 nobis
1424 3750 1510 3788 croci·

55 3810 111 3883 ίθη·
126 3819 204 3891 ἡμεῖς
217 3812 245 3874 δὲ
256 3812 394 3894 θρέψωμεν
411 3813 455 3874 τὸν
467 3812 528 3874 κατ’
539 3814 627 3874 εἰκόνα
638 3816 716 3874 αἰποῦ
735 3811 754 3858 ⁰
769 3816 842 3874 fixus
854 3826 909 3894 est,
922 3836 970 3875 nos
984 3835 1047 3873 vero
1059 3831 1205 3903 pauperem
1214 3810 1331 3884 alamm,
1347 3808 1395 3886 qui
1407 3807 1443 3867 ad
1453 3809 1512 3887 ejus

54 3915 85 3949 τα
119 3892 236 3965 πίνητα·
263 3897 358 3960 ἐκεῖνος
378 3892 483 3973 θανάτῳ
501 3892 721 3974 προσωμίλησεν,
769 3893 914 3973 imaginem
928 3906 1033 3953 creatus
1043 3904 1084 3951 est
1097 3914 1104 3948 τ
1119 3890 1165 3950 dle
1177 3889 1206 3948 in
1219 3901 1306 3947 morte
1319 3898 1442 3976 versatus
1454 3899 1509 3974 est,

55 3980 71 4038 ῖς
80 3971 191 4031 θανάτου
200 3970 374 4052 ἐλευθερώσῃ·
384 3976 462 4074 ἡμεῖς
472 3974 505 4031 δι’
521 3972 598 4035 αὐτόν
614 3980 718 4055 μικροῖς
770 3987 799 4032 ut
812 3993 861 4032 uos
874 3991 890 4030 a
902 3984 990 4037 morte
1000 3971 1144 4047 liberaret3
1163 3989 1212 4028 nos
1225 3979 1335 4048 propter
1348 3985 1439 4045 ipsum
1453 3982 1512 4022 exr-

61 4057 107 4109 τοῦ
129 4057 268 4112 θανατικοῦ
283 4054 362 4130 λιμοῦ
375 4075 436 4118 τους
448 4056 581 4132 ὁμογενεῖς
606 4051 651 4120 lie
689 4051 718 4110 ά·
770 4051 831 4131 guis
851 4049 938 4110 obolis
955 4046 992 4110 lh
1009 4049 1123 4109 exitiosa
1144 4048 1214 4107 lame
1233 4065 1391 4136 congeneres
1408 4057 1513 4103 nostros

62 4131 146 4198 Αὐτὸς
158 4130 211 4214 γάρ
219 4176 228 4206 ,
247 4130 325 4198 αὐτός
338 4133 448 4205 ίστιν,ό
465 4130 510 4190 διδ
525 4134 578 4191 τῶν
598 4076 717 4203 πεννίίων
769 4151 904 4190 eruamus.
917 4131 978 4212 lpse
988 4127 1186 4219 namque,·ipse
1195 4138 1246 4198 est,
1261 4145 1309 4204 qur
1321 4144 1369 4204 per·
1384 4142 1514 4203 pauperes
1620 4176 1624 4182 .

55 4232 88 4276 νος
101 4209 334 4291 τθπαρεχόμενον.
356 4209 405 4284 Μὴ
423 4209 509 4271 τοίνυν
523 4212 719 4293 παραδράμῃς,
771 4209 800 4270 id
821 4208 895 4290 quod
912 4221 1048 4289 erogatur,
1071 4204 1245 4296 aee1p1t3Ne
1268 4216 1473 4292 praetercurras,
1498 4221 1515 4259 o

55 4310 70 4345 s
78 4333 87 4364 ,
101 4288 258 4356 ἐκτείνοντος
266 4290 314 4362 eho
326 4298 404 4373 χεῖρα
415 4295 461 4349 τοῦ
475 4290 600 4366 πένητος,
614 4292 718 4371 ἀφορῶν
771 4290 867 4364 homo,
882 4309 945 4349 cum
959 4309 1068 4349 manum
1086 4283 1209 4377 extendit
1231 4303 1348 4373 pauper,
1360 4300 1516 4372 ⁴resprereus

70 4367 103 4425 δι’
124 4367 223 4428 ἐκείνου
238 4368 377 4450 δεχόμενον
391 4369 545 4444 Δεσπότην·
565 4368 720 4450 theseu-
772 4369 809 4430 ad
820 4367 983 4444 Dominum,
1001 4388 1082 4458 quem
1135 4384 1258 4503 rppffum
1278 4381 1397 4453 9¹⁰¹P¹³i
1414 4357 1462 4420 δώ
1482 4372 1517 4419 ⁵¹¹

55 4448 153 4527 ιιὴχεί
192 4454 238 4509 τοῦ
256 4447 369 4520 πένητος
392 4450 564 4533 θυμιατήριον
587 4454 613 4510 ἐν
637 4453 721 4554 ἀγορᾷ
773 4449 824 4509 tibi
833 4469 930 4509 manus
939 4460 1107 4541 pauperis,t
1128 4466 1161 4504 ur
1190 4440 1377 4532 iilumrnsoro
1389 4453 1516 4521 posttum.

55 4548 129 4586 ιενον.
144 4473 181 4587 'ii
202 4551 224 4586 ιι
238 4526 289 4609 γάρ
304 4528 363 4587 sieri
385 4529 481 4611 πυρδς,
500 4535 545 4590 τοῦ
562 4532 640 4608 λιμοῦ
661 4552 721 4597 τους
774 4531 845 4589 Loco
858 4527 929 4588 enim
943 4548 1015 4607 ignis
1028 4526 1156 4586 carbones
1176 4523 1256 4613 lamis
1268 4519 1351 4615 habet
1369 4540 1397 4579 sc
1419 4539 1516 4579 consu·

55 4628 80 4674 ας
95 4551 302 4680 κατατίκσντας.
316 4606 524 4686 Ἐπιόόλλωμεν
537 4600 581 4669 oh
605 4610 663 4670 ἀντὶ
676 4614 721 4669 θυ-
774 4621 885 4668 mentes.
910 4606 1016 4667 Incensi
1044 4606 1134 4684 itaque
1162 4602 1222 4662 loeo
1247 4620 1401 4682 muniamus
1426 4597 1519 4687 obolos

56 4684 199 4754 οςόόολοίνς
213 4684 273 4760 δύο,
288 4686 334 4747 καί
351 4690 399 4757 τῆς
414 4687 523 4754 εὐωδίας
536 4690 591 4762 πλη
618 4687 626 4711 ’
649 4713 721 4768 ωρεν
765 4686 974 4763 ·duos,etbono
983 4684 1066 4746 odore
1076 4684 1171 4744 caelum
1181 4680 1348 4762 repleamus,
1358 4692 1389 4738 ut
1399 4677 1434 4737 de
1447 4675 1519 4736 eaehs

55 4763 126 4837 ανδν,
146 4764 189 4823 ίνα
212 4765 239 4834 ἐξ
258 4768 375 4845 οὐρανῶν
390 4766 560 4846 ἀκούσωμεν·
580 4712 648 4849 ’ἔθα
659 4770 720 4830 ὅσον
775 4767 920 4827 audiamus
940 4764 1082 4826 Christum
1102 4762 1263 4822 clamantem
1285 4782 1292 4853 ρ
1317 4760 1356 4854 ζα
1376 4768 1520 4851 putantem
1531 4773 1616 4819 uasto.
1632 4770 1668 4815 25.

55 4867 90 4902 ιτι
113 4844 151 4902 eu
165 4843 264 4904 τούτων
280 4847 332 4905 τῶν
350 4871 398 4925 μικ
418 4850 462 4920 ”ν,
484 4846 543 4926 ἐμοὶ
558 4846 720 4919 ἐποιήσατε,
774 4849 888 4928 fecistis
902 4849 956 4906 uni
972 4865 1010 4904 εα
1026 4846 1072 4905 his
1086 4844 1235 4913 minimis,
1252 4838 1432 4920 mihisecisti
1447 4858 1455 4890 .·
1468 4853 1520 4915 ipss
1529 4840 1568 4895 t0·

55 4947 66 5019 ς
77 4929 123 4983 τοῦ
137 4924 267 5060 λρισφφῦ·
284 4926 385 5006 αθτῷη
444 4953 461 4987 α
476 4926 521 4986 καί
535 4927 565 4987 eh
578 4926 673 5008 κράτος
687 4928 723 4993 εἰς
779 4925 865 5006 gloria
878 4923 1064 5006 erimperium
1078 4923 1105 4982 in
1122 4920 1219 4981 saecuta
1233 4917 1400 4978 saeculorum.

55 5026 116 5069 θνα(
127 5026 179 5061 των
192 5025 208 5060 α
219 5027 304 5064 &MN-
