3750 5940
625 419 658 466 ιιι
686 418 812 468 nisena
839 421 863 466 ι.
1451 409 1523 504 933

53 545 118 624 μετὰ
137 545 260 616 ἀλλήλοιν
270 542 426 625 χορεύσατε,
439 547 574 627 ἐγκρατεῖς
588 545 635 606 καί
663 547 724 629 ᾴθιν
777 566 909 630 pauperet
920 547 1004 610 simul
1016 549 1127 610 choreae
1141 549 1227 630 agite5
1243 562 1418 633 temperantes
1437 566 1465 612 et
1478 575 1524 614 se-

53 624 182 706 νὴμάραν
199 624 347 702 τιμήσατε,
361 625 552 697 ιηστεόσαντες
565 626 646 704 καίμ
675 651 724 700 νη-
778 647 843 706 gnes
854 627 928 688 diem
936 628 1040 689 honore
1055 630 1177 708 afficite;
1200 629 1246 710 qui
1264 630 1417 711 'ejunastis,
1431 646 1458 692 et
1476 633 1524 712 qui

53 729 108 772 ντες
129 705 289 785 εθρράνθητε
308 704 431 783 σήμερον.
452 703 487 764 Ἡ
508 705 624 785 τράπεζα
637 707 724 785 γέμει,
778 727 831 766 non
837 708 993 798 jejunantis,
1001 708 1082 769 hodie
1092 709 1229 769 letamini.
1243 652 1337 770 ltiensa
1347 710 1415 770 cibis
1426 713 1524 774 referta

53 807 105 845 ατε
124 785 235 850 πάντες·
253 787 267 842 θ
282 783 381 863 μόσχος
397 783 491 854 πολθς,
511 784 605 863 μηδείς
626 786 724 854 ἐξέλθοι
777 800 832 864 est,
856 789 891 846 irs
914 806 1013 848 umnec
1031 789 1159 848 fruamini
1178 813 1185 846 ι
1201 789 1307 850 vitulus
1330 789 1440 869 grandis
1465 805 1521 870 est,

53 910 59 924 .
83 864 189 931 Πάντες
211 862 378 923 άπολαόσατε
402 871 448 923 τοῦ
468 864 582 926 πλούτου
597 869 644 936 τῆς
657 889 725 946 χρη·
777 886 856 927 nemo
876 867 996 928 esuriens
1008 883 1096 928 exeat.
1116 867 1250 928 Fruimini
1268 890 1359 928 omnes
1372 869 1522 950 benignita-

53 967 87 1012 ος.
120 942 222 1015 Μηδείς
245 940 373 1021 θρηνείτω
394 942 503 1002 πενίαν·
526 944 607 1024 ίράνη
631 944 683 1026 γδιρ
706 950 723 1018 ἠ
777 945 813 1004 tis
822 946 937 1006 divitiis.
953 950 1038 1007 Nemo
1051 949 1142 1028 lugeat
1154 948 1191 1007 ob
1203 948 1406 1028 paupertatem
1440 963 1524 1010 instat

56 1022 191 1102 βασιλεία·
225 1023 317 1099 μηδείς
340 1021 473 1102 θδυρέσθω
494 1023 529 1082 τά
553 1024 723 1100 πταίσματα·
742 1029 761 1075 C
778 1024 974 1106 enimregnum
984 971 1523 1108 oommnne:nemolapsussuosdesseat;

53 1127 94 1180 ,μη
106 1101 158 1182 γάρ
174 1104 255 1161 δκτοῦ
266 1102 350 1181 τάφου
357 1101 481 1161 άνίτειλε·
495 1104 586 1181 μηδείς
595 1103 725 1184 ροόείσθω
777 1126 840 1164 nam
858 1126 893 1165 ex
908 1108 1032 1187 sepulcro
1050 1120 1108 1167 orta
1128 1121 1167 1166 est
1185 1106 1284 1166 venia:
1303 1107 1395 1166 nullus
1408 1121 1524 1168 mortem

53 1204 128 1240 υτον·
136 1181 300 1260 ἠλευθέρωσε
307 1181 507 1262 γδρὴμάςότοῢ
515 1185 640 1284 Σωτῆρος
647 1184 725 1245 θάνα-
777 1184 886 1262 timeat3
900 1184 1027 1245 liberavit
1046 1186 1148 1266 quippe
1165 1207 1213 1246 nos
1233 1207 1306 1244 mors
1322 1187 1523 1264 Servatori531

53 1261 122 1321 όεσεν
133 1261 209 1320 αὐτὸν
219 1263 264 1319 ὑπ’
275 1264 353 1319 αὐτοῦ
363 1260 551 1341 κατεχόμενος·
559 1267 669 1323 ἐκολασε
679 1266 723 1325 τὸν
778 1278 864 1324 morte
873 1278 965 1345 captus
976 1278 1089 1324 mortem
1100 1264 1249 1343 exstinxit3
1262 1266 1397 1325 infernum
1407 1267 1522 1344 castigass

53 1339 164 1400 ττελθὼν
176 1344 213 1407 είς
220 1340 264 1398 τὸν
274 1339 494 1422 ᾅδηνέπίκρανεν
506 1343 722 1422 αθτθνγευσάμε·
777 1343 832 1420 vit,
850 1343 898 1422 qui
912 1344 940 1403 in
954 1345 1087 1404 infernum
1098 1344 1236 1404 descendit
1243 1367 1251 1418 ;
1265 1365 1389 1404 omarum
1401 1344 1523 1405 reddidit

53 1443 62 1486 ς
77 1420 174 1500 σαρκὸς
187 1421 276 1478 αὐτοῦ.
296 1418 349 1478 Καί
369 1427 446 1480 τοῦτο
457 1420 599 1503 προλαόὼν
612 1421 725 1492 ’ίίσαίας
777 1441 839 1482 eum
845 1469 855 1497 ‚
872 1444 934 1482 cum
957 1434 1094 1503 gustasset
1103 1424 1138 1483 de
1151 1445 1230 1483 carue
1245 1423 1330 1504 ipsius
1341 1447 1347 1480 ι
1360 1423 1441 1503 idque
1454 1424 1522 1484 olim

53 1523 72 1557 ν·
92 1498 126 1558 Ὁ
141 1497 322 1579 ᾅδης,ρησίν,
332 1499 488 1580 ἐπικράνθη.
503 1499 728 1572 Συναντήσαςσοε
776 1501 1222 1585 clamansdixttlsaias:lnfernus
1229 1523 1349 1562 amarus
1353 1505 1455 1584 factrus
1463 1517 1517 1564 est.
1531 1502 1589 1546 1⁸⁰⁸·
1605 1513 1670 1562 ’9-9·

54 1578 200 1679 πικράνθη·
216 1579 261 1637 καί
278 1576 330 1658 γάρ
341 1579 489 1658 καθῃρέθη·
505 1580 664 1660 ἐπικράνθη·
678 1583 723 1642 καί
777 1581 846 1641 Cum
861 1582 912 1642 tibi
925 1584 1042 1642 occurrit
1053 1583 1123 1641 infra
1137 1583 1240 1663 posito,
1252 1604 1359 1641 amarus
1371 1584 1456 1642 sactus
1466 1597 1517 1661 σοι,

53 1663 174 1737 επαιχθη.
196 1657 299 1718 'Enati
312 1657 465 1735 σῶμα,καί
479 1661 542 1739 Θεῷ
554 1659 722 1741 περιέτυχεν·
775 1680 839 1719 nam
852 1662 974 1721 sublatus
988 1677 1051 1722 est:
1071 1683 1180 1720 amarus
1199 1664 1285 1721 factus
1304 1676 1330 1720 et
1350 1662 1446 1722 illusus
1469 1677 1517 1722 est.

53 1737 149 1810 ῆν,κοιί
159 1737 318 1809 συνήντησεν
325 1740 435 1818 οὐρανῷ·
444 1737 537 1797 ἔλαθεν
545 1738 610 1841 ὅπερ
618 1740 722 1817 tmere,
776 1739 880 1821 (orpus
902 1741 1020 1822 occepit,
1045 1755 1071 1801 et
1089 1744 1176 1801 Deum
1199 1740 1377 1821 apprehendit
1396 1763 1478 1802 :acce
1498 1742 1520 1802 it

53 1839 149 1876 ττωκεν
163 1817 219 1876 ὅθεν
233 1821 280 1877 οὐκ
294 1815 398 1877 ἔόλιπε.
419 1818 476 1878 Ποῦ
490 1841 554 1891 σου,
569 1824 678 1893 θανατε,
692 1822 722 1881 τὸ
776 1831 891 1892 terram,
906 1821 1042 1899 etcaelum
1055 1821 1158 1880 invenit
1172 1844 1179 1877 ι
1195 1821 1297 1901 accepit
1311 1820 1340 1879 id
1353 1821 1427 1899 quod
1442 1764 1519 1880 vide·

53 1903 143 1977 νμτοῦ
161 1919 226 1968 σου,
242 1896 310 1977 ᾅδη,
327 1895 358 1954 τὸ
371 1907 454 1967 νῖκος;
477 1897 584 1968 Ἀνίστη
599 1901 721 1978 Χριστὸς,
775 1897 837 1975 bat,
858 1913 884 1958 et
900 1900 996 1959 incidit
1010 1901 1038 1958 in
1052 1898 1081 1959 id
1098 1899 1170 1980 quod
1183 1921 1236 1959 non
1250 1901 1369 1960 videbat.
1388 1903 1446 1959 (sbi
1464 1913 1517 1976 est,
1532 1913 1552 1944 ¹·
1567 1900 1622 1945 Cvr-
1634 1902 1670 1948 ¹5·

69 1975 284 2049 καταόέόλησαι·
300 1978 396 2047 ἀνίστη
411 1976 533 2055 Χριστός,
553 1978 599 2036 καί
609 1979 720 2038 πεπτόι-
738 2004 758 2050 γ)
775 1998 860 2051 mors,
869 1981 1003 2038 stimulus
1015 1985 1102 2039 tuus?
1112 1980 1305 2071 ubi‚irtserne,
1315 1984 1444 2039 victoria
1451 1987 1518 2040 tua?
1529 1962 1558 2009 ⁵⁵
1564 1995 1569 2006 ·

53 2054 156 2132 ιίμονες·
177 2056 272 2129 ἀνέστη
297 2056 426 2140 Χριστὸς,
443 2056 489 2115 καί
510 2057 649 2137 χαίρουσιν
671 2060 719 2140 άγ-
774 2057 898 2120 Christus
916 2059 1044 2132 surrexit,
1065 2072 1092 2117 ct
1114 2074 1143 2118 tu
1161 2058 1304 2138 dejiceris:
1321 2059 1444 2118 Christus
1459 2082 1518 2119 sur-

71 2133 167 2206 άνέστη
203 2137 331 2215 Χριστός,
361 2136 407 2195 καί
435 2135 525 2214 νεκρὸς
557 2138 640 2204 οὐδείς
676 2140 720 2199 ἐπί
774 2138 864 2216 rexit,
879 2151 907 2198 et
925 2140 1068 2198 damone.
1076 2138 1146 2218 lapsi
1160 2153 1242 2197 sunt:
1262 2139 1380 2198 surrexit
1394 2138 1519 2198 Christus

53 2236 99 2280 τος.
120 2215 233 2296 Χριστὸς
246 2215 297 2294 γὰρ
309 2216 461 2296 ἐγερθείςέκ
474 2218 592 2296 νεκρῶν,
608 2218 719 2299 &nepti
774 2230 800 2274 et
820 2216 937 2295 garrdeut
956 2217 1045 2297 angeli
1066 2240 1073 2273 t
1096 2217 1214 2276 surrexit
1236 2218 1360 2277 Christus
1380 2232 1406 2278 et
1427 2217 1519 2277 nullut

53 2295 213 2396 wipandune
229 2295 343 2373 ἐγένετο·
358 2298 429 2375 αὐτῷ
447 2300 463 2366 ἡ
476 2295 537 2365 δόξα
550 2297 595 2356 καί
606 2298 637 2358 τὸ
650 2301 720 2378 κράὲ
774 2309 897 2357 mortuns
909 2311 998 2356 manet
1011 2297 1039 2355 in
1052 2297 1183 2377 sepulcro.
1205 2296 1329 2356 Christos
1342 2297 1415 2356 enim
1427 2317 1517 2356 mur·

58 2394 117 2440 τους
131 2377 228 2442 αἰῶνας
240 2379 294 2434 τῶν
310 2373 422 2436 αἰώνων.
443 2375 538 2451 Ἀμήν.
775 2396 839 2455 gens
862 2397 895 2436 ex
917 2376 1049 2453 mortuis,
1075 2375 1201 2457 primitia}
1221 2375 1414 2437 dormientium
1432 2375 1520 2436 sactus

775 2468 815 2514 est
829 2478 836 2513 ι
851 2455 902 2538 ipsi
914 2455 1000 2536 gloria
1009 2468 1036 2516 et
1047 2455 1191 2537 imperium
1203 2454 1234 2514 in
1242 2455 1339 2515 secula
1350 2454 1518 2516 saeculorum.

776 2539 871 2595 Amen.
935 2595 936 2599 ,

53 2739 1482 2771 W

212 2892 260 2958 Εἰς
270 2891 301 2951 τδ
312 2889 406 2972 πάσχα
418 2888 453 2950 α’.
726 2887 761 2989 Τ
1040 2892 1079 2948 In
1090 2889 1244 2949 Pareital.

53 3101 86 3157 χα
100 3075 148 3156 μὲν
157 3075 248 3157 γήϊνον
262 3075 428 3156 ἑορτάζουσιν
442 3075 584 3147 Ἰουδαῖοι,
597 3073 716 3157 τδοῦρά-
812 3073 916 3134 Pascha
935 3086 1073 3133 terrenum
1093 3071 1227 3134 celebrant
1246 3073 1345 3151 Judaei,
1367 3074 1416 3154 qui
1439 3075 1514 3134 caele·

53 3156 215 3233 ινησάμενοι·
241 3155 335 3236 πάσχα
358 3156 386 3214 δὲ
411 3156 528 3235 οὐράνιον
553 3156 717 3236 ἑορτάζοντες
770 3166 809 3213 ste
819 3153 922 3212 Pascha
937 3168 1069 3233 negarunt
1083 3177 1090 3210 z
1105 3174 1153 3213 nos
1163 3175 1228 3214 vcro
1239 3154 1286 3232 qui
1294 3155 1397 3214 caeleste
1411 3154 1515 3215 Pascha

55 3237 87 3297 τὸ
106 3236 194 3315 γήϊνον
209 3234 440 3315 θπερόεόήκαμεν.
463 3236 517 3295 Καί
537 3235 629 3312 τὸμὲν
650 3238 714 3314 παρ’
770 3232 949 3309 celebramus,
968 3247 1103 3292 terrenum
1126 3233 1357 3314 exsuperavimus.
1382 3233 1418 3293 Et
1440 3233 1514 3312 quod

64 3314 240 3389 ἐπιτελεσθὲν,
261 3314 392 3398 σωτηρίας
414 3312 588 3395 πρωτοτόκων
610 3318 663 3373 τῶν
688 3317 715 3373 ἰν
769 3312 813 3371 illi
826 3310 929 3370 Pascha
940 3311 1092 3392 perficiunt,
1104 3312 1198 3371 salutis
1210 3311 1513 3394 primogenitorum‚qni

53 3420 80 3463 ιις
100 3395 230 3473 σόμόολον
244 3387 286 3467 ἦν,
301 3396 344 3454 ὅτε
365 3401 421 3461 τοῖς
446 3394 599 3473 Αἰγυπτίοις
615 3416 716 3472 πρωτο·
769 3413 784 3450 a
807 3390 844 3448 ud
859 3389 968 3452 Judaeos
985 3404 1070 3466 erant,
1083 3391 1239 3472 symbolum
1253 3392 1317 3464 tuit,
1332 3392 1440 3472 quando
1450 3411 1513 3452 cunr

53 3473 253 3536 duricordiam
268 3474 302 3534 τδι
313 3471 456 3546 Ἰουδαίων,
468 3471 561 3550 αίματι
574 3478 619 3531 τοῦ
632 3472 716 3549 θύμα·
805 3468 962 3550 gyptiorum
987 3469 1175 3550 primogenitis
1196 3471 1354 3532 Judaeorum
1379 3471 1514 3553 primoge-

63 3556 157 3634 πάσχα
178 3555 344 3632 συμόολικιῒις
365 3551 527 3632 τηρηθέντα·
550 3550 581 3611 τὸ
600 3551 628 3609 δὲ
650 3552 715 3632 παρ’
744 3541 750 3554 ’
768 3549 825 3609 nita
839 3569 892 3608 non
905 3548 1055 3629 perierunt,
1069 3571 1129 3627 quac
1141 3571 1188 3631 per
1205 3551 1364 3630 sanguinem
1373 3551 1513 3689 paschalis

54 3623 215 3711 ιτελοόμενον
225 3633 328 3712 πάσχα,
336 3632 459 3691 ἁπάντων
468 3629 613 3710 ἀνθρώπων
623 3653 715 3703 σωτη-
767 3627 885 3688 victimae
905 3649 918 3686 s
967 3628 1055 3687 bolice
1074 3643 1180 3689 servata
1202 3644 1265 3689 sunt
1281 3654 1287 3687 ε
1304 3631 1371 3690 Pasc
1391 3653 1406 3689 a
1422 3652 1513 3693 veroa

53 3715 84 3774 :iv
103 3713 197 3784 αίτιον,
210 3713 353 3795 ἀρξάμενον
366 3710 420 3770 ἀπὸ
434 3717 480 3768 τοῦ
493 3709 713 3792 πρωτοπλάστου,
768 3708 846 3768 nobis
866 3706 922 3767 cele
941 3722 1031 3767 ratum
1051 3707 1145 3767 salutis
1165 3709 1351 3768 universorum
1370 3710 1512 3773 hominum

53 3794 123 3854 τασίν
140 3797 196 3853 ἐστι
215 3792 361 3870 σωζόμενος
379 3791 424 3850 καί
440 3789 654 3868 ζωογονούμενος.
669 3788 714 3849 'fd
768 3808 849 3847 causa
869 3800 919 3864 est,
940 3786 1130 3868 incipiendoa
1156 3789 1245 3867 primo
1265 3789 1387 3860 homine,
1409 3789 1456 3866 qui
1482 3789 1510 3848 in

65 3877 116 3933 τῶν
130 3872 236 3933 τελείων
250 3873 296 3930 καί
308 3871 342 3931 τδι
357 3871 521 3951 πρόσκαιρα,
533 3872 585 3928 τῶν
600 3867 713 3928 αἰωνίων
768 3867 894 3925 omnibus
907 3881 1030 3925 servatur
1039 3880 1065 3924 et
1071 3864 1236 3924 vivificatur.
1247 3868 1339 3926 Partes
1351 3881 1440 3937 autem
1451 3889 1509 3957 per-

52 3953 96 4012 καί
109 3951 196 4026 τόποι,
211 3953 405 4031 προεμελετᾶτο
415 3949 539 4031 πρθςτιίμ
548 3954 593 4005 νῦν
606 3947 713 4006 άνατεί-
731 3967 749 4014 Β
768 3945 942 4022 sectorum,et
953 3958 1121 4026 temporanea
1137 3943 1195 4016 illa,
1209 3959 1369 4005 aeternorum
1381 3946 1512 4027 imagines

53 4033 160 4105 λήθειον
176 4054 289 4112 σκιαγρα
310 4029 423 4108 οόριενα·
439 4027 563 4101 ἀληθείας
576 4025 604 4086 δὲ
614 4025 713 4106 παροό-
767 4039 794 4084 et
814 4024 891 4106 typi,
913 4023 991 4104 prins
1008 4024 1158 4104 excogitata
1184 4025 1303 4095 fucrant,
1319 4040 1350 4084 ut
1371 4027 1511 4087 veritatem

53 4112 130 4179 τόπος
143 4111 266 4192 άκαιρος·
281 4132 371 4188 ωσπερ
388 4107 517 4188 βασιλέως
534 4106 712 4184 ἐπιδημῆσαι·
767 4124 838 4163 nunc
851 4105 979 4162 orientem
990 4103 1201 4163 adumbrarem:
1216 4103 1329 4163 veritate
1343 4119 1511 4195 autemprae-

53 4192 108 4259 δεὶς
131 4192 207 4250 αὐτόν
230 4190 311 4256 ἐάσας
335 4189 379 4248 τὸν
405 4183 497 4257 ζῶντα
513 4186 640 4266 βασιλέα,
663 4184 711 4259 τὴν
766 4198 849 4256 acute,
863 4197 894 4264 ty
915 4204 947 4242 us
960 4183 1073 4264 tempori
1086 4182 1163 4242 cedat
1175 4196 1292 4264 ομοίως
1309 4199 1340 4243 ut
1352 4183 1511 4249 adveniente

53 4278 203 4351 προσκυνεῖν
217 4268 293 4338 ἀξιοῖ.
313 4269 389 4341 Δήλη
403 4266 431 4328 δὲ
447 4265 554 4326 αὐτόθεν
567 4271 584 4338 ἡ
602 4270 647 4325 τοῦ
668 4264 712 4326 τό·
765 4284 837 4343 rege,
852 4205 1033 4342 nuiinsprcge
1050 4263 1157 4322 vivente
1176 4262 1280 4338 relicto,
1294 4264 1352 4345 ojus
1365 4263 1509 4343 imaginem

53 4350 78 4412 ιδ
98 4352 147 4422 riv
164 4349 289 4421 ἀλήθειαν
311 4349 467 4413 ἐλάττωσις·
493 4346 557 4405 ὅπου
579 4370 609 4424 γε
630 4349 644 4404 ὁ
663 4343 710 4423 μὲν
765 4343 878 4402 adorare
895 4342 1113 4422 dignatur.Hiuc
1129 4364 1194 4402 nero
1212 4342 1304 4425 palam
1323 4356 1363 4403 est
1378 4358 1510 4421 quantum

53 4428 216 4510 λιγοχρόνιον
230 4428 300 4500 ζωὴν
315 4425 431 4508 ἑορτάζει
444 4424 492 4498 τὴν
506 4428 559 4486 τῶν
577 4424 709 4485 Ἰουδαίων
764 4436 848 4504 typus
863 4421 941 4481 cedat
954 4420 1073 4492 veritati,
1087 4423 1161 4500 quod
1179 4436 1263 4511 typus
1273 4424 1382 4482 brevem
1395 4423 1511 4485 celebret

53 4509 124 4582 ίκων,
134 4515 152 4581 ἡ
162 4508 189 4569 δὲ
196 4510 306 4582 ἀλήθεια
317 4507 365 4580 τὴν
376 4508 482 4579 διηνεκῆ
493 4503 561 4576 ζωὴν
573 4504 621 4575 τὴν
630 4504 711 4563 ἁπάν
765 4504 849 4561 vitam
873 4501 1052 4564 Juda'i‘corum
1074 4502 1325 4592 primogenitorum,
1341 4502 1441 4562 veritas
1461 4526 1510 4564 au·

53 4589 156 4671 ράιπων.
172 4591 212 4649 Οὐ
228 4589 278 4668 γάρ
293 4587 361 4667 μίγα
373 4587 403 4645 τὸ
415 4585 525 4644 θάνατον
539 4584 604 4682 πρὸς
623 4580 709 4684 βραχίι
764 4595 818 4641 tem
838 4596 995 4663 perpetuam
1010 4580 1150 4640 hominum
1166 4581 1287 4640 omnium
1306 4582 1401 4642 vitam.
1417 4585 1510 4662 Neque

53 4681 71 4728 ἰν
92 4673 131 4727 τῶ
155 4668 248 4750 μικρὸν
273 4666 380 4748 ὕστερον
397 4667 618 4746 ἀποθανουμενῳ·
642 4687 711 4743 μεγα
764 4663 835 4720 euim
847 4681 976 4741 magnum
989 4676 1029 4720 cst
1042 4674 1155 4720 mortem
1168 4660 1202 4720 ad
1215 4660 1298 4722 breve
1311 4676 1418 4744 tempus
1441 4665 1509 4723 effu·

53 4727 128 4809 θόλοίι
145 4748 255 4808 θάνατον
270 4750 427 4826 α’πσρυγεῖν·
444 4744 508 4823 ὅπερ
524 4749 588 4822 ἡμῖν
603 4743 709 4822 περιγί-
764 4761 826 4820 gere
839 4764 911 4818 cum,
924 4740 976 4821 qui.
990 4740 1070 4822 paulo
1088 4754 1150 4821 post
1158 4739 1305 4801 moriturus
1320 4756 1373 4817 est,
1391 4741 1438 4801 sed
1451 4763 1508 4801 ma·

53 4820 121 4896 ἷςτδ
141 4828 234 4908 πάσχα
248 4825 326 4896 ἐπόθη
348 4823 469 4904 Χριστός.
486 4824 539 4883 Καί
559 4821 624 4882 αὐτό
635 4846 665 4902 γε
679 4821 711 4882 τὸ
764 4843 847 4901 gnum
861 4819 954 4912 utique
968 4833 1007 4880 est
1020 4835 1134 4879 mortem
1157 4819 1266 4879 omnino
1285 4822 1417 4901 effuger05
1454 4820 1508 4882 nod
1613 4862 1615 4866 ν

53 4914 97 4980 τῆς
118 4906 202 4968 όνουια
220 4905 347 4977 πλείστην
371 4905 426 5001 ἔχει
447 4903 495 4976 τὴν
509 4901 651 4982 ὑπεροχὴν,
667 4900 710 4961 ἐπί
764 4901 841 4960 nobis
848 4898 1094 4979 contingitquibus
1104 4899 1206 4959 Pascha
1221 4900 1375 4960 immolatus
1384 4843 1507 4960 ardori·
1526 4904 1533 4913 “

53 4988 115 5053 ίείας
128 4965 344 5067 ἑρμηνευόμενον.
356 4983 382 5044 ‘l
391 4973 518 5065 πάρόασις
528 4983 575 5061 μὲν
589 4968 641 5062 γάρ
652 4983 709 5041 ἐστι
764 4994 830 5040 stus.
839 4982 933 5071 Ipsum
944 4979 1003 5039 festi
1017 5000 1113 5039 nomen
1124 5000 1249 5059 magnam
1258 4981 1365 5062 prefert
1374 4979 1507 5040 excellen-

53 5066 147 5142 ,ηνείον
158 5067 189 5125 τὸ
199 5066 308 5146 πάσχα,
323 5063 366 5124 dre
379 5062 494 5143 θπερέόη
505 5063 564 5132 τοὺς
574 5060 707 5141 Ἐόραίων
726 5061 745 5108 (ἶ
764 5060 838 5133 tiam,
847 5081 868 5119 si
881 5057 1030 5118 secundum
1040 5059 1076 5118 rei
1085 5059 1225 5118 veritatem
1235 5060 1395 5198 expllicetur.
1404 5059 1507 5119 Pascha

66 5145 102 5207 τίι
120 5134 277 5226 πρωτότοκα
298 5143 560 5224 παίωυόλοθρευτιίς.
577 5141 709 5222 Ὑπέρόα-
763 5141 835 5200 enim
854 5138 997 5219 transitum
1015 5138 1160 5219 significat,
1177 5139 1251 5217 quod
1296 5138 1444 5230 ebreorum
1457 5138 1508 5198 do-

53 5235 79 5289 νῦ
96 5229 250 5307 ὀλοθρευτοῦ
264 5227 328 5304 παρ’
340 5229 404 5302 ἡμῖν
419 5220 535 5295 ἀληθὴς,
548 5220 610 5284 όταν
622 5220 708 5282 καθά·
764 5240 821 5281 mos
834 5217 1019 5302 pertransierit
1037 5219 1228 5279 exterminator
1243 5218 1299 5296 ille,
1309 5238 1356 5298 qur
1371 5238 1507 5299 primoge-
