3750 5940
620 402 654 449 ΙΝ
680 401 809 450 Pascua
838 402 886 450 Ν.

117 754 164 820 Εἷς
178 751 225 825 τῆν
241 751 322 824 αὐτὴν
336 752 529 834 πραγματείαν.
544 752 576 813 δ’.

61 953 100 1016 γα
115 935 162 1014 μὲν
173 936 339 1018 ἑορτάζουσιν
349 939 486 1011 Ἰουδαῖοι,
499 940 546 1007 τῆς
561 935 588 1005 ΞΕ
600 935 734 1016 Αίγτίπτου

62 1040 92 1082 ας
104 1017 261 1094 ἀνάμνησιν,
272 1016 383 1076 θανάτου
394 1017 567 1099 πρωτοτόκων
585 1017 732 1097 ἀποφυγήν.

81 1096 124 1153 διὰ
143 1105 219 1156 τοῦτο
238 1098 426 1175 ὀνομάζονται,
440 1095 479 1154 ότι
497 1095 566 1155 ἔστιν
588 1095 733 1177 θπίρόασις

61 1198 87 1230 υ·
109 1181 186 1235 τοῦτο
207 1176 258 1276 γὰρ
284 1182 301 1248 ῆ
332 1177 398 1245 λέξις
423 1177 497 1247 δηλοῖ
521 1175 590 1235 κατὰ
611 1178 731 1253 γλῶτταν

61 1278 104 1312 ων.
125 1255 225 1335 Πάσχα
242 1255 269 1314 οὲ
289 1261 366 1333 ἡμεῖς
392 1256 558 1334 ἑορτάζομεν,
577 1257 606 1312 οῦ
621 1254 732 1334 μερικὴν

61 1331 98 1402 τῆν
114 1334 241 1407 θανάτου,
256 1337 375 1416 καθάπερ
394 1339 501 1409 ἐκεῖνοι,
521 1331 579 1392 οὐδὲ
603 1334 732 1414 προσκαί·

61 1411 141 1478 ιλείας
152 1413 330 1494 ἐλευθέρωσιν,
346 1414 414 1473 ἀλλὰ
429 1413 530 1472 τελείαν
546 1411 631 1490 μίνέκ
648 1413 732 1472 θανά-

61 1514 158 1568 ῑρωσιν,
172 1493 273 1551 τελείαν
287 1493 315 1553 δὲ
329 1499 358 1554 ἐκ
370 1498 417 1564 τῆς
427 1491 602 1553 τοῦδιαόόλου
615 1492 732 1562 δουλείας

61 1593 96 1627 ιν.
113 1569 147 1630 ‘0
162 1576 214 1631 τῶν
227 1575 401 1653 πρωτοτόκων
412 1574 521 1638 θάνατος
530 1570 640 1637 ἐκείνως
651 1575 731 1652 ὑπερ·

73 1650 103 1708 τὸ
113 1651 222 1710 τυπικθν
233 1651 365 1732 πρόόατον
377 1651 504 1719 θύσαντας
512 1697 519 1724 ,
527 1652 572 1709 καί
583 1654 621 1729 τῷ
635 1649 731 1728 αίματι

964 741 967 746 ’
1007 758 1046 814 ln
1055 756 1187 816 eamdem
1197 779 1268 818 rem.
1280 760 1332 820 ir.

829 935 932 995 Pascha
946 936 1057 1016 quidem
1065 938 1203 998 celebrant
1213 939 1312 1018 ludaei,
1328 939 1356 999 in
1372 962 1534 1004 commemo·

787 1015 919 1075 rationem
939 1017 1108 1078 liberationis
1128 1040 1163 1077 ex
1185 1018 1316 1100 AEgypto,
1336 1042 1390 1098 quo
1414 1035 1533 1104 tempore

788 1095 961 1174 primogeniti
977 1118 992 1154 a
1004 1111 1090 1157 morte
1104 1097 1188 1179 erepti
1199 1112 1271 1157 suut.
1288 1098 1353 1158 ldeo
1370 1101 1473 1160 Pascha
1486 1125 1532 1162 νο-

787 1189 874 1251 catur,
907 1175 952 1233 uia
965 1189 1005 1235 est
1023 1178 1150 1237 transitus
1167 1197 1248 1256 supra
1266 1192 1380 1237 mortem
1394 1178 1442 1238 :id
1459 1181 1531 1242 eniin

787 1275 844 1314 vox
855 1196 987 1313 lldhraica
999 1256 1141 1334 significat.
1153 1260 1208 1317 Nos
1218 1278 1284 1316 vero
1298 1258 1401 1317 Pascha
1414 1260 1531 1322 celebra·

787 1355 858 1411 mus,
878 1355 932 1393 non
951 1349 1057 1414 partein
1078 1336 1166 1395 solum
1186 1337 1331 1417 ereptionis
1348 1360 1364 1396 a
1383 1353 1479 1417 morte,
1499 1355 1532 1401 ut

786 1412 837 1486 illi,
853 1434 938 1491 neque
955 1435 972 1473 a
992 1429 1162 1494 temporanea
1179 1417 1310 1476 servitute
1328 1417 1514 1480 liberationem
1519 1444 1529 1500 ς

786 1492 833 1550 sod
857 1494 999 1573 perfectam
1019 1516 1035 1553 a
1053 1508 1139 1554 morte
1160 1495 1361 1571 redemtionem,
1372 1499 1531 1587 perfectam-

785 1592 864 1648 quea
877 1571 979 1632 diaboli
997 1574 1126 1634 servitute
1149 1574 1317 1634 solutionem.
1334 1577 1531 1656 Primogenito·

785 1671 847 1707 rum
872 1672 943 1710 mors
971 1652 1033 1711 illos
1058 1674 1228 1734 supergressa
1251 1668 1311 1746 est,
1338 1657 1385 1733 qui
1406 1657 1538 1737 typicum¹

60 1728 125 1794 ιτθις
137 1728 216 1810 θύρας
226 1732 385 1812 χρίσαντας·
399 1737 470 1811 ἡμᾶς
485 1731 512 1790 δὲ
526 1737 541 1790 θ
554 1734 583 1789 ἐκ
593 1735 638 1787 τοῦ
652 1754 728 1828 παρω-
749 1750 767 1796 E
785 1749 884 1808 agnum
905 1731 1125 1809 immolaverant,
1149 1748 1176 1792 et
1198 1753 1328 1812 sanguine
1346 1736 1435 1814 januae
1458 1737 1529 1798 loros

60 1830 106 1864 του
120 1809 228 1876 θάνατος
253 1812 416 1892 θπερόαίνει,
431 1818 573 1890 κατασχεῖν
591 1811 628 1884 μὴ
652 1809 728 1868 ουνά·
785 1823 918 1868 tinxerant
932 1834 939 1867 ι
953 1832 1001 1870 nos
1014 1833 1078 1874 vero
1088 1834 1186 1871 morsa
1199 1814 1364 1894 protoplasto
1376 1828 1453 1894 parta
1467 1837 1529 1895 per·

61 1885 108 1952 :ohe
122 1887 169 1958 rip
187 1889 277 1948 θυσίαν
293 1897 338 1949 τοῦ
355 1892 423 1950 θείου
444 1916 465 1949 π
497 1889 578 1947 όάτου
601 1887 730 1968 erupt-
784 1889 891 1965 transit,
907 1911 955 1950 nec
974 1905 1062 1971 potest
1082 1892 1283 1973 apprehendere
1302 1915 1356 1967 eos,
1371 1894 1418 1970 qui
1439 1893 1529 1954 divini

61 1966 86 2023 αὶ
100 1967 232 2044 τῆπίστει
243 1977 289 2027 τοῦ
300 1971 429 2050 σωτηρίου
444 1914 555 2047 alpinae<
568 1989 729 2047 περιπεφρα·
783 1968 847 2046 agni
858 1970 1020 2029 sacrificium
1040 1992 1101 2030 accc
1120 1986 1207 2048 erunt,
1222 1986 1248 2030 et
1260 1971 1315 2030 side
1324 1972 1449 2031 salutaris
1468 1995 1527 2033 san-

61 2068 74 2109 :.
86 2045 213 2114 Ἐκείνοις
223 2050 275 2108 ἀπὸ
285 2051 371 2127 γῆςτὸ
382 2048 526 2131 πρόόατον·
538 2053 602 2125 ἡμῖν
612 2046 639 2113 ἐξ
652 2050 728 2126 οὐρα·
784 2046 873 2125 guinis
884 2048 906 2106 si
927 2049 982 2108 nati
999 2064 1070 2109 sunt.
1083 1993 1142 2108 illis
1155 2072 1241 2130 agnus
1256 2072 1290 2110 ex
1305 2065 1375 2110 terra
1387 2051 1529 2114 desumtus

61 2122 94 2181 τά
107 2126 151 2183 τὸν
164 2124 285 2229 Ἀόραθμ
292 2128 372 2187 τύπον
381 2127 529 2207 γενόμενον,
539 2126 584 2186 ὅτε
594 2125 727 2205 πρόόατον
738 2167 775 2205 ,ω
784 2140 840 2184 erat
846 2150 854 2202 5
872 2070 950 2186 nohis
963 2128 998 2187 de
1017 2129 1094 2202 caelo,
1111 2129 1259 2190 secundum
1277 2131 1394 2190 Abrahae
1418 2146 1528 2212 typum,

61 2201 195 2280 όπεμπτον
209 2207 275 2286 υπὲρ
287 2215 332 2267 τοῦ
347 2213 403 2268 υἱοῦ
417 2215 593 2290 προσαγαγεῖν
608 2227 615 2241 ·
642 2211 686 2264 νῦν
700 2205 727 2265 δὲ
748 2224 767 2267 Α
783 2204 891 2298 quando
911 2206 1021 2267 arietem
1038 2208 1164 2267 hahuita
1179 2212 1236 2269 Deo
1250 2210 1371 2285 missum,
1382 2231 1463 2288 quom
1479 2233 1528 2291 pro

61 2286 106 2348 θῶς
118 2283 281 2361 θεόπεμπτον
293 2287 318 2355 ἐξ
326 2289 436 2368 οὐρανοῦ
450 2287 480 2346 τὸ
489 2285 630 2367 πράόατον,
641 2308 727 2366 προσ-
783 2284 841 2343 lilio
852 2286 973 2362 offerret,
988 2308 1058 2346 nunc
1075 2302 1166 2349 autem
1178 2310 1241 2348 vere
1257 2289 1291 2348 de
1302 2290 1367 2349 caelo
1378 2290 1476 2348 missus
1489 2305 1529 2351 est

61 2360 125 2440 ὑπὲρ
140 2367 229 2440 ἡμῶν,
246 2365 288 2423 ίνα
302 2367 398 2443 μηκέτι
420 2366 524 2445 θανάτῳ
537 2362 727 2442 κατεχώμεθα,
782 2383 876 2441 agnus,
925 2365 1059 2426 iohlatus
1081 2380 1120 2426 est
1138 2389 1187 2448 pro
1207 2368 1295 2443 nobis,
1310 2382 1341 2426 ut
1366 2389 1399 2426 iic
1416 2369 1527 2428 ultraa

68 2442 216 2521 ἀκράτητον
237 2446 290 2505 ὑπὸ
308 2447 419 2506 θανάτου
442 2444 565 2525 Χριστόν.
577 2442 727 2504 Ἀπέστειλε
782 2386 1055 2520 mortediiineamur,
1071 2461 1181 2528 propter
1193 2447 1341 2522 Christum,
1353 2447 1401 2525 qui
1415 2469 1430 2505 a
1442 2462 1528 2508 moine

61 2519 120 2590 γσὶν,
131 2524 145 2578 ό
155 2523 222 2589 Θεὸς
228 2524 272 2582 τὸν
286 2527 349 2584 Υίὸν
360 2528 475 2606 Σωτῆρα
486 2531 531 2582 τοῦ
543 2521 726 2599 κόσμουκαί,
781 2521 895 2582 detineri
916 2525 1017 2602 nequit.
1032 2525 1109 2584 Misit
1127 2525 1211 2604 enini,
1223 2527 1324 2605 inquit,
1336 2529 1410 2585 Deus
1424 2527 1524 2586 Filium
1540 2554 1559 2586 i.
1569 2542 1668 2604 leant.

61 2597 152 2671 ίόηκα,
165 2603 258 2681 φησίν,
274 2604 299 2671 ἐξ
313 2609 429 2685 οὐρανοῦ.
445 2604 498 2663 Καί
515 2610 643 2682 μαρτυρεῖ
665 2603 727 2684 περί
780 2603 952 2662 Servatorem
962 2603 1073 2679 mundi;
1087 2619 1114 2663 et
1126 2607 1273 2664 Descendi
1288 2607 1325 2664 de
1338 2607 1419 2664 coelo.
1432 2609 1527 2684 Deque
1539 2616 1575 2648 ¹⁰·

77 2680 237 2755 βαπτιστὴς,
248 2680 319 2757 Ἰθε,
333 2689 346 2742 ό
362 2686 442 2761 ἀμνὸς
462 2689 508 2741 τοῦ
529 2687 613 2754 Θεοῦ,
632 2680 725 2760 λέγων,

61 2779 63 2802 ι
76 2756 123 2828 τῆν
135 2761 267 2840 ἁμαρτίαν
283 2771 328 2820 τοῦ
338 2763 448 2840 κόσμου.
460 2762 527 2839 Ἁμα
563 2761 603 2819 ίαν
620 2760 671 2841 γὰρ
680 2764 726 2820 οῦκ

60 2836 191 2915 πρόόατον
202 2841 314 2919 ἄλογον·
334 2842 377 2900 διὰ
390 2851 466 2902 τοῦτο
484 2843 529 2901 οὐδ
561 2840 605 2899 τὸν
624 2844 654 2899 ἐκ
678 2843 726 2912 τῆς

61 2938 88 2995 ic,
98 2918 236 2995 γενόμενον
248 2920 371 2980 θάνατον·
385 2922 416 2981 τό
431 2920 459 2981 δὲ
474 2918 651 2998 λογικώτατον
661 2919 725 2998 πρό-

63 2997 176 3075 μαρτίαν
191 2998 280 3072 ε’λυσε,
295 3001 404 3060 θάνατον
417 3000 463 3076 σὺν
484 3004 549 3079 αὐτῆ
565 2997 723 3067 καταλύσας.

70 3074 97 3133 δὲ
107 3080 177 3152 ἡμᾶς
189 3079 277 3138 οὐκέκ
286 3085 333 3151 τῆς
344 3083 525 3159 Αἰγυπτιακῆς
544 3082 579 3146 είς
594 3077 642 3151 τὴν
656 3077 725 3137 Ἰου-

61 3153 113 3211 ίλλ’
127 3159 162 3222 είς
178 3159 284 3217 αἰωνίαν
300 3163 392 3229 κτῆσιν
408 3160 461 3218 ἀπὸ
474 3159 574 3236 κόσμου
586 3158 724 3239 φθειρομέ-

61 3232 159 3292 όόατόν
172 3239 241 3295 ἐστιν
254 3237 325 3315 ἅμα,
343 3238 388 3296 καί
399 3238 498 3317 ποιμὴν
516 3243 567 3296 τῶν
582 3237 723 3320 προῦάτων

61 3311 151 3388 ίμενος.
171 3312 339 3397 Ἐμπροσθεν
352 3317 418 3398 γὰρ,
439 3319 521 3397 φησί,
544 3317 721 3396 πορεύσομαι,

781 2679 840 2760 ipso
853 2681 1012 2741 testificatur
1027 2685 1148 2764 Baptista
1163 2709 1169 2741 :
1186 2689 1264 2744 Ecce
1280 2706 1374 2764 αςιιυε
1390 2688 1457 2758 Dei,
1475 2709 1514 2765 qu

782 2761 859 2818 tollit
870 2776 1024 2840 peccatum
1039 2766 1151 2821 mundi.
1167 2766 1312 2824 Peccatum
1326 2764 1398 2823 enim
1410 2786 1462 2823 non
1478 2787 1527 2824 au-

780 2838 861 2897 ferret
880 2840 1072 2899 irrationabilis
1094 2863 1189 2921 agnus,
1208 2841 1268 2902 ideo
1285 2864 1333 2902 nee
1355 2857 1468 2903 mortem
1492 2866 1527 2908 ex

779 2933 888 2998 peccato
906 2933 1028 3000 partam:
1041 2921 1295 2981 rationabilissimus
1314 2936 1405 2982 autem
1424 2943 1526 3003 agnus,

779 2998 867 3056 soluto
881 3014 997 3079 peccato,
1012 3015 1126 3059 mortem
1137 3023 1200 3060 cum
1209 3002 1257 3060 illo
1271 3001 1414 3061 destruxit.
1425 3003 1527 3064 Educit

778 3089 869 3135 autem
876 3098 934 3154 nos,
942 3100 994 3138 noii
1002 3101 1036 3138 ex
1043 3078 1207 3161 AEgyptiaca
1214 3082 1348 3163 captivate
1359 3082 1526 3160 inludaeam,

778 3155 824 3214 sed
841 3179 876 3216 ex
888 3158 990 3216 mundo
1008 3173 1134 3239 corrupto
1147 3160 1175 3219 in
1186 3174 1312 3220 aeternam
1322 3161 1524 3241 possessionem.

778 3234 827 3294 Est
836 3237 919 3296 simul
933 3257 1021 3316 agnus
1035 3252 1061 3296 et
1074 3240 1168 3297 Pastor
1180 3260 1244 3300 oves
1257 3240 1366 3299 ducens.
1379 3245 1448 3299 Ante
1464 3242 1525 3302 illas

777 3312 834 3391 ibo,
848 3316 946 3395 inquit,
961 3316 1062 3376 ducens
1078 3317 1150 3455 ipsas
1163 3319 1191 3377 iii
1202 3333 1330 3379 aeternam
1340 3319 1435 3378 vitam.
1447 3321 1525 3380 Prin·

70 3393 176 3451 αἰωνίαν
193 3397 264 3472 ἄγων
279 3396 347 3455 αὐτὰ
361 3397 439 3468 ζωήν.
454 3396 536 3477 Ἀργὴ
552 3401 641 3472 μηνῶν
654 3399 722 3456 ’loo-
742 3416 758 3462 Β
776 3392 879 3485 cipiuiii
897 3395 1030 3455 mensium
1050 3397 1085 3456 Ju
1107 3397 1154 3456 acis
1167 3411 1206 3457 est
1224 3399 1288 3479 agni
1308 3399 1488 3491 sacrificium,
1499 3413 1525 3459 et

61 3476 67 3542 'i
94 3478 139 3530 τοῦ
157 3475 290 3553 προόάτου
306 3475 398 3549 θυσία,
415 3476 460 3535 καὶ
474 3483 491 3548 ἡ
505 3464 613 3547 ίξοθοςῆ
630 3474 655 3543 ἐξ
671 3481 721 3536 Αί-

61 3554 136 3638 γἡμῖν
150 3551 177 3610 δὲ
193 3554 263 3633 ἀρχὴ
278 3558 346 3625 ζωῆς
359 3554 445 3615 τὸτοῦ
459 3554 556 3636 Κυρίου
567 3552 664 3626 πόθος,
675 3556 720 3615 καὶ

61 3635 150 3710 λριστῷ
170 3634 329 3709 μετάστασις
342 3634 394 3693 άπὸ
405 3633 515 3711 κόσμου.
527 3634 596 3693 Τότε
625 3632 659 3714 hp
671 3639 720 3703 ζῶ-

61 3732 66 3765 ε
86 3710 285 3788 ἀποθνήσκομεν
306 3712 416 3794 κόσμῳ·
439 3712 498 3771 τότε
519 3716 554 3780 είς
569 3659 639 3772 Orio
653 3717 720 3773 ἀνα-

61 3793 113 3860 θα,
126 3791 168 3848 ὅτε
177 3788 226 3861 τῆν
240 3792 284 3849 ἐπὶ
292 3795 341 3870 γῆς
352 3793 452 3870 γένεσιν
462 3790 669 3870 “ἀπογινόμεθα.
680 3795 720 3854 Τὸ

61 3892 77 3922 ιν
93 3868 245 3946 ἀμέριστον,
259 3871 303 3928 ἐπὶ
323 3880 386 3947 μιᾶς
401 3870 549 3996 ἐσθιόμενον
561 3872 645 3938 οἰκίας
650 3917 658 3944 ,
671 3878 719 3945 τῆς

61 3951 124 4017 ἰκῆς
134 3948 311 4020 Ἐκκλησίας,
327 3952 444 4028 ἀλλαχοῦ
458 3951 486 4010 δ.
501 3953 539 4008 οὐ·
565 3950 719 4029 εὑρισκόμε-

61 4049 112 4172 περ
136 4027 181 4084 καί
195 4036 250 4094 τοῖς
274 4037 436 4106 σωματικοῖς
456 3975 590 4096 Ἰουδαίοις
603 4030 719 4108 προστέ-

110 4129 122 4162 ε

61 4103 95 4174 ῆέ
124 4115 223 4184 νεγκεῖν
236 4112 289 4166 τῶν
303 4115 348 4166 τοῦ
362 4106 495 4188 προόάτου
506 4112 589 4189 κρεῶν
604 4109 656 4167 ἀπὸ
670 4113 717 4181 τῆς

61 4184 196 4260 Ῑρόόατσν,
208 4186 251 4245 tit
265 4186 313 4258 τῆν
331 4187 480 4260 ἠπιότητα,
495 4187 626 4269 Χριστὸς,
648 4188 717 4248 κατθι

61 4264 167 4341 ιψοῦσαν
188 4265 261 4337 hibe,
289 4264 391 4345 ἔριφος,
412 4265 535 4344 ὁμοίωμα
558 4269 636 4325 αθτοῦ
657 4267 718 4327 τότε

61 4340 145 4421 'Aproi
158 4343 256 4420 ἅζυμος
269 4335 300 4416 ῆν
312 4354 366 4412 τοῖς
383 4347 477 4426 πάσχα
495 4344 638 4420 ἐσθίουσιν,
651 4351 716 4425 ἡμῖν

63 4422 175 4501 Χριστὸν
192 4423 315 4481 κοινωνία
336 4423 404 4501 μετὰ
416 4429 508 4496 καινῆς
530 4425 575 4483 καί
590 4424 648 4493 νίας
671 4425 716 4485 καί

61 4500 124 4572 ἄτης
140 4502 268 4569 διανοίας·
286 4501 360 4561 ὥσπε
390 4504 422 4562 πθ
442 4503 540 4581 άζυμον
562 4504 651 4564 καινόν
666 4503 716 4585 φό-

61 4580 80 4637 ιί
108 4581 217 4639 ἁπλοῦν.
235 4584 269 4640 Αἱ
292 4527 410 4660 πικρίδες
432 4587 459 4642 αἱ
484 4581 552 4659 μετὰ
572 4583 602 4642 τό
621 4585 716 4665 πάσχα

62 4681 102 4731 αι,
122 4660 181 4718 τότε
200 4659 299 4739 θλίψεις
315 4661 423 4733 ἐδήλουν
442 4662 490 4728 τάς
509 4661 656 4741 ἡμετέρας,
680 4663 716 4721 δι’

775 3492 890 3551 egressio
906 3495 941 3533 ex
955 3475 1075 3566 AEgypto
1088 3500 1095 3532 :
1107 3477 1186 3536 nobis
1202 3498 1267 3537 vero
1279 3478 1365 3559 princi
1387 3479 1445 3537 ium
1460 3493 1525 3538 vitae

776 3565 816 3610 est
834 3553 945 3613 Domini
964 3576 1061 3634 passio,
1077 3569 1104 3615 et
1124 3557 1264 3617 translatio
1284 3578 1346 3616 cum
1361 3501 1469 3617 dhristo
1489 3580 1525 3619 ex

774 3630 826 3690 hoc
836 3633 937 3692 mundo
949 3657 955 3690 τ
967 3647 1032 3692 tunc
1042 3635 1319 3712 enimviviiiius,cuui
1330 3637 1431 3695 mundo
1441 3638 1525 3697 mori·

775 3730 854 3788 mur,
867 3726 932 3771 tunc
951 3735 1138 3793 regeneramur
1156 3716 1183 3774 iii
1203 3719 1301 3791 Deum,
1314 3738 1376 3774 cum
1390 3731 1523 3776 terrenam

775 3792 973 3868 generationem
986 3791 1022 3851 'de
1059 3793 1159 3851 nimus.
1174 3796 1268 3872 Agnus
1284 3794 1459 3854 indivisibilis
1474 3810 1524 3872 est,

774 3871 820 3946 qui
836 3871 864 3929 in
880 3891 931 3928 una
946 3892 1006 3929 com
1042 3872 1097 3929 itur
1113 3872 1196 3930 domo
1214 3872 1365 3953 spiritualis
1381 3872 1519 3934 Ecclesia.

774 3948 849 4007 Alibi
871 3970 934 4008 vero
958 3969 1010 4007 non
1031 3950 1181 4029 reperitur:
1194 3949 1421 4029 quemadmodum
1434 3966 1459 4011 et
1473 3955 1521 4013 lu-

773 4026 842 4086 daeis
852 4028 986 4107 corporeis
1016 4028 1166 4087 rohibitum
1176 4044 1242 4103 erat,
1254 4044 1285 4088 ut
1296 4051 1388 4089 carnes
1400 4031 1464 4111 agni
1475 4053 1523 4092 ex-

774 4119 821 4165 tra'
830 4106 943 4165 domum
966 4049 1099 4166 ellierrent.
1115 4112 1208 4187 Agnus
1229 4109 1264 4167 ob
1290 4110 1523 4170 mansuetudinem

773 4186 907 4245 Christus.
931 4185 1088 4247 Secundum
1108 4201 1198 4247 autem
1224 4188 1347 4246 altiorem
1368 4190 1451 4264 viam,
1465 4190 1522 4249 hoe

773 4263 825 4325 dus
844 4264 871 4325 in
885 4265 1082 4325 simlitudinem
1101 4265 1160 4357 ejus
1176 4281 1238 4326 tunc
1252 4266 1451 4327 immolabatur.
1467 4271 1522 4327 Pa-

773 4344 815 4404 nis
825 4365 938 4426 azymus
949 4359 1004 4404 erat
1017 4345 1062 4421 iis,
1078 4367 1127 4424 qui
1139 4345 1242 4405 Pascha
1255 4346 1429 4406 comedebant
1446 4372 1453 4404 ι
1470 4369 1519 4406 no·

771 4423 899 4484 hisvero
922 4424 1076 4483 communio
1100 4446 1162 4484 eum
1180 4426 1299 4499 Christo,
1315 4448 1377 4485 curii
1401 4448 1469 4486 nova
1494 4441 1523 4489 et

772 4503 973 4583 simplicissima
986 4517 1089 4580 mente3
1102 4505 1173 4563 sicut
1185 4525 1312 4586 azymum
1325 4520 1364 4566 est
1374 4527 1443 4566 nova
1458 4507 1521 4566 sim·

770 4583 887 4662 plexque
905 4604 1003 4642 massa.
1017 4583 1114 4642 Herbae
1127 4605 1224 4642 amarae
1236 4605 1295 4663 quae
1315 4606 1377 4644 cuni
1389 4587 1520 4646 Paschate

770 4661 989 4738 comedebantur,
1006 4676 1070 4721 tunc
1087 4663 1276 4722 tribulationes
1290 4679 1394 4724 nostras
1415 4666 1521 4745 signifi·

61 4744 171 4813 ανοῦμεν
183 4746 236 4805 τοῖς
256 4742 371 4819 Χριστοῦ
381 4741 532 4818 παθήμασι.
548 4742 647 4841 Πικρὸν
662 4740 715 4824 γὰρ
732 4754 750 4802 c
769 4740 873 4817 cabant,
886 4762 938 4832 per
950 4762 1017 4820 qiias
1034 4741 1137 4801 Christi
1156 4743 1295 4823 passiones
1316 4745 1520 4825 participamus.

557 4820 564 4842 l

66 4822 112 4886 ,εἰ
126 4817 172 4876 καί
187 4816 283 4896 γλυκὺς
298 4824 312 4878 ὁ
327 4817 352 4886 ἐξ
373 4823 453 4892 αὐτῆς
476 4843 585 4903 καρπος.
609 4825 713 4882 Οστοῦν
767 4821 868 4878 Amara
881 4841 954 4879 enim
976 4841 1019 4880 res
1036 4834 1076 4879 est
1096 4821 1248 4900 tribulatio,
1263 4823 1326 4881 licet
1347 4825 1451 4882 fructus
1471 4823 1519 4883 illa

61 4895 146 4973 ρίόετο
160 4901 205 4953 τοῦ
225 4898 376 4978 προόάτου,
391 4899 436 4957 καί
448 4905 524 4959 τοῦτο
537 4904 551 4958 θ
562 4900 641 4977 νόμος
653 4899 712 4959 ἐκί-

74 4974 188 5054 Χριστθν
202 4980 353 5055 προτυπῶν,
374 4981 410 5044 ὡς
428 4979 459 5038 τθ
479 4978 630 5058 εὐαγγέλιον
651 4977 711 5052 ilu-

62 5176 141 5228 ndum
151 5190 223 5244 putat
234 5180 341 5233 Suillius
353 5191 537 5250 ἀπογιννοίμιθα.

764 4913 858 5036 partus
878 4898 914 4959 sit
933 4898 1035 4960 suavis.
1053 4901 1127 4958 Osa
1167 4901 1177 4958 i
1201 4923 1254 4961 non
1277 4902 1476 4980 conterebatur,
1490 4917 1517 4961 et

784 4999 816 5038 oc
839 4978 885 5039 lex
905 4977 1132 5061 proripiebant]
1153 4980 1250 5040 risioni
1272 4981 1462 5062 praefigurans,
1487 4994 1518 5039 ut

1521 2665 1677 2726 .]οανι.6.4α.

1515 2710 1595 2773 libid.
1609 2742 1628 2774 i.
1638 2741 1678 2787 ²9·
