3750 5940
168 392 240 467 566
518 416 549 466 s.
576 415 715 467 ιοιιιιαιε
741 413 925 465 crrursosr.
954 418 1111 467 aucumr.
1139 412 1409 469 cousruurtsor.

169 539 685 623 mimnonaegmhrmnoninjuriam
696 539 914 622 reciperesllou
930 544 949 594 B
966 565 1017 616 σιν,
1041 542 1138 613 ἐκεῖνός
1158 547 1228 607 ἔστιν
1247 540 1485 611 ὁκατασκσιάζαν
1504 540 1552 611 τός

168 636 242 697 enim
257 636 293 696 ab
302 634 486 710 intercutibus,
497 635 544 696 sed
558 634 760 718 aperientibus,
773 631 915 695 baecmala
966 633 1069 697 δάκνειν
1082 639 1176 697 ποιῶν.
1190 633 1237 697 Ἂν
1252 635 1306 718 γάρ
1319 633 1358 714 μὴ
1376 633 1514 716 ἀλγόσγις,
1532 636 1559 695 ul

169 727 263 807 gravia
278 728 357 788 liunt.
371 726 447 800 Quid
461 726 556 788 doles?
570 728 601 789 si
614 727 714 809 injuste
723 724 774 787 tibi
785 725 915 808 injuriam
964 727 1005 787 Οὐ
1018 726 1071 811 γὰρ
1089 726 1164 811 παρά
1183 728 1245 801 τοὺς
1256 732 1413 803 ιιοιῶντας,
1429 726 1501 788 illd
1517 750 1559 807 un

168 819 270 897 intulit,
282 838 336 880 nou
350 818 497 899 indignari,
510 818 558 880 sed
571 818 652 879 illurn
664 817 788 879 mismari
807 831 914 901 oporte-
964 842 1077 900 σγαντας
1088 818 1190 900 γίνεται
1210 820 1242 883 τὸ
1257 819 1293 880 τά
1312 818 1387 881 δεινά
1407 818 1532 901 πάσχειν.
1549 821 1559 880 l

168 923 209 971 ret
222 933 230 968 ι
244 909 268 970 si
278 911 352 992 jure,
366 908 454 970 multo
473 909 560 992 magis
578 908 781 990 quiescendum.
809 912 913 985 Quem·
964 912 1067 990 άλγεῐςς
1089 912 1125 972 El
1143 909 1191 991 μὲν
1208 910 1308 981 ἀδίκως
1321 910 1559 994 &germundo-gp

167 1002 396 1063 admodumenim
412 1003 510 1082 siquis
523 1016 550 1063 te
563 1019 711 1085 pauperem
731 1001 846 1063 divitem
864 1024 914 1085 ap·
964 1011 1070 1064 νακτιῑν
1084 1004 1199 1086 ὠχρὴ,
1217 1007 1276 1066 ἀλλ’
1295 1009 1395 1067 ἐκεῖνον
1414 1007 1509 1066 Dauo·
1529 1007 1553 1064 rl

167 1095 290 1176 pelleret,
304 1093 374 1155 nibil
390 1092 425 1155 ad
438 1108 465 1155 te
477 1093 571 1154 laudes
584 1094 649 1164 illc,
664 1091 710 1153 ssd
724 1091 755 1153 id
767 1094 860 1176 potius
872 1093 912 1153 ri·
965 1097 1056 1176 πολλῷ
1070 1099 1170 1175 μᾶλλον
1184 1096 1327 1180 ἡσυχάζειν
1336 1097 1402 1181 χρή.
1412 1094 1559 1177 Ὥσπιργδ

168 1209 230 1247 sum
242 1200 352 1269 putares
366 1209 374 1243 ι
389 1186 426 1247 ita
440 1186 463 1247 si
475 1187 508 1264 is,
525 1187 572 1267 qui
592 1185 766 1264 conviciatur,
779 1186 848 1246 salsa
868 1184 912 1246 di·
965 1186 1029 1247 όντα
1040 1187 1165 1250 πλοόσιον
1181 1189 1311 1274 πρασιῑιτό
1323 1214 1378 1266 τις,
1391 1188 1465 1251 eills
1480 1188 1559 1270 πρδςι

168 1279 248 1356 xerit,
262 1278 332 1339 nibil
346 1278 421 1340 idad
434 1293 471 1340 te.
483 1277 564 1354 Quod
578 1278 602 1339 si
613 1292 639 1339 te
651 1277 814 1339 conscientia
823 1300 913 1360 repm-
966 1278 1052 1359 μόνων
1063 1284 1077 1339 ὁ
1088 1280 1209 1358 ἔπαινος,
1221 1282 1289 1343 ἀλλὰ
1298 1281 1433 1365 χλινασίοι
1445 1283 1559 1361 μᾶλλον

168 1371 277 1449 λιοιιᾶαί,
291 1393 326 1433 ue
340 1386 367 1433 te
380 1374 462 1436 verba
476 1373 646 1451 conturbent,
661 1370 747 1433 sodre
760 1372 818 1454 ipsa
827 1373 911 1434 vitam
921 1370 1048 1453 medere<
1061 1372 1092 1432 dr
1106 1373 1220 1457 ὑόρόζων
1233 1374 1269 1436 sd
1283 1374 1322 1455 μὴ
1346 1374 1412 1435 ὄντα
1429 1375 1509 1455 cing,
1527 1375 1559 1434 odi

170 1466 299 1546 corrigas.
312 1465 350 1528 Et
370 1467 428 1527 baec
441 1468 513 1527 circa
527 1487 605 1528 veras
620 1463 795 1526 contumelias
807 1465 912 1545 loquor.
931 1470 950 1514 Α
965 1464 1045 1524 πολιν
1053 1464 1084 1525 τὸ
1097 1465 1201 1534 όνιιδος.
1212 1467 1247 1527 El
1258 1465 1286 1529 dl
1296 1465 1509 1546 ἰαιλαμόάνιται
1521 1464 1559 1526 sl*

169 1560 240 1620 Nam
256 1559 280 1619 si
295 1573 480 1642 paupertatem
492 1573 541 1620 aut
552 1558 751 1640 ignobilitatem
765 1558 913 1640 exprobra·
965 1556 1120 1639 εἰρημένων,
1134 1557 1173 1637 μὴ
1184 1558 1303 1640 ἀλγόσῃς
1312 1568 1368 1629 τοῖς
1379 1558 1506 1641 ῥήμασιν,
1519 1558 1559 1619 bt

169 1653 253 1731 verit,
268 1652 326 1712 baee
334 1651 457 1712 irrideus.
470 1652 529 1713 Hoc
540 1652 641 1734 quiippe
652 1672 705 1711 non
715 1648 850 1711 audientis
866 1671 914 1731 op·
964 1659 1020 1719 τοῖς
1041 1650 1191 1734 πράγμασι
1216 1651 1271 1713 tut
1293 1659 1378 1715 ταῦτα
1400 1652 1471 1731 λόγω
1494 1650 1559 1713 ἐπὶ·

170 1745 311 1828 probrium
322 1759 372 1822 est,
390 1744 563 1806 seddioeutis
584 1744 632 1825 qui
656 1742 844 1827 philosophari
868 1764 915 1802 ne
966 1739 1076 1826 ὕόρεων.
1088 1744 1225 1820 Ἐπιλ,δν
1236 1745 1454 1825 πινόανόνιιδίζῃ
1466 1745 1559 1806 raldus

170 1837 245 1898 sciat.
259 1842 304 1916 m,
319 1837 435 1918 inquies,
447 1837 557 1919 quando
577 1836 636 1897 lraec
657 1857 749 1897 eoram
769 1835 863 1896 multis
876 1835 915 1895 rei
965 1835 1126 1916 ταγίλαστον
1136 1837 1227 1899 πάλιν.
1242 1841 1284 1899 Οὐ
1294 1838 1347 1921 γὰρ
1360 1838 1460 1906 όνειδος
1471 1843 1551 1899 ταῦτα

170 1931 311 1992 veritat.
322 1931 508 2013 ignorantibus
523 1930 663 2008 dicuntur,
683 1928 851 1990 intolerabile
872 1926 915 1988 ul·
967 1952 1024 2003 τος,
1039 1927 1107 1990 ἀλλὰ
1122 1936 1168 1990 τοῦ
1184 1929 1319 2013 λέγοντος,
1338 1930 1387 1991 dre
1401 1933 1450 1991 uix
1463 1929 1555 1999 εἰδότος

171 2047 219 2086 cus
228 2025 352 2086 eflicitur.
362 2028 422 2087 lmo
435 2039 500 2086 usuc
513 2025 633 2086 maxime
645 2023 915 2102 tolerabileest,cum
965 2022 1035 2082 Ἀλλ’
1053 2019 1117 2082 όταν
1139 2022 1183 2083 eet
1196 2026 1301 2084 πολλῶν
1315 2021 1559 2103 resumptam

115 2162 124 2176 .
170 2118 307 2179 theatrum
322 2119 397 2178 adest
410 2118 520 2179 tanum
529 2116 701 2177 laudantium
712 2128 740 2176 te
758 2128 840 2195 utque
852 2136 916 2196 pro-
966 2114 1063 2175 ου’ντων
1087 2113 1136 2189 vlu
1159 2115 1295 2191 ἀλήθειαν,
1317 2114 1451 2198 ἀφόρητον
1475 2115 1559 2196 γόνατα

171 2211 306 2288 bantium,
321 2212 401 2272 illum
413 2224 504 2271 autem
518 2208 770 2291 improbantinm'et
790 2207 916 2269 deriden-
966 2209 1053 2268 Τοῦτο
1074 2206 1122 2287 μὲν
1136 2208 1256 2288 μάλιστά
1273 2210 1331 2270 bru
1353 2207 1478 2292 φορητὸν,
1495 2207 1552 2268 όταν

171 2304 250 2364 tium.
261 2307 354 2384 Neque
366 2304 438 2364 enim
458 2301 744 2384 is‘quiseulciscitur,
758 2299 807 2360 sod
829 2300 853 2360 is
866 2300 916 2380 qui
965 2305 1039 2382 παρῇ
1065 2300 1204 2385 μαρτόρων
1229 2299 1415 2376 ἐπαιναόντων,
1439 2303 1559 2382 dentem

171 2395 242 2456 nibil
253 2396 328 2473 dicit,
340 2395 475 2456 mirabilis
486 2409 526 2455 est
538 2392 614 2477 apud
626 2414 670 2453 eos
688 2391 737 2473 qui
758 2405 846 2452 mente
863 2413 913 2452 va·
933 2401 951 2448 B
966 2392 1085 2454 πτόνιων
1102 2395 1211 2469 ἰκτῖνον,
1218 2392 1425 2473 κωμωδαόνιων.
1436 2397 1478 2455 Oi
1488 2393 1559 2475 gtpt

171 2489 240 2566 lent3
256 2488 280 2549 si
293 2510 359 2550 vero
379 2487 470 2547 nullus
490 2509 525 2548 ex
549 2484 736 2568 praesentibus'
754 2499 843 2545 mente
866 2506 914 2547 va·
967 2485 1027 2547 άλλ’
1039 2492 1054 2548 ό
1068 2484 1150 2566 μηδὲν
1164 2485 1257 2563 εἰπὼν,
1272 2477 1347 2556 οὗτος
1364 2488 1514 2567 θαυμαστὸς
1528 2512 1559 2548 ιιι

172 2584 226 2644 leat
263 2583 324 2643 ideo
335 2581 456 2643 maxime
478 2581 541 2641 illos
554 2579 652 2654 rideas,
671 2591 804 2640 eteorum
816 2578 915 2639 caelesti
967 2578 1082 2660 ἔχουσιν.
1103 2575 1150 2640 Ἂν
1169 2578 1199 2642 ll
1215 2579 1308 2660 μηδεὶς
1321 2571 1340 2662 ᾖ
1353 2587 1412 2641 νοῦν
1432 2580 1502 2662 ἔχων
1522 2584 1559 2640 τῦ

171 2676 276 2737 theatro
287 2674 415 2757 gaudeas.
430 2674 494 2735 Illic
506 2672 579 2736 euim
597 2685 624 2732 te
642 2692 735 2733 omnes
755 2670 915 2745 laudabunt,
965 2670 1050 2750 ταύτῃ
1067 2668 1184 2751 μάλιστα
1206 2672 1283 2732 αὐτόν
1306 2671 1499 2752 καταγίλασον,
1518 2672 1559 2733 καλ

172 2767 223 2829 tibi
232 2767 375 2851 plaudent,
386 2782 413 2829 te
425 2767 589 2850 probabunt
600 2767 681 2827 Unus
699 2778 790 2826 eutem
803 2765 916 2845 angelus
967 2767 1005 2847 τῷ
1016 2763 1117 2846 θεάτρῳ
1130 2769 1176 2826 τοῦ
1190 2768 1307 2847 οὐρανοῦ.
1322 2767 1399 2826 Ἐκεῖ
1412 2763 1466 2848 γάρ
1481 2789 1511 2826 σι
1523 2764 1559 2826 τά

170 2876 211 2924 est
220 2876 277 2924 toto
290 2862 350 2924 orbi
362 2860 578 2944 aequiparandus.
592 2856 701 2939 Ecquid
712 2858 749 2920 de
761 2858 865 2939 angelis
876 2857 916 2918 lo·
967 2880 1059 2917 σονται
1075 2855 1121 2916 καὶ
1136 2856 1294 2940 κρατήόονσι
1306 2856 1353 2917 καὶ
1367 2858 1550 2927 ἀποδεἜονται.

172 2976 250 3034 quor,
266 2953 376 3035 quando
393 2954 452 3036 ipse
475 2952 609 3014 Dominus
634 2964 661 3011 te
677 2950 839 3011 laudumnus
858 2951 916 3012 est?
967 2947 1078 3028 ἄγγελος
1101 2948 1159 3008 ἀντὶ
1183 2953 1231 3023 τῆς
1244 2940 1400 3030 sompes-n<
1418 2949 1559 3023 ἁπάσηςΙ

172 3046 252 3107 Hisce
263 3067 312 3108 nos
320 3043 531 3127 cogitationibus
541 3063 724 3104 exerceamus.
742 3042 836 3121 Neque
844 3042 917 3102 enim
967 3038 1028 3109 τοὺς
1042 3040 1181 3120 ἀγγέλους,
1193 3040 1273 3103 ὁπότε
1285 3040 1404 3110 adedere
1417 3045 1432 3101 ό
1443 3042 1559 3104 tessun

171 3139 301 3200 damnum
315 3153 354 3199 est
363 3138 400 3215 ei,
410 3137 457 3218 qui
464 3134 626 3197 contumelia
639 3133 769 3211 afficitur,
784 3134 807 3193 si
817 3146 917 3210 αιτιοι,
968 3133 1023 3207 ξει;
1038 3133 1148 3203 Τούτοις
1167 3142 1221 3203 τοῖς
1239 3137 1377 3216 λογισμοῖς
1391 3135 1559 3216 γυμνάζωμεν

173 3253 260 3309 secus,
275 3231 298 3291 si
314 3252 342 3291 se
356 3230 510 3290 ulciscatur.
522 3229 593 3287 Nam
606 3227 628 3287 si
644 3226 775 3286 damnum
789 3241 857 3286 esset
873 3225 918 3284 di·
968 3227 1020 3307 γάρ
1031 3228 1102 3287 ἐστιν
1112 3227 1254 3308 ἐλάττωμα
1265 3226 1421 3310 sepiarum
1430 3233 1551 3308 σιγῆσαι,

22 3347 107 3390 stant.
123 3343 148 3392 5.
173 3325 254 3385 cteria
267 3323 373 3383 silentio
393 3321 526 3402 excipere,
537 3340 590 3379 non
605 3318 719 3378 dixisset
733 3317 859 3378 Christus
871 3319 919 3379 :Si
945 3393 948 3400 ἱ
968 3318 1034 3390 τίον,
1052 3318 1207 3400 septetum
1224 3318 1383 3399 ἀμύνασθαι.
1396 3322 1432 3380 Εἰ
1464 3320 1497 3402 dp
1512 3321 1559 3381 ἐλά

21 3411 62 3467 39.
173 3421 239 3498 quis
251 3418 456 3496 repercusserit
467 3417 500 3471 ιἰι
506 3413 657 3471 dexteram
666 3410 834 3482 millam,
844 3431 919 3491 prae·
934 3411 952 3459 C
970 3413 1056 3496 φέρειν
1071 3417 1132 3493 σιγῇ
1143 3411 1177 3473 τδι
1184 3411 1325 3494 λεγόμενα,
1339 3415 1386 3472 οὐκ
1395 3411 1426 3471 ἂν
1437 3346 1509 3472 elren
1519 3418 1534 3474 ό
1545 3415 1559 3474 λ

174 3513 208 3569 be
218 3509 266 3567 itlt
276 3520 304 3566 et
318 3507 454 3566 alteram.
468 3506 499 3565 Si
513 3524 577 3584 ergo
590 3503 658 3563 salsa
672 3501 784 3577 dixerit,
809 3501 870 3562 ideo
884 3501 918 3560 il·
968 3505 1008 3573 τίς
1024 3530 1053 3566 σι
1068 3504 1167 3588 proleg
1189 3507 1224 3572 εἷς
1243 3504 1291 3578 τὴν
1303 3503 1389 3572 δεξιάν
1403 3503 1532 3584 σιαγόνα,
1552 3530 1559 3566 ι

172 3602 227 3661 lius
240 3600 425 3679 misereamur,
440 3597 505 3679 quia
518 3596 570 3658 sibi
589 3595 799 3658 conviciantium
813 3595 918 3678 suppli·
969 3600 1015 3659 καὶ
1028 3597 1076 3672 τὴν
1091 3599 1183 3670 ἄλλην.
1198 3594 1244 3658 Ἂν
1259 3597 1307 3677 μὲν
1321 3589 1365 3658 σόν
1377 3595 1463 3678 τδιξμὴ
1472 3599 1559 3659 όνταλ

173 3694 247 3755 cium
261 3693 383 3773 attrahit,
408 3712 458 3752 nec
481 3689 636 3772 Scripturas
647 3690 737 3770 legere
746 3688 846 3770 dignus
869 3703 917 3750 est.
970 3698 1045 3751 τοῦτο
1056 3689 1263 3769 αὐτὸνέλεῶμεν,
1272 3691 1314 3749 ὅτι
1323 3688 1371 3762 τλν
1382 3693 1435 3748 τῶν
1447 3687 1559 3770 ”terrm

23 3795 92 3840 Psat.
109 3790 149 3857 49·
174 3791 329 3850 Peccatori
342 3807 459 3867 namque
472 3787 548 3845 dixit
567 3787 659 3856 Deus,
671 3804 763 3865 quare
784 3796 816 3844 tu
834 3805 919 3845 enar-
969 3792 1070 3844 σπᾶται
1085 3781 1193 3843 κόλασιν
1209 3782 1255 3842 καὶ
1268 3781 1410 3863 τιμωρίαν,
1428 3783 1487 3844 οὐδὲ
1498 3786 1559 3866 Γρα

26 3859 62 3904 ¹⁶·
73 3871 87 3904 ²
89 3873 115 3905 ⁰⁸
174 3902 225 3942 ras
235 3883 368 3962 justitias
379 3899 459 3938 nueas
479 3900 533 3958 per
545 3898 577 3936 os
600 3881 704 3937 tuum?
725 3875 833 3937 Sedens
851 3896 919 3935 con·
970 3899 1041 3936 σκειν
1052 3873 1186 3955 γινόμενος
1197 3874 1324 3956 ἄξιοςΤῷ
1335 3874 1387 3956 γὰρ
1396 3876 1552 3959 ἁμαρτωλῷ

175 3989 223 4036 tra
227 3977 356 4057 fratrem
367 3987 448 4034 tuum
463 3973 638 4054 loquebaris.
665 3969 713 4031 Sin
728 3990 792 4031 vcra
806 3968 917 4048 dixerit,
970 3965 1196 4048 ἱνατίσῦἐκδιηγῇ
1205 3966 1239 4028 τά
1250 3965 1421 4046 δικαιώματά
1430 3992 1490 4046 μου,
1500 3966 1559 4028 ›tei‹

173 4068 301 4130 sicetism
311 4064 541 4128 commiseratione
549 4062 709 4144 dignuscst.
724 4064 795 4123 Nam
812 4063 918 4123 ctPha·
970 4061 1018 4132 τὴν
1043 4059 1172 4132 διαθήκην
1198 4084 1248 4139 μου
1277 4058 1321 4120 διδ
1345 4059 1479 4138 στόματός
1507 4084 1555 4122 σοι

174 4162 268 4223 risaeus
281 4182 345 4222 vera
362 4157 470 4218 dicebat
476 4181 486 4235 3
500 4155 549 4217 sed
563 4155 586 4216 is
595 4154 748 4215 audientem
764 4170 834 4215 certe
848 4156 917 4215 nihil
969 4151 1039 4213 κατδι
1061 4158 1106 4212 τοῦ
1129 4154 1241 4232 ἀδελφοῦ
1263 4175 1309 4212 σου
1335 4150 1500 4221 κατελάλαις.
1522 4148 1559 4212 ’λι

175 4255 255 4332 laesit,
269 4253 325 4313 imo
332 4251 407 4335 juvit
420 4249 513 4326 illum;
527 4269 629 4310 severo
647 4248 722 4307 mille
733 4249 853 4330 privavit
868 4250 917 4308 bo·
970 4244 1094 4325 etegent
1106 4242 1559 4328 οὕτωςέλεεινός.ἘτελκαὶόΦσρι

176 4351 228 4426 nis,
241 4363 265 4408 et
282 4370 317 4409 cx
332 4347 381 4408 tali
394 4343 566 4406 accusatione
577 4341 749 4423 naufragium
761 4365 857 4425 passus
869 4356 917 4404 est.
970 4339 1067 4420 ἔλεγεν·
1079 4335 1147 4396 ἀλλὰ
1155 4337 1200 4396 καλ
1210 4327 1282 4404 οὗτος
1290 4336 1334 4396 τὸν
1346 4333 1394 4415 μὲν
1406 4334 1559 4398 ἀκούονταέ

175 4437 269 4521 ltaque
279 4438 461 4518 illsuuinque
475 4436 631 4512 mulctatur,
650 4456 703 4494 non
716 4447 756 4495 tu.
783 4436 828 4494 Tu
851 4451 920 4496 certe
936 4442 955 4487 D
972 4431 1041 4493 ἀλλὰ
1054 4430 1099 4490 καλ
1111 4427 1559 4513 ὠφελησεν·ἑαυτὸνδὲοίπεστέρησι

176 4533 377 4613 sivigilaveris,
386 4530 530 4613 dupliciter
543 4527 669 4606 lucraris,
684 4541 711 4588 et
725 4527 800 4608 quod
813 4528 920 4589 silentio
973 4529 1035 4596 θῶν,
1050 4521 1173 4601 ναυάγιον
1189 4521 1241 4581 ἀπὸ
1255 4526 1303 4594 τῆς
1316 4520 1480 4603 κατηγορίας
1494 4527 1559 4602 irrep

176 4629 266 4687 Deum
278 4624 329 4684 tibi
342 4622 490 4704 propitium
500 4620 608 4700 reddas,
628 4634 654 4680 et
668 4619 743 4700 quod
758 4619 921 4681 moderatior
973 4612 1247 4696 'llsrsdppere‘pulsv
1258 4611 1356 4682 ἐκεῖνός
1367 4617 1439 4674 ἐστιν
1454 4615 1559 4676 tellure

175 4718 224 4792 sis,
237 4717 363 4798 quodque
373 4737 406 4774 ex
414 4714 495 4775 dictis
503 4714 668 4775 occasionem
680 4728 770 4795 captes
782 4712 819 4773 ad
831 4735 921 4773 emen·
975 4705 1014 4767 Σὺ
1026 4706 1064 4778 δὲ,
1076 4705 1106 4764 διν
1119 4703 1211 4786 ulons,
1223 4705 1304 4764 διπλᾶ
1315 4705 1461 4787 κερδανεῖς,
1469 4704 1501 4765 τό
1510 4704 1559 4766 τιό

175 4812 267 4874 danda
279 4824 353 4892 gesta
366 4824 422 4887 tua,
446 4809 519 4888 quod
544 4807 626 4868 etiam
644 4807 791 4867 humanam
807 4807 921 4888 gloriam
975 4799 1085 4878 Θεδντῇ
1098 4800 1173 4877 σιγῇ,
1183 4796 1264 4857 καὶτὸ
1274 4797 1425 4879 perpellunt
1434 4798 1559 4879 μειζόνως

176 4905 318 4989 despicias.
331 4903 441 4964 Etenim
455 4900 606 4961 bincnobis
617 4900 696 4961 dolor
706 4899 837 4978 exoritur,
847 4901 922 4981 quod
975 4899 1121 4980 λοιμόάνειν
1142 4903 1171 4960 ἐκ
1188 4903 1240 4959 τῶν
1255 4898 1402 4980 εῐρημένων
1418 4902 1559 4984 dioptris&

177 5008 257 5069 multi
267 5005 410 5068 bominum
422 5004 500 5063 bmae
515 5001 628 5062 inhient.
640 5001 686 5062 Sic
701 5001 724 5061 si
735 5001 921 5084 philosophari
977 4998 1076 5080 γμάνα,
1096 4997 1141 5059 καὶ
1154 4997 1185 5058 τὸ
1199 5002 1246 5071 τῆς
1267 4997 1344 5073 δόξης
1355 5004 1404 5073 τῆς
1426 4997 1559 5083 ἄνθρωπόν

176 5110 349 5184 voluerimus,
362 5105 447 5188 probe
461 5102 642 5183 intelligemus
654 5124 696 5162 res
710 5102 841 5163 humanas
853 5103 921 5163 niliil
979 5104 1032 5164 Καὶ
1045 5101 1096 5182 γὰρ
1112 5104 1228 5162 ἐντεῦθεν
1242 5105 1307 5180 ἡμῖν
1325 5100 1358 5162 rb
1371 5101 1452 5181 ἄλγος
1469 5102 1559 5183 ἱγένετι

211 5291 222 5313 ⁸
240 5271 309 5325 Editi
321 5272 449 5340 ἁνακηγὺξγ,
458 5305 465 5332 ,
475 5267 532 5319 ttu.
545 5268 677 5334 ἀνακηρύξει
690 5263 786 5318 metius.
1017 5268 1028 5304 ¹¹
1047 5265 1089 5316 sm
1098 5264 1153 5317 ilius
1165 5276 1238 5333 putot
1250 5261 1384 5332 legendum
1402 5269 1559 5341 κακηγογιῦιτι
