3750 5940
537 505 582 550 nu
608 502 843 568 murreum,
872 504 950 551 uro.
1456 485 1521 582 981

74 625 162 707 χαίρει
180 633 226 686 τοὺ
240 626 367 687 δεσπότου
383 627 457 707 παρά
479 626 585 686 πάντων
601 629 726 685 ίπαινου-
781 623 910 684 celebrari
925 624 1055 705 conspicit
1072 651 1078 683 :
1094 626 1268 704 quamobrem
1282 627 1328 686 ille
1344 649 1406 709 erga
1421 629 1526 690 domini

78 705 168 783 διόπερ
190 712 207 778 ἡ
236 705 298 786 περί
318 705 376 771 τοὺς
399 704 519 772 ἐπαίνους
539 712 585 765 τοῦ
600 704 727 765 δεσπότου
744 713 762 759 Β
780 702 874 763 laudes
887 704 1010 780 affectus,
1023 701 1175 765 domesticae
1187 705 1378 767 benevolentiae
1390 721 1431 767 est
1444 729 1525 788 argu-

64 783 90 841 ία
105 787 152 852 τῆς
163 786 293 856 οἰκετικῆς
303 783 404 851 εὑνοίας
416 783 546 852 ἀπόδειξιν
558 783 578 842 ἔ·
590 808 623 843 ει.
639 785 727 844 Καλὸν
781 786 948 843 mentum.0
998 804 1020 842 α
1033 796 1123 843 autem
1136 785 1255 865 pretium
1268 799 1307 845 est
1320 788 1416 845 anima
1430 809 1526 849 vascu-

61 862 88 920 τὸ
107 867 211 940 ἀγγεῖον
224 862 371 942 ἐκσμήχειν
384 867 432 934 τῆς
444 865 544 942 ψυχῆς,
563 808 607 922 iia
623 862 666 922 διά
681 866 729 933 τῆς
780 862 839 919 lum
858 881 938 921 emun
976 882 1023 938 re,
1052 875 1083 922 ut
1103 863 1200 923 morali
1220 864 1342 924 doctrina
1357 880 1525 957 purgatum,

65 942 235 1008 διδασκαλίας
247 941 442 1023 προκαθαρθίν,
456 942 573 1001 δεκτικὸν
586 948 632 1001 τοῦ
646 941 728 1020 μύρου
781 939 921 1020 theologia
936 953 1072 1021 unguento
1094 942 1248 1034 recipiendo
1271 965 1320 1025 par
1340 959 1384 1003 stt.
1399 948 1470 1004 Nam
1487 948 1526 1003 In
1534 962 1591 1022 Sap.
1605 970 1626 1007 t.
1636 956 1661 1019 4.

61 1018 150 1098 λογίοις
164 1020 324 1100 εὑρίσκηται.
342 1023 389 1086 Εἰς
403 1019 455 1100 γάρ
470 1019 617 1104 ἀκάθαρτον
631 1020 728 1100 ψυχὴν,
781 1022 964 1079 immundam
982 1024 1130 1094 animam,
1146 1023 1246 1100 inquit,
1259 1044 1318 1080 non
1333 1026 1468 1082 introibit
1481 1027 1525 1082 in-

61 1102 104 1156 ιύκ
118 1098 292 1158 εἰσελεύσεται
307 1099 423 1158 παιδεία.
440 1097 519 1159 Ἔστι
530 1098 557 1159 δὲ
568 1106 633 1172 ἡμῖν
644 1099 728 1178 ὑπερί
781 1101 903 1158 stitutio.
916 1098 965 1158 Est
974 1120 1055 1179 porro
1065 1099 1142 1159 nobis
1153 1101 1188 1160 dc
1198 1101 1308 1162 vivendi
1318 1103 1421 1160 ratione
1430 1122 1526 1176 sermo,

61 1202 91 1243 ας
104 1177 180 1256 λόγος
194 1180 295 1260 σφόδρα
309 1179 429 1257 δεόμενος
440 1180 563 1258 ἀκριὺοῦς
577 1158 726 1246 ίίετάσεως.
780 1177 827 1254 qui
844 1178 1044 1237 accuratissimo
1059 1193 1117 1258 eget
1130 1181 1261 1239 examine.
1274 1181 1305 1240 Si
1323 1181 1395 1239 enim
1411 1200 1457 1260 spe
1470 1201 1527 1260 μιν·

61 1256 95 1337 ἀρ
114 1256 222 1322 ἐλπίδας
241 1258 386 1316 Ιὑποτείνω
401 1257 554 1336 μετανοίας,
568 1257 672 1317 δέδοικα
689 1258 726 1335 μή
780 1255 899 1315 niteniiae
914 1258 1160 1337 procrastinemus,
1183 1260 1264 1318 timeo
1284 1281 1318 1317 ne
1338 1259 1400 1337 quis
1414 1258 1463 1318 tali
1479 1280 1527 1341 spe

61 1335 160 1401 ινωθεὶς
183 1336 270 1395 ἐλπίδι
285 1340 331 1407 τῆς
346 1337 491 1416 μελλούσης
507 1336 660 1414 μετανοίας,
676 1335 915 1409 κα·,,,ταιιιίεείοτ
935 1337 1039 1412 iactus,
1062 1337 1147 1396 vitam
1172 1339 1352 1417 negligentius
1374 1353 1525 1417 componat.

61 1415 146 1493 νμήση
158 1419 206 1485 τῆς
220 1415 367 1482 πολιτείας·
385 1416 469 1473 ἐάντε
484 1417 564 1474 πάλιν
575 1417 725 1475 ἀποκλείσω
744 1428 764 1472 a
780 1416 899 1474 Rursum
908 1414 932 1474 si
944 1415 1109 1496 poenitentiae
1120 1438 1197 1497 spem
1215 1419 1368 1491 occlusero,
1383 1438 1478 1476 vereor
1493 1438 1527 1477 ne

61 1516 72 1558 ς
96 1493 233 1567 μετανοίας
253 1495 369 1566 ἐλπίδας,
384 1494 489 1554 δίδοικα
502 1495 539 1571 μή
553 1518 593 1560 τις
604 1495 726 1575 ἀπαλγη-
779 1493 839 1570 quis
865 1494 987 1554 animum
1008 1494 1190 1574 despondens,
1208 1517 1305 1577 corpus
1328 1495 1526 1576 cupiditatibus

61 1574 129 1651 ραδῷ
147 1572 177 1630 τὸ
199 1576 277 1651 σῶμα
290 1582 349 1641 ταῖς
364 1573 524 1651 ἐπιθυμίαις.
541 1573 612 1634 'loos
625 1573 678 1655 γάρ
690 1577 726 1642 εἷς
778 1571 876 1631 tradat.
896 1572 1011 1632 Perinde
1034 1574 1106 1633 enim
1124 1573 1159 1633 ad
1174 1575 1341 1665 voluptatem
1361 1575 1446 1634 allicit
1466 1588 1525 1635 tum

61 1650 116 1717 είας
136 1652 287 1732 προτροπὴν
306 1651 351 1712 καί
365 1651 498 1735 ῥᾳθυμία,
515 1656 603 1733 ψυχῆς
621 1655 726 1723 ἡδοναῖς
778 1650 862 1709 animi
887 1651 993 1711 deliciis
1012 1652 1126 1712 emolliti
1147 1655 1290 1732 segnities,
1313 1669 1373 1713 tum
1393 1675 1453 1735 spes
1477 1654 1526 1712 ab·

61 1729 145 1804 ζείνης,
160 1730 205 1789 καί
220 1732 357 1808 μετανοίας
373 1732 529 1812 ἀπόγνωσις.
547 1731 647 1811 Διόπερ
658 1736 672 1790 ὑ
682 1732 726 1791 λύ-
774 1730 845 1807 jecta
860 1731 1023 1821 poenitentiae
1042 1732 1160 1812 agendae.
1184 1733 1355 1814 Quapropter
1377 1732 1525 1792 orationem

61 1819 84 1866 ῖν
103 1809 233 1890 διωρίσθω
254 1813 332 1891 διχῇ,
355 1836 375 1869 π
392 1811 419 1877 ός
432 1835 461 1869 τε
474 1810 533 1877 τοὺς
553 1811 726 1889 ὑγιαίνοντας,
778 1808 846 1868 duas
859 1831 888 1869 tn
902 1824 990 1891 partes
1003 1811 1173 1884 dividamus,
1192 1834 1308 1891 quarum
1327 1813 1412 1872 altera
1428 1832 1525 1887 sanos,

61 1912 81 1953 ις
92 1889 299 1967 ἀρρωστοῦντας.
325 1889 358 1949 Ὁ
375 1834 457 1949 δοκῶν
472 1889 589 1965 ἑστάναι,
607 1889 726 1969 βλεπέτω
779 1887 862 1947 altera
876 1888 998 1949 infirmos
1016 1903 1125 1971 spectet.
1150 1893 1208 1982 Qui
1225 1893 1345 1951 uidetur
1359 1905 1453 1963 stare,
1475 1895 1545 1950 aii-¹
1573 1898 1626 1945 Cor·
1637 1911 1673 1946 to·

61 1988 93 2045 η·
106 1972 120 2025 ὑ
134 1968 234 2046 φθάσας
248 1970 403 2039 όλισθῆσαι,
414 1968 570 2047 προλαὺίτω
580 1969 612 2028 τδ
627 1973 727 2046 πτῶμα
779 1968 847 2026 deat
871 1990 908 2028 nc
924 1972 1023 2029 cadat.
1039 1970 1095 2045 Qui
1109 1984 1190 2050 coepn
1201 1971 1256 2029 labi
1261 2015 1270 2045 ,
1286 1992 1378 2030 casum
1392 1970 1524 2050 poeniten·
1538 1972 1573 2006 ¹²·

61 2045 148 2124 ανοίορ·
171 2050 185 2105 ὑ
200 2046 246 2106 καί
260 2057 418 2107 καταπεσεῖν
433 2049 610 2115 κινδυνεύσας,
627 2047 665 2126 μὴ
681 2071 728 2107 κα·
779 2046 817 2104 tia
828 2061 953 2128 occupet,
965 2048 1051 2126 quiin
1063 2069 1139 2113 casus
1149 2049 1301 2130 periculum
1311 2050 1400 2127 venit,
1416 2070 1450 2108 ne
1461 2070 1525 2109 con-

61 2124 128 2194 ἤτω·
150 2128 173 2182 εί
187 2125 214 2184 δέ
231 2150 271 2192 τις
288 2127 333 2186 καί
346 2125 487 2209 προλαθὼν
501 2129 665 2208 κατερράγη,
679 2129 728 2195 τῆς
778 2124 914 2204 friugatur
925 2150 932 2183 ι
943 2129 965 2186 si
1015 2128 1038 2186 is
1048 2148 1115 2187 vero
1123 2129 1182 2209 jam
1193 2130 1343 2188 confractus
1357 2129 1407 2201 sit,
1421 2126 1456 2187 de
1467 2129 1525 2209 ejus

61 2209 187 2281 ιρθοῦντος
211 2203 270 2272 τοὺς
289 2205 514 2285 κατεῤῥαγμίνους
530 2204 727 2286 φιλανθρωπίας
779 2204 920 2264 clementia
929 2228 963 2266 ne
970 2150 1101 2287 ddspmet,
1109 2206 1158 2287 qui
1169 2208 1247 2287 erigit
1257 2208 1346 2266 elisos.
1360 2207 1433 2266 Fieri
1443 2208 1525 2267 etiam

61 2281 173 2362 υγνώτω.
197 2283 291 2344 Ἔστιν
315 2285 396 2344 ἐνίοτε
418 2287 576 2356 σαλευθῆναι
594 2284 667 2367 παρά
684 2308 728 2361 μι-
780 2297 867 2362 potest
885 2299 916 2344 ut
937 2307 1005 2367 pene
1029 2307 1187 2345 moveamur
1217 2310 1224 2343 ι
1252 2290 1314 2345 Mei
1332 2301 1432 2346 autem
1451 2309 1525 2367 pene
1535 2305 1675 2367 oratque.

62 2363 136 2437 Εμοὺ
155 2361 181 2420 δὲ
202 2362 276 2445 παρὰ
296 2364 389 2446 μικρὸν
407 2363 586 2437 ἐσαλεύθησαν
602 2369 626 2424 ol
640 2363 724 2432 πόδες.
780 2367 853 2421 moti
868 2378 937 2423 sunt
947 2368 1045 2445 pedes.
1061 2369 1149 2426 Potest
1163 2365 1243 2425 etiam
1257 2366 1292 2442 is,
1302 2367 1350 2445 qui
1367 2380 1457 2425 motus
1474 2379 1534 2441 est,-

61 2440 104 2498 καί
125 2443 282 2502 σαλευθέντα
302 2448 463 2523 βοηθηθῆναι
479 2444 552 2526 παρά
566 2451 612 2504 τοὺ
626 2444 727 2504 Δεσπό-
779 2461 795 2500 a
809 2442 927 2502 Domino
936 2444 1028 2525 jurari
1048 2468 1054 2500 :
1073 2446 1105 2505 Si
1121 2446 1253 2504 dicebam
1270 2469 1279 2501 .·
1296 2447 1396 2504 Motus
1416 2458 1460 2504 est
1474 2466 1525 2523 pes
1535 2470 1603 2518 pm,
1619 2472 1659 2536 0³·

61 2519 175 2597 ίέλεγον,
192 2521 348 2581 σεσάλευται
360 2528 374 2582 ὑ
387 2522 451 2591 πούς
464 2545 528 2599 μου,
541 2523 572 2583 rb
584 2522 654 2591 ίλεύς
668 2547 726 2597 σον,
744 2535 762 2582 B
780 2541 861 2581 meus
867 2546 880 2591 ,·
893 2524 1093 2583 misericordia
1107 2536 1160 2583 tua
1167 2570 1177 2597 ,
1201 2526 1343 2594 Domine,
1362 2525 1526 2605 adJ'uvabat
1538 2530 1575 2578 ¹8·

62 2599 164 2670 ἐύοήθει
176 2624 230 2676 μοι.
245 2600 325 2661 Ἔστι
343 2600 380 2680 μὴ
391 2604 551 2673 σαλευθῆναι
565 2602 659 2680 μόνον,
674 2603 727 2661 ἀλ·
780 2621 835 2659 me.
851 2600 958 2661 Accion
977 2603 1059 2663 ctiam
1076 2615 1108 2661 ut
1119 2603 1181 2682 quis
1199 2623 1252 2661 non
1266 2616 1408 2662 moveatur
1424 2602 1526 2678 modo,

65 2677 183 2749 ὠσθῆναι
197 2678 242 2737 καί
254 2681 726 2761 κινδυνεῦσαιπρίνἢκατενεγθῆναι·
780 2678 827 2737 sed
846 2679 927 2740 etiam
955 2682 1116 2763 μεθεῖνται
1135 2681 1164 2742 in
1187 2681 1331 2741 discrimen
1352 2681 1524 2752 adducatur,

61 2756 96 2814 ἰδὲ
111 2765 201 2816 τοῦτον
215 2771 319 2857 παρορᾷ
333 2759 434 2827 ὑΘεός.
460 2759 726 2843 Ὠαθεὶςάνετράπην
800 2759 939 2838 riusquam
958 2761 1100 2841 dejiciatur
1124 2784 1131 2817 :
1153 2775 1181 2820 at
1204 2781 1289 2838 neque
1311 2762 1384 2820 hunc
1410 2759 1526 2840 despicit

61 2842 118 2905 εῖν,
135 2837 179 2895 καί
196 2841 319 2917 ὑΚυριος
337 2839 494 2898 ἀντελάύετύ
508 2863 567 2917 μου.
583 2829 641 2919 Ἆρ’
657 2830 727 2899 ούνὺ
779 2779 863 2896 bens.
883 2842 1032 2919 impulsus
1051 2861 1166 2899 eversus
1183 2861 1248 2899 sum
1268 2852 1301 2899 ut
1323 2841 1477 2911 caderem,
1496 2853 1526 2898 et
1537 2846 1603 2892 Psat.
1623 2859 1676 2909 ¹¹7·

61 2915 176 2975 ἀπόλωλε
182 2918 480 2995 παντελῶςςΟὐδαμῶι.
491 2917 571 2977 Ἔστι
580 2919 625 2977 καὶ
634 2918 726 2978 τούτου
780 2918 926 2978 Dominus
938 2922 1063 3009 suscepit
1080 2938 1134 2978 me.
1144 2918 1251 2998 Ergone
1262 2918 1309 3009 qui
1322 2918 1428 2993 cecidit,
1439 2919 1526 2977 omni·
1539 2907 1574 2954 '³¹

61 2993 120 3053 ιθία.
137 2993 222 3053 Ὅταν
238 2995 318 3073 πίση,
329 2996 416 3076 φησίν,
429 2999 458 3056 οὑ
469 2997 725 3078 καταῤῥαχθήσεται.
780 3015 815 3053 no
834 2997 934 3076 periit?
948 3000 1119 3076 Neuttquam.
1135 2997 1183 3056 Est
1195 3011 1221 3057 et
1232 2998 1297 3056 burc
1306 3019 1353 3057 sua
1366 2997 1522 3057 consolatio.

61 3072 228 3146 ιίτιον;Ὅτι
241 3074 338 3153 Κύριος
354 3077 530 3159 ἀντιστηρίζει
544 3087 622 3177 γεῖρα
636 3079 724 3137 αὑτοῦ.
781 3075 855 3133 Cum
877 3079 1029 3150 ceciderit,
1058 3077 1163 3155 inquit,
1184 3098 1244 3135 non
1261 3077 1426 3136 collidetur.
1450 3075 1524 3148 Quid
1535 3085 1601 3131 Psat.
1620 3086 1659 3138 36.

62 3150 580 3238 ἀρκαὶήρέμαπεσεῖν,καίμὴσφοδροτε
611 3154 725 3229 νείςπλν
779 3152 842 3212 ita?
867 3157 944 3233 Quia
959 3158 1104 3214 Dominus
1128 3169 1216 3215 rrmat
1231 3177 1351 3215 manum
1365 3159 1436 3236 ejus.
1455 3157 1524 3214 Nam
1535 3150 1573 3205 ²4·

63 3223 335 3312 καταῤῥαγῆναι.ῗλρ’
347 3224 391 3292 οὖν
401 3239 425 3294 οἱ
434 3180 643 3315 καταρραγάνίες
653 3234 727 3294 ἀπόν-
779 3232 877 3293 accidit
889 3235 970 3294 etiam
990 3249 1020 3294 ut
1062 3235 1094 3293 iis
1116 3235 1304 3304 evitercadat,
1319 3240 1367 3294 tiec
1387 3234 1423 3294 ad
1445 3234 1523 3293 volu·

68 3309 179 3387 Ἰδωμεν
190 3312 236 3370 καὶ
250 3316 360 3372 ἐνταῦθα
372 3313 420 3383 τὴν
432 3322 478 3374 τοὺ
489 3314 623 3374 Δισπότου
635 3317 726 3393 φιλαν-
778 3325 880 3391 ptatem
891 3314 1001 3405 gravius
1016 3256 1153 3373 allidatur.
1174 3317 1246 3374 Num
1256 3334 1319 3393 ergo
1331 3314 1467 3394 perierunt
1477 3312 1524 3391 qui

61 3412 84 3447 ν.
109 3389 298 3471 Ὑποστηρίζει
314 3391 408 3471 Κύριος
422 3393 523 3459 πάντας
536 3394 594 3460 τοὺς
608 3392 726 3453 καταπί-
779 3392 1109 3454 suntalhsitvideamus
1123 3393 1204 3453 etiam
1220 3393 1266 3452 hic
1285 3394 1395 3452 Domini
1409 3392 1524 3452 clemen-

61 3490 85 3537 ς,
107 3468 152 3527 καί
174 3473 277 3550 ἀνορθοῖ
294 3472 396 3538 πάντας
414 3472 473 3541 τοὺς
487 3475 723 3552 κατεῤῥαγμὲνους.
780 3471 855 3530 tiam.
872 3473 1021 3554 suffulcit
1036 3474 1181 3533 Dominus
1195 3493 1294 3532 omnes
1307 3477 1359 3552 qui
1371 3484 1522 3546 corruunt,
1534 3486 1600 3532 Psat.
1624 3485 1677 3550 τίς.

61 3570 106 3624 μοι
118 3549 187 3606 δοκεῖ
201 3550 246 3607 καί
258 3550 426 3631 ἡψαλμῳδία
440 3553 527 3619 καλῶς
535 3552 726 3629 ἐνδιικνυμένη,
779 3563 808 3609 ct
819 3554 903 3632 erigit
911 3572 1011 3613 omnes
1024 3553 1119 3611 elisos.
1128 3552 1192 3610 llaec
1200 3552 1386 3611 demonstrans
1400 3551 1524 3611 Psalmus
1536 3553 1571 3609 ¹4·

61 3625 179 3706 τόγνωσιν
194 3632 265 3706 ἡμᾶς
280 3629 418 3707 μετανοίας
433 3630 583 3710 ούκῆγαγε.
606 3630 727 3709 Λίγουσα
743 3631 762 3680 C
780 3629 990 3710 haudquaquam
1011 3652 1059 3690 nos
1080 3630 1290 3713 inpoenitentia
1310 3629 1524 3711 desperationem

61 3705 81 3784 ρί
98 3713 143 3764 τοῦ
161 3709 246 3780 Θεοῦ,
264 3708 357 3789 ιρησίν·
378 3708 413 3769 ‘0
428 3711 497 3778 Θεὸς
511 3709 603 3789 κριτὴς
615 3710 724 3777 δίκαιος.
780 3710 843 3790 egit.
867 3709 913 3770 Sic
934 3710 1008 3769 enim
1027 3709 1061 3769 de
1084 3713 1142 3770 Deo
1164 3711 1285 3790 loquitur
1306 3733 1313 3766 ι
1334 3712 1414 3770 Deus
1430 3711 1523 3790 judex
1533 3715 1674 3774 Psoi-roa·

61 3787 223 3865 repperiam
245 3792 292 3859 τῆς
302 3787 408 3857 λέξεως·
424 3789 576 3862 δικαιοσύνη
590 3790 642 3872 γάρ
655 3793 726 3850 ἔστιν
775 3792 883 3871 justus.
897 3792 938 3850 Ne
949 3788 1096 3849 dictionem
1108 3791 1240 3872 spreveris
1250 3814 1257 3846 ι
1264 3789 1372 3870 justitia
1383 3789 1453 3847 enim
1467 3790 1524 3847 cui·

67 3865 127 3922 κατ’
142 3865 215 3933 ἀξίαν
230 3867 412 3944 διανεμητική.
439 3870 550 3948 Πρῶτον
565 3869 674 3929 άκουσον
686 3867 727 3928 ότι
781 3889 835 3946 que
847 3867 938 3927 reddit
947 3890 998 3949 pro
1012 3869 1124 3927 meritis.
1141 3869 1264 3927 Primum
1277 3867 1343 3926 audi
1354 3867 1426 3946 quod
1434 3868 1525 3946 justus

61 3944 125 4015 ,καί
139 3947 392 4024 προπαρασκευάζου
405 3946 470 4027 πρὸς
483 3948 643 4027 ἀπολογίαν,
658 3940 725 4019 εἶτα,
781 3949 831 4020 sit,
852 3961 930 4025 teque
948 3948 983 4005 ad
1001 3946 1181 4005 defensionem
1197 3968 1318 4037 praepara
1339 3969 1345 4002 :
1367 3959 1443 4020 tum,
1460 3946 1525 4022 quia

64 4022 208 4081 dirimeret
221 4025 350 4093 πολλάκις
364 4026 429 4105 πρὸς
443 4026 586 4086 ὑπόνοιαν·
602 4029 625 4085 εί
639 4026 725 4084 τοίνυν
781 4045 852 4105 saepe
869 4027 990 4084 animum
1006 4025 1079 4084 subit
1091 4025 1150 4084 haec
1165 4026 1279 4106 objectio
1294 4048 1301 4081 :
1316 4025 1346 4083 s'i
1360 4045 1424 4103 ergo
1433 4025 1525 4103 justus

81 4105 95 4159 ὑ
115 4103 199 4174 Θεὸς,
226 4110 283 4170 πῶς
302 4109 349 4164 οὐκ
366 4106 440 4174 εὑθὺς
460 4105 652 4165 ἀνταποδίδωσι
671 4112 726 4173 τοῖς
780 4106 926 4178 culleus,
948 4126 997 4163 eur
1010 4125 1063 4164 non
1076 4105 1167 4163 statim
1192 4104 1364 4186 peirantibus
1377 4124 1469 4185 poenas
1481 4124 1525 4163 re·

61 4179 169 4255 ίνουσιν,
180 4188 194 4240 ὑ
206 4184 277 4241 δεῖνα
289 4185 387 4255 ἄδικος,
400 4186 444 4244 καί
456 4187 614 4256 εὐθηνεῖται·
629 4186 725 4244 ὑδεῖνα
779 4184 894 4264 pendit?
905 4184 953 4242 ille
963 4184 1074 4262 iniquus
1084 4197 1124 4243 est
1131 4230 1139 4260 ,
1159 4197 1184 4242 et
1195 4204 1322 4265 prospere
1332 4183 1401 4262 agiu
1416 4182 1463 4241 ille
1480 4203 1524 4241 ra-

65 4260 111 4317 καὶ
125 4261 249 4320 πλουτεῖ·
263 4268 277 4322 ὑ
291 4265 362 4322 δεῖνα
375 4263 497 4342 ἀσελγὴς,
509 4263 554 4321 καί
566 4262 725 4322 δυναστεύει·
779 4277 843 4344 ptor
854 4262 1010 4340 etditeseit3
1023 4263 1070 4321 hic
1085 4263 1216 4338 lascivus,
1227 4277 1255 4323 et
1268 4263 1423 4321 dominatur
1435 4285 1441 4317 :
1453 4261 1524 4321 haec·

61 4343 110 4396 ῦτα
124 4340 288 4413 δικαιοσύνης
302 4345 388 4416 Ἐλεοῦς
403 4348 426 4402 εἰ
439 4344 545 4412 δίκαιος,
560 4346 617 4411 πῶς
631 4345 660 4403 οὐ
674 4367 725 4402 πα·
779 4342 839 4402 cine
850 4355 914 4402 suut
924 4343 1037 4423 justitiae
1051 4342 1126 4401 Dei?
1144 4343 1165 4401 si
1177 4344 1267 4422 justus
1281 4354 1335 4411 est,
1351 4363 1398 4400 cur
1411 4362 1524 4422 pecean-

61 4441 84 4474 ια
104 4426 157 4485 τοῖς
174 4421 368 4499 ἁμαρτάνουσιν
392 4423 486 4500 ἐπάγει
508 4420 557 4493 τὴν
577 4423 709 4503 τιμωρίαν
717 4442 739 4496 3·
779 4422 854 4482 tibus
872 4422 1002 4481 ultionem
1024 4443 1077 4481 non
1104 4421 1195 4481 statim
1218 4420 1361 4480 immittit?
1383 4442 1416 4479 an
1435 4422 1525 4501 justus

76 4495 175 4563 δίκαιος
187 4498 235 4576 μέν
248 4503 334 4574 ἐστιν,
356 4504 402 4560 οὐκ
416 4501 501 4582 ίσγύει
516 4502 544 4559 δὲ
557 4505 726 4582 παραχρῆμα
780 4522 843 4561 cum
859 4502 907 4578 sit,
921 4522 973 4560 non
990 4502 1062 4560 valet
1075 4501 1165 4560 statim
1177 4501 1350 4581 peccantibus
1366 4501 1525 4581 poenami1·-

63 4577 203 4655 αρτάναυσι
224 4577 272 4649 την
290 4581 418 4660 τιμωρίαν
439 4570 597 4652 ἀντιδοῦναις
623 4581 725 4641 Ἐνίοτε
766 4582 896 4661 ‘rogarei
915 4579 1021 4639 Accidit
1038 4580 1110 4645 enim
1127 4580 1289 4659 quandoque
1307 4593 1337 4638 ut
1353 4580 1454 4652 ludex,
1476 4581 1525 4658 qni

61 4654 269 4725 ιαστὴξδικαίως
282 4658 329 4735 μὲν
342 4660 449 4733 δικάζει,
464 4663 565 4718 ἀσθενεῖ
578 4660 605 4719 δὲ
619 4660 668 4732 τλν
684 4662 726 4719 oi-
777 4661 850 4751 juste
863 4658 984 4742 judicat,
1005 4680 1058 4719 uon
1081 4661 1165 4740 possit
1183 4659 1293 4738 exsequi
1312 4602 1458 4740 judicium.
1483 4663 1524 4718 An

61 4734 184 4815 ἀπόφασιν
209 4740 317 4816 ἀγαγεῖν
336 4741 371 4806 είς
391 4738 419 4817 ἔρ
437 4763 474 4799 ον.
489 4728 546 4797 ³d‘
569 4730 614 4797 ούν
634 4740 671 4818 μὴ
691 4738 726 4798 δι’
780 4740 918 4819 igiturex
940 4739 1125 4798 imbecillitate
1146 4738 1238 4799 differt
1260 4739 1446 4820 supplicium?
1471 4739 1525 4798 Mi·
1622 4776 1626 4781 -

61 4836 91 4871 αν
109 4819 125 4885 ἠ
140 4814 256 4886 ἀναύολὴ
271 4819 319 4886 τῆς
331 4763 474 4899 τιμωρίαςς
491 4764 538 4889 Mi
554 4818 665 4896 γίνοιτο.
689 4817 727 4878 Τί
743 4819 763 4867 l)
780 4821 853 4878 nime
863 4840 935 4880 vero.
946 4818 1021 4891 Quid
1031 4819 1319 4899 euimadjiciti’Deus
1335 4821 1419 4877 'udex
1425 4821 1525 4900 justus

61 4890 96 4958 ίῦε
112 4893 220 4971 inirem
240 4895 274 4954 Ὁ
290 4895 358 4962 Θεὸς
372 4921 389 4955 κ
407 4895 463 4968 ιτὴς
477 4896 576 4964 δίκαιος
589 4897 634 4958 καί
647 4903 726 4980 tepu-
780 4911 809 4958 ct
818 4901 915 4977 fortis.
930 4900 969 4958 Ut
976 4899 1067 4978 justus
1080 4899 1170 4975 itaque
1181 4897 1303 4976 novitqu
1352 4899 1455 4978 justum
1469 4910 1522 4971 est;

61 4972 137 5031 θκοὺν
150 4976 186 5040 ιὺς
200 4973 300 5041 δίκαιος
318 4975 366 5053 μίν
387 4921 441 5035 ilie
457 4975 488 5035 τί
507 4977 620 5052 δίκαιον,
641 4981 677 5045 ὡς
698 4978 727 5037 δὲ
780 4969 913 5057 ιιίίοτῑίε,
927 4991 1014 5059 potest
1030 4977 1060 5037 id
1071 4976 1146 5056 quod
1162 4978 1291 5058 cogitavit
1310 4977 1374 5036 ado
1396 4975 1524 5036 usdedu-

61 5050 194 5124 ,δύναται
208 5052 238 5111 τὸ
252 5056 343 5124 νοηθὲν
355 5057 463 5134 ἀγαγεῖν
475 5059 511 5124 είς
521 5054 606 5137 ἔργον.
630 5056 668 5117 Τί
680 5047 725 5116 νύν
779 5078 838 5119 cere
854 5082 862 5117 :
880 5079 930 5119 cur
951 5077 1016 5137 ergo
1035 5070 1205 5139 peccatorum
1227 5055 1348 5120 vindicta
1395 5054 1524 5117 'fferturi

61 5238 153 5294 nbeflr.
164 5247 323 5314 θποτιίνωμιν.
