3750 5940
234 413 301 512 170
332 451 336 460 '
573 439 601 487 S.
630 439 764 488 toartttts
790 439 972 487 cttntsosu.
1002 438 1157 504 attonitae.
1184 437 1453 489 consummor.

230 562 403 624 inveniemus.
425 560 489 622 ldeo
511 563 614 625 Paulus
634 584 686 623 non
705 545 773 623 iram
797 561 897 637 modo,
923 562 971 622 sed
1024 561 1103 644 τέρα,
1122 564 1167 622 καὶ
1186 561 1308 641 δαίμονος
1328 562 1496 643 ἐλεεινοτέρα.
1509 562 1588 623 ’Aba
1603 562 1684 642 δινμιΙ

78 671 161 729 aptas.
180 670 202 733 η,
228 653 309 714 otiam
322 654 466 715 clamorem
480 654 566 715 vitare
574 655 671 737 jubet:
688 657 790 715 Omnis
802 657 848 714 ira
863 667 892 715 et
906 655 969 715 ola·
1026 679 1074 733 μεν
1095 654 1132 734 μὴ
1148 655 1263 738 κρώζειν,
1279 653 1388 737 ἀρίστην
1403 654 1462 714 θδδν
1475 653 1629 736 φιλοσοφίας
1648 657 1684 738 εθγ

78 733 116 778 31.

229 770 293 807 mor
306 750 429 809 tollatur
444 771 465 809 a
478 752 573 809 vobis
590 749 812 830 Obtemperemus
827 767 891 828 ergo
907 747 973 807 bario
1027 746 1079 808 Διδ
1096 753 1172 808 τοῦτο
1191 749 1322 814 θΠαῦλος
1334 745 1401 826 unt
1421 750 1470 819 τῆς
1484 749 1564 829 ὀργῆς
1581 748 1629 807 και
1638 747 1684 821 τὴν

229 841 317 901 omnis
330 841 508 944 philosophiae
522 841 671 921 magistro.
685 854 711 900 et
731 862 794 900 cum
807 853 898 900 ooutra
919 860 986 900 ser·
1027 838 1076 920 γὴν
1094 844 1209 921 ἀναιρεῖν
1222 838 1330 921 γράφει,
1348 837 1447 919 λέγων·
1459 841 1540 900 Ιιᾶσα
1558 837 1642 951 ὀργὴ.
1643 839 1684 900 οισι

229 955 278 994 vos
290 947 395 993 uostms
414 931 568 1009 irascimur,
587 946 695 1015 peecata
708 945 799 991 nostra
816 929 974 1011 oogitemus,
1029 931 1135 1015 ἀρθήτω
1150 933 1194 1011 ἀφ
1214 935 1299 1009 ὑμῶν.
1319 932 1423 991 Οὐκοῦν
1436 929 1642 1010 πειθώμεθα·
1604 955 1645 1013 τιρ
1663 955 1684 992 τι

229 1039 255 1083 et
267 1009 360 1083 eoriim
375 1044 422 1083 nos
435 1022 765 1104 mansuetudinispudeat.
778 1022 847 1081 Cum
858 1020 930 1081 onim
943 1034 974 1080 tu
990 1038 1009 1085 tt
1027 1022 1150 1103 λοοοφιας
1160 1022 1327 1102 διδασκαῦῳ·
1349 1045 1383 1080 αα
1383 1020 1470 1081 ιθταν
1486 1019 1684 1102 δργιζώμεθασ

229 1115 354 1177 convitiis
367 1137 478 1192 oneras,
490 1115 537 1174 ille
549 1136 613 1176 vero
627 1114 708 1174 silens
721 1113 838 1174 convitia
857 1113 972 1188 tolerat,
1028 1114 1143 1188 οἰκέτας,
1157 1113 1191 1173 τδ
1202 1084 1383 1196 ἇμαρτώματα
1394 1112 1428 1174 ιδ
1441 1116 1540 1175 ἑαυτῶν
1550 1117 1682 1193 ἐννοῶμεν

229 1221 258 1266 ιιι
273 1222 299 1267 to
313 1207 428 1288 turpiter
441 1208 520 1286 geris,
535 1206 582 1266 illo
594 1206 815 1288 philosophatur:
808 1203 854 1265 ·id
865 1226 915 1286 pro
925 1202 974 1263 ad·
1028 1204 1169 1266 ἐπιείκειαν
1185 1201 1371 1284 αἰσχυνώμεθα
1394 1203 1442 1277 τὴν
1457 1204 1571 1266 ἐκείνων.
1589 1203 1678 1266 Οταν

228 1299 374 1359 monitione
387 1299 496 1358 habeas.
513 1298 573 1358 Etsi
587 1319 701 1378 namque
714 1318 816 1374 seruus,
838 1297 920 1356 homo
934 1309 975 1355 ta·
1026 1296 1062 1356 ῦ6
1064 1296 1150 1380 ρῖζης,
1165 1299 1260 1364 ἐκεῖνος
1273 1293 1300 1355 δι
1318 1299 1380 1375 σιγῇ
1402 1296 1468 1378 φέρη
1483 1296 1532 1370 τὴν
1545 1295 1635 1379 ῦάριν,
1653 1321 1684 1358 αι

230 1412 289 1451 mou
305 1404 355 1469 est,
369 1390 459 1450 anima
472 1390 603 1472 praeditus
621 1389 767 1449 immortali
770 1387 975 1467 ,iisdemquea
1029 1392 1196 1469 ἀσχημονῇς,
1210 1390 1306 1454 ἐκεῖνος
1324 1386 1352 1448 δὲ
1374 1391 1519 1468 φιλοσοφῇ,
1534 1396 1612 1449 τοῦτο
1640 1392 1684 1448 ἀνι

230 1483 364 1543 οσιιιιιιυιιί
385 1483 503 1543 Domino
517 1482 663 1543 honoratus
681 1481 767 1542 donis.
783 1482 903 1555 Quodsi
924 1504 1018 1581 par¹⁶³
1029 1478 1257 1560 δέχουνουθεοιας.
1268 1478 1365 1561 Ειγθρ
1378 1478 1424 1540 και
1437 1479 1631 1554 οιαὲπηςέστιν,
1639 1482 1684 1540 ἀλ]

230 1575 343 1636 nobis
336 1594 362 1639 ru
391 1576 539 1657 majoribus
564 1590 589 1635 et
612 1575 821 1657 spiritualibus,
847 1542 1005 1636 humanae¹⁶
990 1541 1018 1643 ηδ
1028 1567 1232 1652 ποςκαιισιχὴν
1218 1571 1313 1652 νέχων
1328 1569 1500 1646 ἀθάνατον,
1506 1571 1684 1640 καὶτοῖςοῦο

230 1669 370 1750 cujusdam
395 1681 421 1727 et
445 1669 510 1729 vilis
534 1668 719 1750 praerogativae
740 1668 828 1748 gratia
856 1667 974 1730 oouvitia
1027 1669 1170 1724 τοῦκσινω
1154 1663 1318 1724 Δεσπότοι
1332 1663 1452 1744 τιμηθεὶς
1474 1662 1576 1747 δώροις.
1595 1665 1672 1726 Ειδι

230 1775 319 1820 nostra
335 1761 370 1820 ita
387 1775 523 1820 mansuete
535 1761 622 1820 forat
638 1782 692 1840 qua
703 1781 793 1840 veura,
808 1773 834 1820 ot
851 1781 905 1841 qua
925 1759 974 1819 de·
1030 1754 1130 1834 μείζοσι
1142 1753 1188 1813 και
1208 1753 1441 1836 πνευματικωτὲρο
1443 1781 1464 1823 ιτ
1481 1755 1609 1835 ὁμότιμος
1622 1759 1684 1835 ἡμῖν

228 1852 347 1912 lensione
359 1851 437 1932 digni
449 1853 561 1930 erimus,
577 1871 624 1931 qur
617 1850 733 1914 'divino
751 1865 823 1911 motu
838 1871 892 1912 nou
912 1871 975 1931 pos-
1029 1847 1194 1962 ἀνθρωπίνην
1208 1846 1268 1908 τινδ
1288 1849 1378 1919 εὐτελῆ
1401 1846 1448 1906 και
1471 1846 1567 1929 μοιρδν
1587 1851 1684 1929 herpo]

229 1965 332 2018 sumus,
354 1942 409 2002 imo
425 1943 564 2017 uolumus,
579 1955 609 2001 ut
629 1943 677 2001 illa
690 1957 791 2020 nostro,
802 1941 976 2025 phdosopha
1029 1939 1121 2021 arpalo<
1135 1940 1208 2023 φέρει
1221 1940 1255 2001 τά
1267 1964 1323 2022 πα
1324 1941 1434 2020 ἠμῦν,
1448 1939 1518 2007 τινος
1533 1937 1564 1999 ἂν
1582 1939 1679 2020 εἴημεν

229 2033 269 2092 ri?
290 2034 381 2093 Haec
374 2048 464 2113 itaque
484 2034 575 2093 omnia
591 2033 732 2093 uobiscum
747 2047 921 2116 reputantes,
944 2054 975 2093 ac
1031 2059 1083 2113 μης
1099 2032 1198 2106 ἄξιοιῆ
1212 2033 1290 2101 ποίας
1304 2032 1448 2113 ἀπολογίας
1472 2037 1568 2111 ἡμεῖς,
1586 2038 1611 2093 οι
1630 2032 1679 2095 διδ

228 2139 336 2206 peccata
355 2138 444 2184 nostra
463 2139 618 2203 naturaque
632 2125 796 2184 consortium
818 2123 975 2205 eogitantes,
1029 2127 1100 2186 Θεοῦ
1114 2124 1194 2207 φθῦον
1212 2124 1250 2205 μὴ
1267 2125 1404 2206 δυνάμενοι
1426 2128 1594 2207 φιλοσοφεῖν,
1610 2129 1684 2205 μᾶλλ

229 2230 366 2275 mansueto
379 2215 480 2292 ubique
492 2215 566 2293 loqui
575 2214 738 2291 studeamus,
750 2229 780 2274 ut
789 2215 906 2275 humiles
917 2237 976 2276 cor·
1031 2213 1199 2294 βωλθμενοι,
1210 2212 1301 2295 ὥσπερ
1318 2217 1414 2281 ἐκεῖνος
1431 2212 1475 2273 διθι
1491 2214 1537 2274 τδν
1555 2214 1684 2296 ἡμέτερα

229 2306 264 2365 de
281 2306 380 2382 offecti,
393 2305 535 2365 animabus
549 2305 646 2365 nostris
668 2306 785 2384 requiem
805 2304 976 2367 inveniamus
1030 2298 1073 2368 σῦν
1088 2307 1193 2367 ἅπαντα
1214 2305 1392 2386 λογιζόμενοι,
1407 2303 1453 2364 καὶ
1472 2304 1507 2365 τά
1528 2301 1684 2385 opopa-ipa

230 2410 256 2456 et
272 2411 428 2478 praeseutom
449 2410 475 2457 et
495 2397 635 2475 futuram,
658 2417 742 2474 quam
759 2396 865 2457 utinam
884 2418 976 2458 omnes
1031 2403 1186 2472 ἐννοοῦντες,
1196 2398 1242 2458 και
1254 2399 1285 2458 τδ
1298 2397 1383 2458 αοινδν
1392 2402 1442 2471 τῆς
1452 2396 1619 2480 ἀνθρωπίνης
1631 2396 1684 2479 plo

230 2509 423 2570 assequamur,
439 2487 524 2569 gratia
538 2502 564 2547 et
582 2486 748 2568 benignitate
762 2486 873 2548 Domini
893 2489 976 2549 nostri
1030 2495 1146 2571 λετῶμεν
1161 2490 1249 2574 ἠρέμα
1269 2497 1407 2572 πανταχοῖ
1426 2489 1600 2570 φθέγγεσθαι,
1620 2487 1667 2551 ἵνα

231 2582 294 2639 Josu
308 2580 425 2658 Christi,
442 2581 553 2660 quicum
574 2580 649 2638 Patri
668 2580 755 2661 gloria
769 2601 874 2661 unaque
889 2581 976 2662 spiri·
1030 2582 1180 2666 τῇκαρδιφ
1203 2581 1354 2661 γενόμενοι,
1371 2589 1431 2648 ταῖς
1454 2583 1552 2662 ψυχαῖς
1565 2583 1684 2660 ἡμιῦνά

232 2671 270 2729 tui
286 2686 395 2747 saneto,
409 2694 481 2732 nunc
498 2686 524 2733 ot
539 2693 655 2754 semper,
669 2686 696 2732 et
709 2673 737 2733 in
751 2673 849 2734 saecula
864 2673 975 2734 saeculo·
1031 2674 1158 2790 εῦρωμεγ,
1172 2673 1220 2747 τήν
1234 2698 1264 2734 τι
1278 2672 1483 2755 παρσῦσαν,ιην
1496 2696 1527 2732 τι
1542 2672 1684 2752 μέλλουσαι

232 2782 301 2821 rum.
320 2766 412 2824 Amen.
1029 2791 1100 2828 νοιτο
1112 2766 1293 2844 πάνταςημθς
1307 2763 1499 2846 ἐπιτυχεῖν,
1462 2788 1517 2845 χσρ
1503 2788 1554 2845 ριτι
1564 2762 1612 2824 και
1621 2767 1684 2917 φιλοΙ

990 2869 1075 2921 Βτου
1057 2863 1148 2942 ”Κυρ
1149 2859 1188 2920 loo
1209 2862 1285 2939 ἡμῶν
1301 2857 1389 2930 Ἰησοῦ
1403 2857 1537 2938 Χριστοῦ,
1541 2847 1653 2962 μιθόῦ
1665 2880 1684 2917 τ

1030 2951 1091 3020 δόξα
1105 2950 1162 3030 ἅμα
1187 2953 1225 3031 τῷ
1252 2947 1320 3031 ἁγίῳ
1334 2947 1492 3026 Πνεῦματι,
1507 2937 1555 3008 νῦν
1577 2970 1623 3008 και
1612 2947 1681 3009 ἀεὶ

1029 3041 1088 3110 τοῦς
1102 3044 1198 3110 αἰῶνας
1214 3044 1266 3100 τῶν
1286 3039 1398 3100 αἰώνων.
1411 3038 1504 3118 Ἀμήν.

268 3199 359 3250 ⁰Unu⁸
370 3209 472 3266 κραυγὴν
484 3205 566 3253 ἀνεῖλε.
582 3206 712 3265 perdonata
725 3207 795 3252 τοίνυν
806 3212 838 3267 τῷ
847 3198 962 3250 omissis
957 3216 994 3250 ιιι
1078 3197 1242 3251 dblorelxa'
1238 3210 1301 3256 ιτοι·
1312 3215 1345 3250 πα
1331 3204 1386 3263 α-ρά

236 3279 370 3344 terpositis.

412 3604 416 3610 ’
459 3607 759 3671 H0nt1t1axxv11.
821 3669 827 3680 ,
1313 3614 1449 3673 ottlnla
1475 3612 1525 3682 κζ’.

236 3770 285 3826 ιθ.
307 3768 338 3827 Si
357 3779 472 3826 terrena
490 3770 553 3825 dixi
574 3771 675 3840 vobis,
695 3782 723 3828 et
750 3790 810 3828 non
841 3771 978 3842 creditis,
1032 3770 1067 3828 Et
1079 3768 1112 3828 τθ
1127 3768 1229 3849 ἐπίγεια
1241 3759 1313 3828 εἶπον
1325 3773 1397 3847 ῦμῑν,
1410 3767 1455 3828 και
1469 3772 1499 3829 σθ
1513 3767 1684 3840 atmodum

275 3862 430 3941 quomodo,
439 3865 465 3919 si
474 3862 576 3918 dieero
590 3863 675 3919 vobis
687 3862 826 3935 caelestia,
835 3863 982 3922 credetis?
1074 3860 1139 3920 εἴπω
1154 3864 1216 3939 ὑμῖν
1232 3860 1266 3920 τι
1281 3860 1439 3943 ιπουράνια,
1449 3859 1617 3933 πιστεύοιτε,
1632 3859 1684 3919 Old

277 3954 325 4010 15.
342 3954 435 4011 Nemo
457 3953 589 4011 ascendit
608 3955 641 4008 in
658 3953 779 4023 caetum,
799 3956 856 4012 nisi
875 3957 927 4034 qui
946 3954 982 4012 de
1074 3950 1184 4024 ὅίῦηκεν
1205 3953 1241 4018 εις
1261 3951 1305 4011 τὸν
1319 3950 1437 4030 σῦρανδν,
1456 3952 1479 4010 ει
1499 3950 1536 4030 μὴ
1550 3955 1565 4010 δ
1580 3953 1610 4010 ιιι
1628 3953 1677 4010 τοῦ

275 4046 347 4105 caeto
365 4046 530 4115 descendit,
546 4044 643 4102 Filius
655 4045 797 4115 hominis,
818 4048 869 4125 qui
888 4058 931 4104 est
950 4048 982 4103 in
1073 4041 1205 4116 καταδδς,
1220 4043 1310 4110 titt<
1326 4048 1372 4102 τοῦ
1389 4040 1541 4125 ἀνθρώπω,
1562 4046 1577 4102 θ
1596 4041 1634 4101 ὢν
1658 4044 1684 4103 ιν

276 4138 357 4197 coele.
1076 4138 1155 4216 ρανῷ.

279 4299 307 4354 l.
331 4295 412 4368 Quod
433 4316 502 4375 saepe
515 4294 593 4370 dixi,
612 4293 665 4354 boc
683 4308 709 4353 et
729 4314 801 4353 nuno
812 4292 921 4370 dicam,
936 4308 1017 4355 neec
1073 4293 1111 4354 ⁸0
1124 4294 1251 4362 πολλάκις
1263 4286 1344 4365 εἶπον,
1359 4299 1435 4353 τοῦτο
1447 4293 1494 4353 και
1506 4296 1550 4353 νῦν
1562 4294 1631 4373 ιρῶ,
1645 4290 1684 4353 ια’

238 4388 320 4445 linem
340 4384 448 4445 dicendi
462 4387 569 4446 faciam.
581 4384 657 4459 Quid
673 4386 725 4444 boc
739 4386 797 4444 est?
809 4386 983 4466 Loquuturus
1034 4408 1115 4463 σομαι
1124 4383 1218 4464 λέγων.
1228 4384 1265 4445 Tt
1273 4383 1301 4444 δὲ
1310 4385 1386 4446 τοῦτό
1395 4389 1482 4458 ἔστιν,
1492 4384 1558 4443 Ὅτι
1569 4381 1676 4463 μέλλων

237 4482 314 4540 lesus
327 4477 362 4536 de
374 4478 546 4554 sublimrbus,
554 4478 710 4537 auditorum
722 4498 792 4558 saepe
803 4477 983 4537 imbecillitati
1034 4478 1140 4557 ιψηλιῦν
1159 4477 1288 4536 ἅπτεσθαι
1303 4478 1453 4556 δογμάτων,
1472 4477 1516 4536 διδ
1527 4475 1576 4550 τὴν
1589 4480 1645 4536 τῶν
1656 4478 1684 4536 ἀ

237 4593 294 4632 seso
316 4582 487 4650 attemperat,
514 4591 599 4648 neque
619 4569 805 4649 magnitudine
826 4591 874 4630 sua
893 4569 984 4649 dignis
1035 4569 1169 4629 ἀσθένειαν
1184 4568 1275 4627 ιαυτδν
1296 4569 1404 4649 κατέχει
1415 4569 1557 4642 πολλάκις,
1578 4566 1626 4626 και
1644 4570 1675 4628 σθ

237 4665 322 4723 utitur
345 4661 453 4740 verbis,
474 4662 521 4721 sed
542 4662 754 4722 demissioribus.
773 4664 844 4722 Nam
866 4663 984 4724 sublime
1033 4669 1087 4727 τοῖς
1102 4658 1181 4729 ἀξίοις
1191 4664 1240 4732 τῆς
1251 4659 1437 4740 μεγαλωσύνης
1449 4662 1529 4719 αὐτοῦ
1537 4658 1628 4739 λόγοις
1643 4659 1684 4719 ινδ

236 4775 418 4836 magnumque
432 4752 536 4812 dictum
548 4755 629 4812 semel
640 4754 785 4834 prolatum,
799 4755 876 4813 illam
895 4768 983 4834 posset
1034 4752 1102 4812 ἀλλὰ
1122 4754 1221 4830 μᾶλλον
1237 4761 1290 4820 τοῖς
1305 4751 1504 4832 συγκατάὸασιν
1518 4751 1619 4831 ἔχωσι.
1641 4752 1684 4811 Τδ

234 4850 395 4930 dignitatem
408 4845 553 4922 declarare,
565 4860 696 4925 quantum
710 4846 811 4905 scilicet
821 4844 917 4906 audire
935 4867 983 4906 nos
1033 4843 1131 4925 ὑψηλὸν
1145 4844 1191 4903 καὶ
1205 4843 1288 4924 μέγα,
1302 4842 1348 4903 και
1358 4843 1429 4911 ἅπαξ
1441 4840 1544 4924 λεχθιν,
1559 4841 1652 4903 ικσνδν
1666 4867 1684 4903 τι

234 4958 396 5023 possumus:
413 4936 560 4997 humiliora
572 4957 645 5012 vero,
660 4956 719 5014 quae
735 4935 890 5001 auditorum
905 4957 981 4995 men-
1033 4959 1079 4995 ααι
1091 4933 1139 5006 vlu
1152 4934 1227 5004 ἀξίαν
1243 4933 1354 5008 ἐκείνην,
1373 4934 1504 4994 ’καθόσον
1520 4938 1585 5012 ἡμῖν
1607 4937 1684 4994 οόιυῦι

265 5121 275 5144 ι
287 5100 375 5153 Morel.
388 5108 469 5166 καθώς,
482 5097 559 5151 Savil.
572 5107 674 5153 καθόσον.
689 5096 757 5149 Ibid.
770 5097 856 5151 llorel.
870 5106 909 5152 και
920 5107 993 5153 &nad-
1040 5091 1177 5148 auditorem
1189 5096 1226 5147 ad
1235 5097 1291 5147 alta
1303 5098 1412 5164 erigunt,
1424 5112 1455 5146 ac
1466 5096 1488 5146 ai
1499 5093 1601 5163 legerit,
1619 5100 1648 5150 αὖ
1660 5119 1684 5150 τι

230 5206 289 5250 μονα
300 5195 349 5242 τῆς.
362 5180 441 5231 Paulo
452 5190 510 5245 post
521 5177 626 5244 quidam
643 5191 687 5232 τῶν
698 5184 849 5246 χαμαιζήλων
863 5187 990 5251 ἀκροατῶν.
1040 5200 1108 5245 γαγιν
1118 5185 1148 5237 tls
1155 5185 1185 5230 τοι
1194 5180 1268 5243 blial&
1277 5175 1287 5239 [
1297 5172 1375 5228 Sat'll.
1386 5185 1412 5226 el
1433 5170 1499 5226 Cod.
1512 5174 1596 5226 ιιοιῑῐὶ
1604 5180 1649 5230 οὖα
1659 5183 1684 5231 ἂι

229 5259 393 5310 Panaetium
408 5255 474 5308 huuc
487 5253 570 5307 locum
582 5257 617 5306 sic
629 5257 714 5316 vertit,
723 5254 864 5322 nonfltct'le
874 5253 991 5306 humilem
