3750 5940
51 811 110 881 νῶν,
124 806 276 880 >cotelerio
291 803 518 886 ἁγίανθεοτόκον.
589 799 626 902 ’β
637 801 750 861 Contra
772 803 922 863 hereticos
945 817 974 864 et
993 809 1026 900 ιίι
1047 818 1183 901 ranetam
1203 807 1375 887 Deiparam.

51 992 131 1074 βησία
142 996 188 1053 ποῶ
207 990 281 1071 δγίου
296 987 450 1066 Πνεόματος
460 988 578 1047 διασπῶν
675 983 703 1039 ί.
714 982 818 1041 Rursus
828 981 946 1063 Spiritui
954 997 1046 1046 saneto
1055 983 1142 1077 fidens
1146 1030 1156 1063 ‚
1166 984 1323 1066 ignorantia)
1335 1010 1378 1050 ea-

51 1053 140 1141 εαθίάς
153 1072 197 1132 τδν
209 1067 394 1131 διδασκαλικὸν
404 1065 580 1144 αατοιλαμὸά·
634 1073 708 1119 181135
722 1059 868 1121 awlsunls
881 1063 910 1122 in
923 1063 1052 1123 doctrinae
1069 1064 1167 1124 sollum
1182 1066 1314 1146 ascendo,
1330 1090 1379 1130 nec

51 1150 190 1230 ,ιδώμνός
209 1174 260 1229 μου
275 1148 323 1222 τὴν
340 1145 491 1226 πτωχείαν·
503 1145 579 1225 qnid-
633 1160 721 1199 meam
742 1139 874 1200 reveritus
892 1141 1021 1224 inopiam.
1046 1143 1117 1203 Cum
1135 1144 1208 1204 enim
1226 1168 1379 1239 pauperum

51 1229 209 1368 ςοίχτῑίζετί
228 1252 262 1307 με
282 1226 326 1287 διὰ
336 1225 387 1298 τὴν
408 1230 455 1299 τῆς
473 1223 579 1304 ἀγάπης
633 1231 752 1278 amandes
771 1218 846 1298 Sidis,
861 1221 981 1311 “Ariidte
1005 1222 1073 1282 moti
1098 1223 1151 1282 mei
1174 1224 1377 1286 misereblmilli·

51 1335 72 1382 ις
81 1307 324 1391 γδρονπλουσίοις
332 1303 580 1375 reuertuntur
634 1300 691 1357 Pau
761 1319 825 1357 cum
844 1295 916 1377 omi,
938 1300 1038 1361 divites
1059 1300 1143 1378 adeo,
1157 1325 1206 1363 nec
1219 1307 1379 1385 arrogantiae

51 1390 132 1468 ἵμενος
142 1387 227 1461 νόσον,
239 1385 308 1446 ἀλλὰ
318 1390 366 1458 τῆς
376 1382 495 1465 φιλοθέου
506 1387 580 1460 ὑμῶν
633 1397 692 1436 mor
748 1376 861 1456 lah01u;
876 1379 925 1439 sed
941 1380 1061 1460 religiosi
1075 1380 1157 1440 animi
1172 1385 1254 1442 vestri
1269 1385 1379 1445 deside.

51 1475 69 1527 ἰν
81 1469 125 1528 τὸν
141 1469 237 1549 ἔρωτα.
251 1465 388 1548 Τίριτεσθε
403 1461 456 1542 γάρ
465 1485 515 1540 μου
526 1469 580 1530 τοῖς
633 1455 752 1516 riumim
772 1457 822 1516 leo.
831 1459 932 1518 Nemet
939 1481 987 1520 vos
993 1482 1127 1520 sermones
1135 1461 1196 1538 mei,
1204 1477 1230 1522 et
1239 1485 1282 1524 me
1291 1486 1378 1524 mores

51 1549 111 1629 ,θγὼ
125 1543 296 1629 εὐφραίνομιιι
310 1545 384 1620 ὑμῶν
398 1551 452 1609 τοῖς
465 1540 580 1619 τρόποις.
634 1535 717 1596 vestri
728 1479 871 1597 ddieetant.
886 1539 942 1598 Nee
953 1553 1146 1621 paupertatem,
1158 1562 1206 1600 nee
1219 1541 1248 1601 in
1262 1543 1377 1604 dicendo

51 1652 64 1686 ν
84 1626 229 1707 πτωχείαν,
235 1624 281 1683 καὶ
292 1621 433 1702 μογιλάλον
443 1619 530 1701 φωνὴν
551 1620 581 1680 τδ
634 1614 754 1696 inopiam
764 1637 852 1675 meam
864 1618 962 1695 sentio,
973 1641 1035 1678 eum
1049 1619 1100 1679 hoe
1112 1621 1259 1700 pulchrum
1269 1637 1295 1682 et
1308 1623 1378 1683 desi·-

51 1752 54 1764 .
76 1706 219 1788 ἐπέρυστον
245 1706 348 1784 θεωρῶν
374 1700 491 1781 θέατρον.
511 1663 582 1759 θίδα
633 1693 754 1753 derabiie
767 1694 903 1756 theatrum
913 1699 1056 1779 conspicio.
1067 1698 1129 1758 Scio
1143 1700 1255 1781 quippe,
1267 1723 1315 1763 vos
1325 1724 1378 1763 non

51 1785 70 1844 ιί
83 1808 133 1863 μου
147 1789 198 1844 τῶν
210 1779 333 1862 λόγονῆ
348 1778 439 1838 θεαταί
448 1782 500 1836 τῶν
511 1777 582 1856 ἀγοί·
634 1773 769 1832 dictorum
789 1773 909 1854 judiees,
929 1798 978 1836 nec
1002 1799 1119 1858 agonum
1143 1794 1303 1860 spectatores
1324 1782 1379 1842 huc

59 1867 118 1924 ἀλλ’
137 1862 182 1923 ίνα
196 1866 234 1921 τῶ
249 1859 325 1921 παιδί
347 1862 382 1925 ῶς
395 1856 507 1938 πατίρες
521 1881 580 1916 συν-
634 1853 790 1930 convenire,
806 1853 855 1913 sed
875 1856 995 1934 utquasi
1036 1871 1106 1917 atres
1127 1879 1189 1917 cum
1210 1859 1268 1919 filio
1288 1882 1378 1921 con-0.

51 1943 134 2024 θγδιρ
146 1948 179 2014 τῆ
194 1922 300 2021 γλώττῃ
314 1940 403 2007 λαλῶ,
418 1940 491 2015 ὑμεῖς
506 1934 580 2017 δὲτῇ
598 1947 616 1994 n
634 1931 780 1993 beremini.
803 1932 864 2013 Ego
884 1955 1001 2014 namque
1015 1879 1058 1997 iin
1098 1958 1114 1995 a
1133 1937 1245 2016 loquor,
1263 1961 1312 2000 vos
1330 1963 1378 2000 au.

51 2023 139 2104 επρδς
150 2006 194 2081 τδν
208 2019 277 2079 Θεὸν
288 2005 379 2088 ιτοῦτο,
394 2016 502 2086 δοθῆναι
515 2021 580 2093 ἡμῖν
633 2024 688 2070 tem
702 2011 782 2071 eorde
795 2012 886 2092 petitis
900 2035 916 2073 a
931 2018 1002 2092 Deo,
1021 2030 1051 2076 ut
1084 2030 1145 2075 etur
1158 2017 1235 2077 nobis
1249 2040 1336 2080 sermo
1350 2021 1471 2096 ineptes.
1483 2037 1508 2084 6.

51 2108 97 2160 τοῦ
109 2102 255 2179 στόματος·
269 2096 421 2178 ριλόπαιδες
439 2092 490 2174 γάρ
509 2094 580 2164 ὄντες
633 2090 769 2171 apertione
783 2092 858 2151 oris:
876 2114 938 2152 nam
952 2115 1015 2154 cum
1032 2095 1153 2156 filiorum
1170 2112 1289 2158 amantes
1302 2099 1377 2179 sitis,
1391 2110 1427 2160 ¹9·

51 2180 86 2248 ῶς
104 2180 245 2261 ἡμετέρους
264 2176 357 2243 πόνους
376 2173 486 2240 οἰκείους
505 2172 579 2253 λογί-
633 2169 737 2230 labores
751 2186 867 2248 nostros,
879 2187 980 2233 vestras
993 2175 1095 2255 putatis
1108 2197 1164 2235 esse
1179 2199 1299 2238 coronas,
1313 2179 1379 2240 Ideo

65 2259 114 2318 Διδ
127 2263 175 2320 οὐκ
189 2261 257 2318 ὀκνῶ
274 2255 339 2336 πρὸς
359 2253 390 2312 rh
402 2251 506 2331 λέγειν·
521 2251 579 2313 λύει
633 2269 685 2307 non
699 2251 787 2331 segnis
801 2273 861 2311 snm
875 2251 1108 2331 adloquendum:
1123 2256 1264 2335 segnitiem
1278 2259 1380 2342 quippe

51 2362 78 2397 ον
98 2344 112 2398 θ
133 2338 194 2420 περί
214 2339 283 2415 ὑμᾶς
305 2333 396 2406 πόθος,
417 2332 579 2409 μεταὸάλλει
633 2349 721 2388 meam
734 2330 816 2392 solvit
837 2332 921 2392 vestri
938 2330 1121 2412 desiderium
1139 2335 1275 2413 inscitiam
1291 2358 1380 2398 meam

51 2442 68 2477 ιν
84 2421 120 2486 εἰς
135 2419 255 2499 ἐνάρετον
269 2410 439 2473 διδασκαλίαν
454 2411 579 2490 ἡιῦαγλς
632 2407 661 2466 in
675 2408 785 2470 virtutis
798 2409 948 2470 doctrinam
968 2413 1049 2472 vertit
1065 2414 1110 2495 pia
1126 2415 1253 2496 precatio.
1274 2419 1380 2479 Verum

51 2525 57 2557 ι
78 2502 162 2558 ταῦτα
184 2494 231 2574 μὲν
255 2497 281 2554 ἐν
304 2490 435 2572 προοιμίῳ
456 2491 579 2571 εἰρήσθω.

51 2604 53 2622 ι
68 2575 278 2657 περιζωσάμενος
290 2572 339 2645 τὴν
350 2568 431 2650 ὀσφὺν
447 2573 494 2639 τῆς
516 2571 580 2643 ἀλη-

51 2656 144 2735 άμενος
157 2656 202 2714 τὸν
215 2653 322 2733 θώρακα
338 2653 383 2721 τῆς
400 2648 580 2722 δικαιοσύνης,

51 2760 66 2803 ις
79 2735 138 2801 τοὺς
151 2734 233 2802 πόδας
246 2736 272 2792 ἐν
293 2728 433 2808 ἑτοιμασίᾳ
444 2734 489 2788 τοῦ
504 2732 581 2810 εὐαγ-

51 2839 110 2889 νης,
131 2814 249 2913 ἄρχομαι
273 2810 341 2869 κατὰ
366 2813 418 2867 τῶν
440 2812 579 2888 αἱρετικῶν

51 2897 122 2952 ῶνα.
155 2893 318 2972 Εφάπτομαι
343 2890 395 2946 τῶν
417 2886 535 2966 ἀγώνων,
551 2890 581 2947 οὗ

51 2974 162 3043 ιᾶπτων,
176 2971 234 3032 οὐδὲ
248 2970 374 3052 ῥητορικῇ
390 2965 518 3038 δεινότητι
532 2964 580 3033 τδις

51 3052 149 3111 τάττων
173 3050 300 3122 διαλύων,
323 3045 391 3107 ἀλλὰ
417 3050 449 3125 τῇ
473 3044 580 3113 τελείως

55 3135 129 3211 φωνῆ
148 3130 182 3189 τά
207 3129 343 3208 εὐμήχανοι
365 3129 418 3184 τῶν
440 3127 466 3182 αί
486 3129 578 3184 ετικῶν

51 3236 58 3278 ;
72 3196 142 3270 ίστδν
165 3210 299 3289 ἀράχνης,
313 3207 439 3265 διασπῶν.
457 3148 537 3262 ’'ilo-rr
551 3204 578 3263 δὲ

634 2487 691 2547 haee
710 2487 738 2549 in
753 2488 868 2550 exordio
884 2490 956 2550 (licta
970 2506 1057 2552 sunto.
1076 2492 1135 2574 Ego
1151 2516 1214 2555 vero
1234 2495 1316 2556 hodie
1335 2503 1380 2559 a'e-

635 2567 757 2649 cingente
769 2570 877 2630 lumbos
892 2570 1020 2649 veritate,
1035 2570 1146 2633 indutus
1161 2574 1244 2634 lorica
1261 2576 1379 2653 ustitia,

634 2661 660 2706 et
670 2648 803 2708 calceatus
814 2649 895 2730 pedes
907 2649 936 2708 in
949 2651 1142 2732 preparatione
1150 2597 1280 2734 evangeiii
1292 2657 1377 2736 pacis,

634 2741 726 2786 contra
751 2728 890 2788 haereticos
916 2744 1047 2790 oertamen
1073 2732 1225 2811 aggredior.
1255 2731 1378 2814 Pugnam

633 2807 826 2886 antemium,
851 2828 904 2867 non
927 2810 1011 2868 verba
1035 2809 1125 2870 verbis
1149 2811 1266 2890 addens,
1293 2835 1379 2894 neque

634 2884 766 2945 rhetorica
787 2887 919 2966 gravitate
933 2888 1133 2969 propositorum
1151 2891 1260 2950 vincula
1280 2892 1378 2954 dissol-

633 2985 718 3041 vens;
733 2963 780 3026 sed
794 2988 829 3024 ex
842 2981 966 3027 accurata
981 2967 1054 3028 vocis
1066 2967 1168 3028 divinar
1181 2971 1295 3031 lectione
1305 2973 1376 3034 levia

633 3043 819 3104 hereticorum
834 3046 999 3126 problemata
1015 3048 1092 3127 quasi
1108 3049 1189 3108 telam
1202 3071 1305 3111 aranee
1319 3053 1376 3113 dis·

633 3123 734 3204 sipans.
751 3124 800 3184 Est
813 3139 904 3184 autem
916 3123 976 3184 haee
991 3127 1138 3207 apostolica
1152 3127 1230 3189 lectio
1244 3154 1250 3187 :
1267 3134 1292 3191 0
1308 3133 1376 3191 atti·
1386 3153 1455 3200 nom.
1469 3168 1506 3200 ῃ,

633 3205 704 3262 tudo
717 3205 888 3263 divitiarum
905 3217 933 3263 et
945 3210 1098 3285 sapientire
1112 3221 1141 3266 et
1156 3213 1285 3270 seientice
1300 3212 1374 3285 net,
1386 3216 1426 3266 3³·

51 3314 164 3368 ,γνωσμα
183 3294 272 3347 τοῦτο·
286 3287 323 3345 Ὦ
347 3285 424 3363 βάθος
447 3281 578 3356 πλούτου,
596 3283 615 3329 C
632 3302 723 3362 quam
733 3285 1038 3362 incomprehensibilia
1048 3300 1116 3345 sunt
1123 3289 1240 3368 judicia
1253 3293 1315 3370 ejus
1320 3336 1330 3363 ,
1349 3305 1377 3350 et

51 3359 578 3514 iiiiiiiiiiiiiiiiiiiiiiiiii

56 3472 249 3591 drrhrhrodroh
261 3528 330 3584 Θεοῦ
346 3524 372 3580 ἐν
386 3522 460 3600 βάθει
475 3487 574 3594 κεῖίαι,

51 3607 144 3678 iterem
159 3605 227 3677 Ναί,
241 3602 319 3684 φησί,
331 3600 377 3661 καί
391 3605 417 3660 ἐν
430 3599 520 3678 βάθει,
532 3601 577 3657 καί

56 3685 103 3764 μὲν
114 3684 156 3743 διὰ
165 3682 427 3763 τὴνὲάνθρωπόιητα,
441 3682 467 3738 ἐν
479 3677 540 3758 ὅθεν
550 3679 577 3737 δὲ

64 3764 143 3823 Οὔτοι
164 3763 198 3842 γδι
234 3761 278 3820 διδ
291 3769 336 3820 τοῦ
354 3758 489 3860 προφήτου
508 3761 575 3818 ἀπο·

51 3842 178 3915 ἰκονομίαν
200 3788 275 3921 ίλεγε
298 3841 363 3922 πρὸς
385 3842 474 3918 Αχαζ·
489 3837 577 3909 Αἴτη-

51 3934 101 3983 εῖον
121 3921 194 4003 παρά
209 3923 248 3980 Κυ
268 3920 305 3979 ίου
323 3927 369 3979 τοῦ
388 3921 457 3978 Θεοῦ
476 3940 521 3976 σου
541 3919 577 3985 είς

51 4027 79 4069 ς·
94 4006 130 4070 εἰς
144 4003 221 4080 βάθος
233 3945 292 4078 niu,
302 3997 345 4058 διδι
359 3996 407 4069 τὴν
418 3994 578 4071 οἰκονομίαν,

51 4082 92 4154 τὴν
104 4080 246 4158 θεολογίαν.
262 4077 333 4137 naut
346 4076 392 4155 μὲν
404 4073 455 4156 γάρ
470 4082 577 4151 σημεῖον

51 4166 168 4241 τεχθῆναι
178 4206 185 4232 ,
196 4159 295 4239 ὑψηλὸν
306 4157 334 4217 δὲ
350 4155 475 4291 κήρυγμα
492 4153 537 4212 καί
547 4155 578 4214 τδ

51 4243 178 4311 νοηθῆναι.
192 4237 263 4297 Οὔτε
283 4229 326 4296 οὖν
340 4236 370 4294 τὸ
400 4237 460 4313 ψος,
474 4233 578 4314 ἄνθρω-

51 4343 106 4384 ενος
130 4316 360 4394 καταλαμὸάνεις,
375 4315 433 4374 οὔτε
448 4313 478 4372 τὸ
501 4314 579 4391 βάθος

56 4399 192 4479 εὑρίσκεις.
205 4394 370 4473 Σεπταὶγάρ
394 4396 458 4453 εἰσιν
485 4396 512 4451 αί
533 4397 578 4453 τοῦ

632 3361 993 3452 investigabilesoioeejus!
1002 3364 1076 3436 Quid
1085 3366 1164 3440 dieis,
1174 3368 1299 3428 0Pnuie?
1308 3369 1379 3430 divi·

631 3440 676 3499 tia¹
692 3442 743 3500 Der
754 3440 781 3499 in
795 3440 929 3521 profundo
938 3443 1028 3522 jacent
1039 3489 1047 3519 ,
1064 3458 1091 3503 et
1102 3444 1130 3503 in
1141 3445 1197 3505 alto
1206 3450 1377 3510 noscuntur?

632 3518 733 3596 Etiam,
749 3519 848 3598 inquit,
864 3534 890 3581 et
907 3519 934 3579 in
949 3522 1083 3612 profundo
1093 3537 1119 3582 et
1131 3524 1160 3583 in
1180 3524 1235 3585 alto
1251 3551 1258 3584 ι
1275 3527 1302 3587 in
1333 3551 1377 3589 ro-

631 3599 715 3658 t'undo
726 3621 776 3680 pro
797 3614 837 3660 ter
850 3601 1064 3679 humanitatem
1079 3603 1106 3661 in
1117 3604 1172 3663 alto
1185 3621 1296 3688 propter
1305 3551 1378 3668 divi-

631 3677 753 3738 nitatem.
776 3621 822 3738 ita
850 3680 922 3739 euim
948 3702 996 3760 per
1016 3682 1176 3763 prophetam
1202 3687 1377 3747 oeeonomiam

631 3758 753 3819 revelans
765 3758 833 3818 dicit
841 3758 877 3818 ad
887 3759 993 3818 Aehaz:
1009 3764 1081 3820 Pete
1096 3765 1149 3820 titt
1161 3768 1188 3821 si
1207 3786 1276 3824 num
1285 3787 1305 3825 a
1315 3770 1376 3826 Do·
1389 3787 1448 3831 lsai.
1460 3799 1526 3844 7.u.

633 3843 714 3897 mino
735 3841 800 3897 Deo
814 3852 864 3897 tuo
883 3842 915 3896 in
927 3841 1123 3921 profundum,
1142 3785 1207 3899 ved
1208 3847 1240 3900 in
1255 3846 1350 3904 altum
1364 3872 1376 3916 ,·

632 3916 660 3975 in
673 3917 853 3998 profundum,
870 3930 978 3997 propter
993 3920 1167 3977 oeeonomiam
1183 3920 1241 3980 sive
1255 3923 1377 3984 incarna-

632 3994 731 4054 tionem
741 4019 750 4072 ;
764 3997 791 4053 in
802 3995 888 4054 altum
899 4010 1010 4087 propter
1019 3996 1192 4077 theologiam.
1208 4000 1378 4063 Profundum

632 4075 704 4134 enim
712 4074 821 4155 signum
831 4087 879 4150 est,
888 4095 962 4134 nasci
969 4097 1005 4135 ex
1015 4076 1143 4156 Virgine;
1150 4078 1203 4138 alta
1214 4095 1303 4140 autem
1311 4105 1380 4164 pree-

631 4154 731 4214 dieatio
742 4167 792 4227 est,
802 4155 891 4213 Deum
904 4175 940 4214 ex
955 4157 1012 4214 Deo
1023 4157 1104 4215 nasci.
1123 4158 1168 4216 Tu
1179 4158 1279 4240 igitur,
1296 4183 1312 4220 ο
1328 4163 1377 4221 ho-

633 4256 693 4307 mo,
706 4255 790 4313 neque
799 4234 885 4293 altum
895 4234 1099 4316 comprehendis
1110 4237 1214 4298 curiose
1223 4241 1378 4318 scrutando,

633 4335 718 4392 neque
748 4313 893 4373 rofundum
903 4315 1070 4392 quantolibet
1080 4330 1176 4376 conatu
1195 4319 1306 4400 reperis.
1323 4324 1378 4383 Ve-

633 4335 757 4454 ner-audie
770 4415 885 4471 namque
896 4407 959 4453 sunt
968 4394 1070 4454 Christi
1084 4399 1279 4476 generationes:
1293 4400 1377 4460 altera

51 4499 82 4542 ις·
96 4484 113 4549 ἡ
127 4477 174 4553 μὲν
194 4475 244 4555 γάρ
262 4477 318 4534 ἐστι
332 4471 402 4533 κατὰ
416 4471 503 4551 φύσιν,
517 4478 534 4544 ἡ
551 4473 579 4534 δὲ
598 4487 616 4533 n
633 4474 734 4555 quippe
744 4487 783 4534 est
793 4471 941 4532 secundum
950 4487 1086 4554 naturam,
1097 4475 1181 4536 altera
1191 4492 1289 4560 praeter
1299 4495 1377 4541 natu-

51 4555 81 4637 ρὰ
95 4558 171 4636 φύσιν
187 4556 238 4634 γθρ
259 4556 285 4612 ἐν
301 4552 417 4633 ὑστέροις
435 4561 535 4632 καιροῖς
549 4556 579 4613 ἐκ
633 4576 703 4615 ram.
714 4554 784 4613 Nam
795 4566 891 4634 praeter
903 4566 1028 4613 naturam
1042 4555 1070 4613 iu
1082 4556 1235 4619 novissimis
1250 4561 1378 4642 tempori-

51 4635 125 4714 ἔχθη,
141 4633 299 4713 κατὰφύσιν
320 4632 347 4690 δὲ
361 4632 413 4712 πρὸ
433 4630 534 4691 αἰώνων
548 4637 578 4692 ἐκ
633 4633 685 4692 bus
700 4632 851 4713 exVirgine
861 4645 939 4692 natus
957 4647 1011 4711 σοις
1027 4633 1175 4695 secuudum
1192 4651 1316 4699 naturum
1329 4662 1378 4700 au-

51 4719 97 4787 θη,
111 4720 146 4781 ὡς
167 4720 181 4773 θ
193 4712 320 4791 γεννήσας
339 4703 403 4772 οἶδε.
419 4710 473 4773 Καὶ
491 4715 508 4782 ἡ
524 4713 578 4773 ἄνω
634 4727 687 4773 tem
699 4727 760 4772 aute
767 4712 865 4771 secula
876 4734 911 4771 ex
922 4713 1002 4772 Patre
1012 4727 1091 4774 natus
1102 4728 1151 4786 est,
1161 4729 1192 4775 ut
1202 4717 1279 4778 novit
1292 4721 1377 4779 Geni-

51 4819 69 4858 ς.
84 4794 198 4866 Ἀληθῶς
212 4791 264 4874 γὰρ
278 4795 308 4851 ἐκ
327 4794 399 4851 Θεοῦ
417 4790 485 4859 Oet<
506 4795 579 4873 ἐγεν-
632 4807 684 4852 tor.
701 4795 824 4874 superna
838 4804 926 4852 autem
939 4792 1072 4872 generatio
1085 4793 1225 4856 verissima
1239 4811 1288 4856 eat.
1305 4801 1377 4859 Vere

51 4877 97 4943 τῆς
107 4873 244 4952 Παρθένου
256 4871 391 4949 ἄνθρωπος
403 4874 418 4928 ὁ
429 4869 497 4938 Θεδς
510 4871 578 4948 μετὰ
631 4894 746 4951 namque
762 4892 796 4931 ex
810 4872 868 4931 Deo
884 4874 957 4931 Deus
971 4886 1049 4932 natus
1063 4887 1118 4949 est,
1131 4895 1195 4935 rere
1208 4897 1242 4936 ex
1257 4870 1378 4957 Virgine

51 4976 76 5023 η·
100 4952 154 5010 άνω
169 4952 245 5029 μόνος
265 4954 295 5011 ἐκ
318 4951 396 5030 μόνου
410 4951 577 5031 Μονογενὴς,
631 4952 712 5013 homo
735 4954 810 5012 Deus
830 4972 892 5011 eum
914 4951 1071 5012 hominibus
1084 4966 1162 5014 uatus
1183 4968 1231 5014 est.
1256 4954 1376 5037 superne

51 5035 74 5090 ἔκ
85 5031 166 5110 μόνης
190 5032 352 5108 Μονογενής·
367 5029 412 5088 καὶ
430 5030 520 5110 ῶσπερ
533 5032 577 5091 ἐπὶ
632 5053 701 5092 unm
724 5053 758 5091 ex
771 5053 826 5091 uno
840 5030 1020 5112 Unigenitus;
1042 5032 1156 5091 interra
1176 5055 1246 5093 unus
1265 5055 1300 5094 ex
1322 5056 1376 5097 nna
1402 5030 1412 5043 ’

51 5136 83 5186 ως
99 5110 191 5179 ἀσεβές
211 5115 279 5170 ἐστιν
303 5113 447 5180 ὑπονοῆσαι
461 5111 580 5192 μητέρα,
631 5110 794 5193 Unigenitus
807 5133 814 5169 ε
827 5133 860 5171 ac
875 5110 1103 5190 quemadmodum
1122 5112 1150 5172 in
1164 5133 1278 5193 superna
1293 5136 1373 5195 gene·

51 5188 397 5270 ῆςΠαρθένουβλάσφημόν
419 5192 489 5250 ἔστιν
510 5193 579 5251 θπο-
632 5191 735 5252 ratione
755 5191 871 5272 impium
891 5205 960 5252 esset
983 5204 1096 5252 matrem
1117 5192 1265 5273 suspicari,
1288 5195 1327 5255 ric
1349 5209 1375 5255 et
