3750 5940
45 453 104 502 ein.
134 454 215 504 nuit.
244 431 291 502 al.
323 454 389 503 ixi.
569 457 574 464 ·
783 432 855 522 4²5

45 609 55 622 ·
110 598 162 637 nos
187 582 347 637 moriamur
368 597 434 638 cum
459 597 503 636 eo.
519 575 639 649 Quidam
663 596 728 637 vero
748 575 856 652 dieunt,

48 691 56 705 ·
107 667 199 748 ipsum
212 667 282 728 mori
295 682 412 750 optasse;
426 666 473 727 sed
486 688 540 728 non
553 667 590 727 ita
605 680 856 752 resest:nampo-

48 803 55 817 .
110 759 164 820 tius
181 782 216 819 ex
235 760 331 820 timore
351 760 521 839 loquebatur.
542 759 597 820 Sed
621 781 675 820 non
700 761 855 842 increpatus

45 879 58 894 e
109 853 171 913 suit.
188 854 257 936 Ejus
272 855 535 915 eniminfirmitatem
548 854 792 934 adhuctolerabat3
805 853 854 916 de-
910 860 1008 935 Tiona·

44 966 57 1000 ν
76 960 186 1008 nmium
198 960 268 1006 certe
282 946 305 1006 is
323 947 446 1006 omnium
465 947 627 1007 fortissimus
645 947 756 1008 effectus
778 961 817 1008 est
828 939 1006 1030 dsw‘i'ffissss'ss'f

45 1040 57 1094 ὗ
109 1038 308 1119 insuperabilis.
320 1040 399 1114 Nam,
411 1037 483 1116 quod
494 1037 672 1098 admiratione
682 1037 797 1118 dignum
805 1053 855 1117 eet,
865 1047 955 1092 effatus
966 1056 1006 1091 m.

45 1162 56 1173 -
110 1128 133 1187 is
146 1150 226 1207 quem
246 1129 283 1187 ita
301 1129 440 1188 infirmum
453 1143 515 1188 ante
528 1150 635 1190 crucem
650 1128 782 1205 vidimus,
797 1145 858 1213 post

45 1225 56 1294 i,
111 1241 217 1279 erucem
238 1235 264 1279 ct
286 1235 348 1303 post
371 1221 572 1281 resurrectionis
586 1221 669 1281 iidem
689 1221 858 1283 ferventissi-

46 1338 58 1382 ς
109 1333 183 1370 mum
195 1312 316 1371 omnium
329 1312 516 1393 conspicimus.
530 1314 618 1373 Tanta
631 1325 671 1373 est
682 1312 785 1373 Christi
798 1315 858 1375 vir-

45 1430 59 1466 o
111 1403 238 1461 insuam
247 1403 295 1482 qui
303 1424 365 1462 eum
376 1403 487 1462 Christo
497 1403 657 1463 bethaniam
669 1403 769 1464 irenen
778 1405 859 1465 aude·

45 1522 59 1556 ν
111 1494 166 1570 bat,
180 1496 226 1554 hic
238 1495 346 1555 Christo
362 1515 415 1552 non
431 1508 561 1575 praesente
574 1493 667 1554 orbem
681 1495 736 1554 sere
749 1517 859 1578 percur-
876 1575 880 1581 ι

46 1625 58 1634 -
111 1586 157 1662 rit,
171 1587 198 1646 in
210 1586 307 1645 inediis
320 1586 429 1668 populis
442 1586 599 1646 versabatur
611 1587 802 1666 sanguinariis,
811 1587 860 1667 qui

47 1716 58 1727 -
112 1680 189 1739 illum
201 1680 349 1739 interficere
358 1679 520 1759 querebant.
530 1679 560 1739 Si
573 1694 663 1740 autem
673 1679 769 1741 stadiis
780 1681 859 1760 quin·
937 1699 1011 1742 suita

45 1809 59 1819 -
111 1771 199 1830 decim
220 1772 337 1832 distabat
354 1771 493 1844 Bethania,
502 1793 565 1851 qua
576 1785 638 1831 sunt
651 1772 779 1832 milliaria
790 1773 856 1851 duo,
867 1760 1012 1866 nffilffif‘

45 1892 59 1912 ¹-
79 1890 96 1935 z
111 1864 247 1944 quomodo
257 1863 453 1943 quatriduanus
462 1876 518 1923 erat
531 1865 665 1923 Lazarum?
679 1865 781 1924 Mansit
790 1865 859 1926 duo·
869 1886 963 1928 aaron.

46 1983 60 2017 ν
112 1957 164 2014 bus
186 1956 297 2032 diebus,
312 1970 337 2015 et
358 1956 448 2037 pridie
468 1969 577 2016 venerat
603 1956 729 2031 nuntius,
745 1977 777 2017 eo
801 1958 860 2039 ipso

46 2085 60 2095 -
114 2049 207 2107 mortis
220 2048 265 2108 die
280 2073 286 2106 :
301 2048 399 2108 deinde
410 2062 504 2127 quarta
513 2048 559 2108 die
572 2047 690 2108 advenit.
700 2048 767 2109 ideo
777 2048 861 2110 donee

45 2141 60 2213 »5
115 2155 255 2200 vocaretur
264 2141 445 2223 exspectarim
460 2161 547 2219 neque
560 2161 613 2199 non
627 2141 772 2202 accersitus
778 2142 854 2203 venit

45 2235 62 2287 ἶ-
115 2253 147 2289 ne
161 2253 214 2310 qua
229 2232 345 2291 oriretur
362 2231 490 2312 suspicio.
509 2232 601 2310 Neque
619 2231 695 2313 ipsae,
710 2253 771 2311 qua
785 2254 846 2293 ama

45 2327 63 2387 tt
73 2323 374 2418 ³⁷¹bantur,ueneront;
385 2322 431 2383 sed
440 2321 489 2382 alii
497 2322 650 2382 mittuntur.
662 2323 710 2384 18.
723 2327 800 2385 Erat
809 2346 863 2385 au·

45 2444 63 2479 n
81 2436 102 2483 Α
118 2429 175 2474 tem
197 2418 346 2475 Bethania
370 2420 457 2498 quasi
474 2416 579 2475 stadiis
600 2417 777 2497 qaindecim.
794 2416 865 2478 lline

45 2539 64 2570 :—
117 2508 285 2587 significatur
306 2508 406 2567 multos
422 2529 456 2567 ex
471 2507 648 2589 ierosolymis
658 2507 790 2586 adluissc;
802 2531 864 2570 nam

45 2630 49 2662 i
117 2601 208 2660 statim
235 2601 340 2682 adjicit,
364 2601 463 2660 miiltos
493 2599 643 2661 exludaeis
672 2600 793 2661 adfuisse
815 2603 942 2683 quivus·

48 2730 64 2742 -
117 2695 317 2754 consolarentur
331 2715 385 2753 eas.
394 2691 562 2768 Quomodoa
573 2692 681 2753 Christo
695 2693 864 2756 dilectaslo·

118 2787 168 2846 dari
188 2786 411 2846 consolabantur?
424 2785 506 2864 Atqui
517 2799 695 2845 convenerant
713 2799 743 2845 ut
764 2787 865 2866 siquis

57 2915 66 2925 -
119 2881 257 2940 Christum
268 2881 529 2953 confiteretur,extra
540 2898 706 2959 synagogam
713 2879 864 2942 lieretivel

52 3006 63 3017 ·
119 2975 154 3033 oh
168 2973 328 3032 calamitatis
338 2971 560 3053 magnitudinem,
573 2972 616 3032 uel
628 2973 692 3051 quia
707 2987 737 3033 ut
747 2974 864 3034 nobilio·

45 3088 64 3121 :—
119 3065 379 3139 resvenerabantur3
391 3064 434 3124 vel
442 3065 510 3122 forte
522 3063 569 3142 qui
581 3084 634 3123 non
648 3064 766 3146 improbi
776 3078 862 3143 erant,

118 3171 248 3216 uenerunt
263 3181 269 3214 :
286 3156 366 3216 miilti
387 3155 458 3215 enim
475 3177 509 3215 ex
524 3155 591 3236 ipsis
609 3155 786 3216 crediderunt.
801 3158 865 3218 Hac

118 3271 197 3330 porro
206 3248 274 3307 dicit
281 3249 454 3327 evangelista,
463 3250 556 3308 Lauari
568 3263 680 3308 mortem
689 3249 862 3310 confirmans.

48 3376 62 3385 -
118 3345 174 3402 Cur
181 3342 376 3423 porroChristo
385 3342 576 3402 obviamnenit
586 3341 739 3402 sinesorore
749 3343 865 3421 comite?

49 3465 62 3473 -
118 3435 186 3494 l'ult
202 3434 312 3492 seorsim
327 3432 405 3492 illum
419 3432 504 3506 adire,
520 3446 545 3492 et
560 3455 617 3492 rem
633 3433 764 3494 nuntiare.
786 3436 867 3495 Post·

45 3547 63 3589 »ς
116 3547 197 3603 qnam
208 3539 298 3582 antem
313 3524 438 3583 Christus
449 3545 524 3604 spem
532 3525 633 3584 bonam
647 3523 790 3603 indiderat,
802 3540 866 3587 tunc

45 3639 63 3681 ις
83 3636 100 3681 n
116 3617 215 3693 abit,et
227 3616 344 3674 hieriam
358 3629 478 3691 vocat,et
492 3615 609 3674 occurrit
623 3615 673 3693 illi,
685 3616 760 3675 luctu
775 3618 866 3678 adhue

45 3705 63 3764 il
119 3708 231 3785 vigente.
249 3705 349 3766 Viden'
364 3706 463 3765 amoris
485 3705 720 3786 magnitudinem?
740 3708 804 3768 llaec
825 3724 864 3770 est

45 3808 64 3864 [ς
118 3797 152 3856 dc
166 3820 218 3876 qua
237 3796 343 3856 dicebat
357 3820 363 3852 :
376 3800 477 3856 Maria
499 3819 571 3855 vero
594 3803 734 3877 optimum
748 3811 1013 3878 partemlurnoqa.

45 3913 81 3947 ;·.
119 3892 215 3970 elegit.
235 3888 379 3963 Quomodo
392 3910 466 3967 ergo,
479 3888 594 3966 inquies,
603 3889 711 3947 Martha
727 3910 798 3948 nunc
811 3892 863 3951 ser·

45 3975 64 4040 iu
119 3981 224 4040 ventior
238 3979 365 4040 videtur?
377 3982 437 4039 Non
448 3992 503 4038 erat
516 3978 574 4037 lucc
587 3979 732 4038 feruentior
736 4001 746 4057 3
759 3979 806 4039 sed
817 3981 863 4041 illa

98 4172 187 4231 proripui
197 4169 231 4212 νῦν
238 4168 251 4220 ἡ
258 4168 343 4232 Ma'pdz
352 4168 452 4228 pairarat
461 4184 467 4224 3
477 4165 501 4213 oi
509 4167 647 4228 θερμοτέρα,
658 4163 710 4212 dll‘
718 4162 793 4221 δπιιδὴ
802 4165 863 4213 οὔπω
884 4228 889 4236 ¹

99 4248 202 4307 μαθοῦσα
210 4247 319 4299 Zoiteion·
329 4247 377 4293 tau
386 4244 443 4297 αὕτη
450 4247 486 4291 rai
494 4246 643 4309 ἀσθενεστέρα
650 4244 685 4298 ἦν.
694 4244 732 4291 ital
739 4244 784 4309 γὰρ
792 4239 863 4291 dx&-

45 4351 51 4378 ‚
102 4343 158 4371 rara
168 4327 276 4381 τοιαῦτα,
288 4326 321 4370 iri
335 4326 429 4371 ταπεινὰ
442 4325 574 4384 plirsrrai'
589 4323 631 4377 ἤδη
643 4324 698 4382 igar.
722 4315 774 4368 Sed
784 4316 864 4370 alten

45 4416 53 4447 a
101 4396 176 4445 lectio
196 4398 309 4444 omnium
331 4411 393 4460 pene
410 4395 638 4458 Manuaeriptorum
653 4396 805 4447 auctoritate
827 4398 866 4448 ni·

46 4497 54 4530 ς
103 4475 173 4537 titur,
185 4491 289 4540 eamque
300 4484 418 4540 sequutus
427 4472 621 4523 estFranciscus
631 4474 756 4524 hretinttn.
769 4475 865 4542 Estque

46 4573 53 4603 ι
103 4555 232 4618 perspicua
245 4555 331 4618 siquis
344 4548 490 4602 attenderit.
509 4551 573 4601 Cum
588 4553 655 4601 enim
675 4552 773 4604 Martha
796 4555 865 4621 prior

46 4654 53 4683 ι
102 4633 240 4682 occurrerit
255 4629 366 4692 Christo,
382 4631 472 4697 quaerit
483 4628 681 4698 Chrysostomur
701 4648 747 4683 cur
765 4633 865 4685 Martha

45 4721 53 4758 t
102 4710 239 4761 ferventior
258 4720 377 4776 apparent
389 4726 465 4775 qnam
477 4710 565 4773 Maria,
577 4727 632 4776 quae
645 4721 729 4762 tamen
741 4715 866 4778 optimam

45 4799 55 4837 t
102 4788 328 4855 partemelegerat;
343 4785 527 4853 respondetque
536 4805 586 4838 non
595 4788 771 4841 ferventiorem
781 4790 865 4858 luisse,

45 4894 52 4902 ·
102 4866 146 4916 sed
164 4865 220 4916 ideo
231 4883 282 4917 non
299 4868 393 4916 venisse
406 4864 526 4931 Mariam,
538 4869 596 4932 quia
608 4864 640 4917 de
650 4865 760 4918 adventu
771 4860 867 4921 Christi

45 4961 54 4992 r
103 4942 227 4994 nihildum
247 4941 371 4995 audierat.
385 4943 510 4993 Martham
522 4961 581 4995 iero
601 4944 764 4996 infirmiorem
781 4947 864 5006 fuisse.

45 5032 55 5070 t
104 5041 159 5088 qnae
172 5034 304 5089 postquam
322 5033 393 5072 tanta
406 5020 529 5081 audierat,
543 5021 621 5089 diiii,
635 5023 696 5073 Jam
704 5024 788 5089 faetet,
801 5045 865 5094 quo·

45 5117 55 5148 o
104 5101 234 5150 oiduouus
246 5113 283 5150 est
292 5121 301 5163 ;
314 5101 383 5167 quod
401 5112 486 5154 tamen
501 5121 550 5154 rien
567 5100 631 5152 dixit
648 5104 742 5164 Maria,
758 5102 865 5155 licet-ni-

105 5177 138 5228 lril
152 5176 212 5229 ilum
226 5179 343 5232 audisset.
