3750 5940
51 434 120 485 usu
145 435 192 483 nu
216 434 307 483 recu.
515 391 517 394 ⁵
784 409 851 508 751

51 603 59 632 ,
114 572 155 618 est
166 557 238 619 euim
251 558 320 618 fieus
332 557 424 639 ptmu
436 557 500 620 latis
513 557 666 636 frondibus,
677 571 704 621 et
715 572 858 641 peecatum

51 664 60 706 ς
114 638 194 698 etism
212 637 351 719 pruritum
367 638 477 712 excitat,
505 658 555 720 per
566 639 650 698 istem
666 652 693 699 et
712 637 859 731 spatiosam

53 742 59 755 ·
113 717 187 776 viam
205 717 242 776 nd
257 716 437 798 perditionem
453 716 600 778 deducens.
617 718 802 781 Suarisstmus
818 732 859 779 est

51 822 61 865 t
116 797 183 856 ficus
196 797 317 872 fruetus3
327 797 420 859 suavis
432 812 472 857 est
488 796 625 878 voluptas,
636 818 696 876 que
710 798 776 858 inln
809 819 858 858 um

51 901 61 944 t
114 876 216 957 peccati
231 876 325 957 dejicit
343 897 388 936 eos
410 877 458 957 qui
475 877 612 958 adipsum
630 875 770 938 secedunt.
806 898 857 959 uge

51 991 60 1000 -
114 969 222 1035 gemtum
236 956 303 1036 ejus,
316 956 453 1016 serissime
465 980 471 1014 :
484 956 574 1016 duleis
586 957 658 1016 enim
671 970 712 1017 est
720 957 748 1017 iu
762 970 856 1037 gustu,

51 1061 59 1094 ι
113 1035 162 1094 sed
173 1056 265 1094 amera
279 1049 341 1116 post
355 1049 456 1097 netum.
472 1036 538 1096 stet
546 1040 625 1097 enim
637 1037 764 1098 distillat
773 1057 794 1096 a
808 1037 857 1097 la·
866 1052 936 1099 Proo.
948 1047 971 1097 5.
981 1046 1006 1093 3.

51 1150 59 1160 -
116 1117 171 1175 biis
188 1116 320 1176 mulieris
339 1121 508 1190 meretricis,
519 1129 548 1176 et
562 1117 604 1176 od
623 1129 734 1197 tempus
746 1116 891 1201 impin-fi·

51 1229 60 1238 -
114 1207 186 1273 guat
194 1196 301 1275 fauces
316 1219 326 1252 .·
339 1208 442 1276 postea
454 1217 526 1256 vero
545 1200 677 1255 amorius
687 1196 761 1274 selle
773 1199 858 1256 inve-

53 1260 96 1333 .B
117 1278 189 1344 nies,
200 1287 229 1333 et
247 1287 366 1334 acutum
386 1280 480 1367 magis
500 1297 590 1357 quom
606 1266 740 1356 gladium
760 1280 859 1335 utrin-

116 1374 173 1434 que
193 1366 322 1413 acutum
338 1357 472 1415 Meretrix
487 1369 527 1414 est
543 1355 678 1446 voluptas,
697 1376 757 1434 que
767 1353 860 1415 dulcis

51 1434 55 1454 ⁴
116 1445 206 1492 tecum
226 1433 362 1525 princffsio
382 1434 512 1513 loquitur,
526 1434 596 1494 clam
616 1448 685 1494 mter
701 1436 859 1513 nouoqnen-

116 1511 184 1570 dum
213 1511 363 1573 nmerinem
393 1514 488 1574 mortis
512 1514 678 1574 interserens.
701 1514 778 1575 Telis
804 1526 862 1573 erat

116 1604 142 1650 et
164 1612 289 1671 serpens3
306 1590 394 1652 dulcis
410 1593 438 1653 iu
456 1594 549 1669 verbo,
563 1608 590 1653 et
604 1614 712 1654 amarus
728 1592 757 1653 iu
778 1591 860 1654 dolo:

116 1669 205 1729 dtulcis
215 1671 326 1749 quidem
332 1693 403 1746 esus,
412 1672 574 1733 sedemarus
583 1694 669 1733 casus.
680 1673 703 1732 F
705 1694 756 1765 nge
766 1671 859 1753 igitur,

117 1750 265 1826 carissime,
287 1752 543 1832 neminemque
561 1751 651 1813 dinleis
667 1768 754 1812 estun
776 1752 861 1812 eollo-

117 1828 182 1906 qnio
196 1844 223 1888 et
237 1831 332 1890 acerba
346 1832 461 1892 vulnera
477 1832 575 1912 infligit
587 1856 594 1888 ε
604 1833 669 1911 fuge
682 1832 861 1913 uoluptatem,

53 1934 61 1947 ·
118 1922 149 1967 ut
164 1908 238 1968 Elias
252 1911 411 1971 Jezabelem.
427 1912 510 1973 Venit
526 1912 611 2003 igitur
628 1911 762 1972 Dominus
778 1933 794 1971 e
809 1933 863 1971 cte-

118 1986 152 2047 lis
165 1989 276 2048 :esuriit
288 1990 374 2050 ritem
384 1989 527 2051 hominum
536 1991 657 2051 invenire
667 2014 674 2048 ε
683 1991 789 2053 invenit
801 1990 863 2050 latre

118 2089 150 2126 ac
167 2069 290 2149 spatiose
304 2070 368 2130 vitae
381 2069 463 2150 hujus
478 2071 531 2131 vise
542 2069 706 2130 insistentem
720 2095 727 2128 :
739 2069 814 2132 venit
827 2069 865 2129 ad

118 2169 188 2222 eam,
206 2149 410 2209 etinvenitesm
425 2150 497 2210 foliis
511 2163 670 2227 comantem,
684 2150 736 2209 hoe
748 2164 797 2226 est,
812 2147 864 2210 do-

119 2229 250 2287 cumentis
262 2229 364 2308 [receati
379 2230 529 2306 florentem,
544 2229 591 2289 sed
604 2229 691 2310 ipsam
699 2244 789 2289 tamen
802 2229 864 2288 fru-

51 2341 63 2351 -
120 2320 193 2366 ctum
209 2308 305 2368 mortis
320 2330 373 2369 non
392 2309 545 2368 habentem.
563 2308 639 2382 Quid
653 2309 711 2368 itu?
729 2308 866 2381 Quoniam

51 2419 63 2432 -
119 2399 226 2467 tempus
239 2409 291 2447 non
306 2403 363 2448 erat
374 2412 381 2445 ε
391 2388 444 2448 hoe
454 2388 527 2448 enim
540 2387 668 2469 adjunxit
681 2387 864 2468 evangelista:

51 2492 61 2523 ι
118 2469 188 2526 Non
207 2469 322 2540 habuit,
340 2467 438 2545 inquit,
443 2470 582 2560 fructum
597 2491 606 2523 .·
623 2488 683 2527 non
700 2472 779 2527 enim
802 2481 866 2529 erat

51 2552 60 2603 3
119 2558 238 2626 tempus.
250 2546 394 2621 Quomodo
409 2569 482 2607 emm
502 2547 593 2607 odinum
605 2547 771 2608 fructificare
786 2568 863 2607 mor-

51 2658 62 2670 ·
118 2639 171 2684 tem
182 2640 296 2706 poterat,
317 2648 378 2686 cum
394 2626 548 2687 aduenisset
564 2629 688 2704 Jesus‚ot
703 2626 806 2686 mundo
819 2648 863 2685 re-

55 2710 97 2757 ·C
117 2706 309 2765 surrectionem
335 2705 513 2787 predicaret?
534 2708 595 2766 Non
625 2720 682 2766 ernt
708 2707 779 2766 ultro
804 2707 861 2786 ejus

51 2818 63 2828 -
116 2799 232 2864 tempus,
246 2800 276 2844 ut
287 2799 400 2845 mortem
409 2786 600 2845 fructificaret:
615 2788 760 2866 Regnavit
775 2790 860 2867 quip-
870 2803 927 2849 Rom
940 2802 962 2848 5.
975 2805 1015 2861 rt.
1044 2836 1052 2849 „

51 2899 61 2907 ·
135 2886 150 2921 e
164 2886 241 2923 mors
257 2869 295 2922 ob
303 2864 407 2923 Adam
418 2886 509 2944 usque
523 2867 565 2924 ad
578 2867 725 2940 Moysem,
742 2864 794 2924 hoc
806 2878 856 2939 est,

51 2968 61 2997 .·
113 2887 210 3020 segem.
225 2943 300 3004 Solet
318 2944 399 3019 enim,
414 2945 513 3023 inquit,
527 2943 668 3025 Scriptura
678 2943 729 3004 Mo
748 2966 805 3023 sem
819 2945 861 3004 le-

51 3047 62 3088 ς
116 3044 176 3100 gem
184 3023 332 3102 appellare,
341 3037 370 3082 ut
381 3024 409 3082 in
420 3024 585 3103 Evangeliot
597 3027 717 3088 Habent
761 3046 862 3100 oysem
871 3040 1015 3104 noenum.

52 3127 63 3169 ς
116 3116 144 3160 et
157 3105 323 3182 prophetas.
339 3105 418 3162 Duxit
430 3103 471 3162 ulli
487 3102 636 3163 Dominus:
647 3105 687 3163 Ne
699 3103 804 3165 ultrast
817 3107 863 3165 Ne

52 3215 63 3226 -
116 3182 242 3260 amplius
252 3205 288 3241 es
296 3195 324 3242 te
322 3184 445 3264 fructus
456 3187 636 3244 nascaturin
645 3181 862 3271 sempiternum}

51 3403 55 3446 t
130 3393 143 3432 d
160 3392 259 3461 [Sunii.
273 3400 348 3460 ὁμιλεῖ
359 3404 424 3465 παρὰ
434 3419 456 3450 τ.
470 3397 508 3463 st]

131 3482 140 3503 ⁹
158 3472 253 3540 [savit.
262 3489 314 3524 om.
326 3478 406 3529 τούτου
415 3487 455 3537 ,et
464 3474 530 3526 infru
543 3471 621 3526 habet
632 3480 711 3541 αὐτὴν,
722 3472 789 3546 stipes
800 3476 865 3540 etim]

51 3572 55 3601 ι
132 3555 144 3594 s
161 3550 254 3622 [Savit.
273 3569 325 3605 om.
345 3561 417 3620 φησίν.
430 3554 493 3618 Quen
512 3563 659 3622 sequuntur,
672 3551 740 3622 apud
757 3552 864 3606 eundem

101 3642 218 3683 truncate
230 3634 310 3699 sunt]

51 3934 341 3997 tTERPRETATIO.

51 4146 241 4206 offendiculum
255 4147 364 4285 Incesti
382 4145 570 4206 accedentibus
580 4145 614 4205 ad
625 4168 661 4206 se.
674 4147 764 4220 Quam
781 4148 861 4208 eitius

51 4250 80 4285 n.
93 4229 157 4285 Mel
171 4228 254 4286 distil
267 4242 299 4287 at
313 4248 333 4286 a
348 4227 435 4286 labiis
449 4228 581 4286 mulieris
595 4231 764 4300 meretricis,
783 4228 863 4308 quod

51 4307 282 4387 ·amariussetle
296 4329 358 4366 com
381 4311 482 4378 eritur,
496 4319 524 4365 et
536 4310 653 4366 octatius
667 4329 695 4365 m
735 4311 862 4389 isquam

51 4400 160 4466 opponet,
177 4400 203 4444 et
216 4401 307 4445 tecum
327 4331 379 4445 sus
396 4385 530 4466 principio
547 4328 861 4466 clanculumaioquitur,

64 4488 105 4523 ser
117 4489 187 4541 nens,
201 4466 291 4524 duleis
309 4465 337 4524 in
359 4467 443 4527 verbo
451 4509 459 4542 ,
471 4479 497 4525 et
511 4486 619 4524 amarus
630 4465 658 4525 in
669 4466 734 4526 dolo
750 4491 757 4523 :
772 4465 862 4527 duleis

51 4489 203 4606 lezuiselem.

55 4625 160 4683 iendnm
171 4624 256 4684 vitam
265 4622 416 4683 hominum.
430 4625 526 4683 Latam
536 4637 626 4682 sutem
638 4638 664 4684 et
675 4624 716 4683 lar
735 4647 779 4685 am
789 4625 863 4684 vium

51 4705 107 4763 niis
121 4719 268 4763 comantem
278 4745 286 4774 ‚
297 4704 349 4763 hoc
363 4718 412 4779 est,
426 4704 501 4765 vitiis
514 4717 686 4784 peccatorum
700 4644 777 4764 iliam
791 4704 863 4763 toliis

64 4798 196 4842 carentem
213 4805 278 4843 vero
298 4785 386 4842 fructu
405 4784 508 4843 mortis.
530 4783 642 4856 Quare?
656 4784 729 4858 Quia
740 4805 793 4845 non
808 4797 865 4843 erat

51 4868 134 4936 etat,
152 4865 290 4942 inquiens,
297 4866 444 4945 fructum,
460 4868 531 4946 quia
551 4885 644 4944 neque
662 4876 773 4943 tempus
786 4876 861 4922 erat.

51 4959 92 5002 tus
107 4944 327 5003 resurrectionem
346 4943 406 5002 orbi
418 4957 549 5003 terrarum
564 4942 723 5023 predicans,
734 4941 866 5002 aduenit?

54 5028 152 5082 oniam
167 5027 299 5104 regnavit
312 5044 390 5082 mors
402 5027 440 5082 ab
456 5023 559 5082 Adam
574 5043 665 5103 usque
675 5023 716 5080 ad
726 5025 864 5097 Moysen,

51 5105 180 5184 ieripturn
199 5128 204 5159 :
223 5102 451 5181 qinemodmodum
472 5102 501 5162 in
519 5101 670 5180 Evangelio
689 5099 794 5160 dictum
815 5115 866 5177 est,

51 5184 59 5244 Ι
73 5198 163 5244 autem
174 5183 215 5243 illi
224 5182 432 5244 Domiunsi'Ne
439 5182 565 5262 amplios
576 5201 595 5241 a
607 5194 635 5240 te
640 5182 761 5261 strictus
772 5184 827 5242 erit
837 5185 870 5240 in
