3750 5940
587 384 783 467 iu'ntscut
810 417 858 466 νι.
1120 404 1125 415 ’
1432 399 1501 499 96ι

49 563 73 598 ια
83 539 227 618 πληρωθῇ·
242 536 313 618 Ἐγὼ
328 536 423 620 Κύριος
437 543 451 597 ὁ
464 539 532 607 Θεὸς
552 539 665 601 έκοῶεσό
677 565 706 601 σε
725 546 745 593 D
761 540 846 619 igitur
864 539 954 599 omnia
972 552 1093 599 noenum
1116 540 1312 603 infirmantium
1335 563 1458 625 corpora,
1480 561 1506 608 et

49 619 138 689 οοώνη.
154 618 286 698 Κρατήσυι
306 623 354 690 τῆς
372 618 461 698 χειρὸς
472 624 519 692 τῆς
539 618 623 688 δεξιᾶς
642 643 705 695 σου,
761 619 898 700 speciatim
909 619 1017 678 morbos
1027 619 1145 700 potentia
1155 621 1265 680 virtutis
1277 643 1332 681 suae
1344 625 1461 702 sanavit,
1473 641 1506 686 ut

49 684 127 778 γόοιο
147 721 176 756 σε
198 699 235 765 εἰς
255 696 383 769 διαθήκην
400 698 489 779 γένους
516 720 567 777 μου
593 702 630 766 εἰς
651 703 706 778 φῶς
760 698 917 779 impleretur
931 698 1018 758 illud:
1032 701 1096 778 Ego
1111 701 1254 759 Dominus
1265 704 1347 762 Deus
1356 709 1655 790 vocaviternsgffiffi

49 775 137 843 ῖνοῖξαι
152 776 302 855 ὀφθαλμοὺς
323 779 437 856 τυφλῶν,
457 776 592 858 ἐξαγαγεῖν
614 781 644 837 ia
665 781 706 837 δε·
761 781 793 835 in
806 781 936 858 justitia.
958 779 1189 858 Appreliendam
1208 800 1329 840 manum
1351 785 1503 844 dexteram
1511 789 1566 839 -θ.

49 856 219 933 επεδημένους
235 860 261 915 έν
286 854 382 914 σκότει.
396 856 468 936 Ἐγὼ
483 856 603 936 Κύριοςό
624 858 705 934 θεὸς,
761 868 852 928 tuum,
865 869 894 915 et
906 859 1049 916 roborabo
1063 870 1091 916 te
1112 862 1145 916 in
1168 871 1371 921 testamentum
1389 869 1503 943 generis

49 958 66 994 ιι
78 936 169 1011 ὄνομα.
185 933 325 994 Ἀκούσατε
333 935 416 1015 κωφολ
427 936 519 1014 λόγους
529 937 640 1012 βιὸλέον.
651 941 705 1001 Καὶ
759 939 826 1008 mei,
837 940 869 994 in
883 937 977 995 lucem
993 941 1134 1017 gentium,
1148 940 1190 997 cd
1201 942 1390 1018 aperiendum
1404 944 1503 1004 oculos

49 1014 159 1091 ημένοις
170 1017 196 1073 ἐν
208 1014 297 1074 σκότει
310 1017 364 1095 φῶς
379 1015 502 1074 ἀνέτειλε.
519 1016 588 1075 Τότε
602 1016 705 1079 ἇλεῖται
759 1033 911 1087 coecoruui,
925 1017 966 1073 ad
974 1017 1318 1092 educendoses·uinculis
1327 1023 1504 1101 compeditos
1607 1076 1609 1087 .

49 1099 84 1160 ὡς
96 1093 204 1174 ἔλαφος,
217 1093 263 1152 καλ
277 1094 359 1172 τρανή
375 1095 401 1152 δὲ
418 1093 494 1154 ἔσται
503 1097 612 1173 γλῶσσα
624 1119 704 1177 μογι-
759 1097 791 1150 in
805 1097 941 1153 tenebris.
955 1097 1020 1174 Ego
1035 1097 1180 1155 Dominus
1193 1098 1285 1169 Deus,
1302 1101 1358 1159 lioc
1370 1104 1444 1160 milri
1453 1122 1504 1160 no·

49 1172 172 1231 Ἐπειδθιν
187 1172 214 1232 δὲ
224 1171 293 1231 zoeli
305 1172 383 1251 μέρος
392 1172 426 1232 τὰ
436 1177 483 1245 τῆς
497 1174 592 1242 κακίας
599 1178 704 1256 αἱρεθῆ,
759 1193 826 1230 men
844 1185 895 1232 est.
908 1172 1033 1251 Audite,
1045 1176 1136 1249 surdi,
1149 1179 1242 1236 verba
1261 1178 1340 1251 libri,
1357 1192 1385 1239 et
1401 1181 1503 1239 seden-
1512 1189 1602 1238 [οῖσι.
1616 1193 1654 1241 ιθ.

60 1252 150 1333 ἐχθρός
164 1260 336 1330 καταργεῖται
350 1254 364 1310 ὁ
376 1251 484 1321 θάνατος
501 1255 537 1320 εἰς
550 1262 628 1321 νῖκος.
646 1245 705 1318 Ποῦ
759 1254 834 1311 tibus
848 1256 880 1310 in
894 1255 1019 1312 tenebris
1032 1253 1084 1311 lue
1100 1268 1165 1314 ortu
1183 1267 1236 1314 est.
1254 1259 1280 1314 T
1279 1277 1336 1317 unc
1356 1260 1454 1331 saliet,
1471 1255 1563 1320 ut⁰⁰¹¹·
1573 1254 1653 1316 ²9³⁸·

49 1354 114 1408 ππ,
131 1331 161 1390 τό
174 1330 296 1412 κέντρον;
758 1351 869 1404 cervus,
884 1332 1018 1405 claudus,
1035 1345 1063 1391 et
1077 1335 1213 1413 expeditu
1222 1339 1276 1393 erit
1289 1337 1390 1418 lingua
1401 1340 1501 1398 balbo·
1512 1325 1536 1361 '¹
1547 1317 1587 1365 ³⁵'
1596 1318 1619 1364 ⁵¹
1629 1316 1653 1367 δ’

758 1430 833 1468 rum.
853 1410 924 1482 Quia
946 1431 1010 1470 vero
1028 1433 1078 1492 per
1094 1427 1185 1493 partes
1202 1407 1305 1473 malitia
1325 1416 1431 1476 sublata
1449 1432 1500 1493 est,

758 1501 892 1568 postrema
911 1489 1020 1548 inimica
1037 1491 1189 1551 destruetur
1210 1513 1282 1553 mors
1300 1494 1329 1554 in
1349 1497 1501 1560 victoriam.

762 1569 819 1626 Ubi
828 1581 872 1627 est
883 1589 959 1628 mors
968 1571 1104 1630 stimulus
1115 1577 1201 1631 tuiis?
1513 1589 1580 1633 οισι.
1594 1587 1629 1632 1³.

49 1639 103 1721 σήν
116 1648 147 1708 τό
167 1648 277 1729 πάσχα,
292 1649 307 1710 ό
320 1649 485 1728 ἐπεθύμησεν
506 1649 574 1734 ὑπὲρ
593 1654 670 1729 ήμῶν
688 1659 703 1714 θ
789 1648 880 1706 5.Ηοε
888 1648 1120 1727 eratPascha,quo
1127 1651 1291 1711 desideravit
1300 1654 1378 1714 lesus
1388 1654 1445 1735 pati
1452 1677 1502 1736 pro
1516 1653 1553 1709 ¹4·

55 1735 157 1788 παθεῖν,
176 1730 262 1788 Πάθη
282 1729 381 1797 πάθους
401 1729 578 1811 ἠλευθέρωσε,
592 1732 638 1790 καὶ
657 1737 704 1791 θπ.
756 1725 842 1784 nobis.
856 1728 908 1786 Per
917 1727 1092 1807 passionema
1104 1730 1227 1810 passione
1236 1731 1372 1809 liberavit,
1383 1747 1503 1807 etmorte
1544 1762 1547 1767 ·

49 1830 122 1867 νατον
136 1808 240 1878 ἐνίκησε
249 1854 257 1881 ,
267 1808 312 1868 καλ
330 1807 373 1867 iil
386 1813 435 1881 τῆς
455 1809 620 1886 βλεπομένης
638 1834 701 1890 τρο.
756 1818 870 1874 mortem
882 1805 958 1880 vicit,
972 1827 1009 1872 ac
1016 1829 1065 1888 per
1074 1808 1212 1868 risibilem
1225 1831 1313 1871 escam
1322 1812 1508 1875 immortalem·

57 1887 185 1946 ἀθάνατον
204 1886 273 1960 ζωήν
295 1890 374 1947 αὐτοῦ
395 1890 407 1945 ἐ
429 1887 568 1967 ορήγησεν.
590 1888 661 1963 Αὕτη
683 1896 700 1964 ἡ
720 1901 740 1948 u
755 1885 840 1943 vitam
855 1906 931 1944 suam
940 1885 1053 1965 largitus
1062 1901 1110 1946 est.
1124 1889 1182 1948 lloc
1193 1903 1233 1948 est
1245 1891 1364 1952 salutare
1378 1895 1440 1954 Jcsu
1454 1894 1501 1954 dc·

49 1989 58 2032 ς
75 1966 200 2039 ἐπιθυμία
216 1973 262 2026 ποθ
283 1966 385 2040 'lmu-
400 1910 475 2034 ηλπης
488 1972 502 2026 θ
516 1968 581 2047 ἔρως
595 1973 609 2028 θ
622 1992 701 2028 ποω-
755 1962 894 2040 siderium,
908 1965 955 2030 hic
970 1986 1047 2025 amor
1061 1967 1171 2027 omnino
1185 1969 1343 2049 spiritualis,
1357 1985 1388 2030 ut
1408 1987 1500 2032 osten-

49 2068 127 2117 ππθς,
143 2045 224 2114 δεῖξας
240 2045 287 2124 μὲν
305 2045 365 2113 ποὺς
384 2047 480 2113 πόπους
498 2051 533 2113 ὡς
547 2047 655 2120 ςύπθυς,
669 2050 701 2110 πθ
754 2040 801 2101 dat
817 2044 917 2123 ligneas
932 2045 1009 2136 quiesi
1030 2046 1149 2125 figuras,
1163 2061 1189 2106 et
1214 2069 1320 2108 sacrum
1343 2071 1447 2135 corpus
1455 2052 1501 2112 det

60 2129 138 2202 σῶμα
156 2135 210 2193 τοῖς
228 2130 359 2201 μαθηταῖς
378 2127 456 2186 αὐτοῦ
474 2127 631 2186 ἀντιδοῦναι,
644 2128 700 2188 Aa.
753 2120 894 2204 discipulis
904 2145 960 2184 suis
970 2147 976 2180 :
988 2125 1135 2205 Accipite,
1148 2128 1308 2187 comedite:
1319 2132 1499 2192 lrocestcor-
1512 2139 1599 2182 traoo.
1612 2139 1652 2185 αθ·

49 2227 113 2282 pm,
124 2210 201 2264 τοῦτο
211 2205 268 2264 ἔστι
279 2229 329 2282 μου
338 2206 370 2265 τὸ
381 2211 473 2283 σῶμα·
484 2205 595 2277 λάόςςς,
608 2207 698 2278 πίστι,
750 2221 807 2280 pus
832 2223 938 2262 meum.
962 2203 1110 2283 Accipite,
1128 2209 1219 2265 bibite
1234 2231 1242 2264 .·
1259 2210 1307 2268 liic
1322 2223 1366 2269 est
1379 2216 1500 2292 sanguis
1510 2199 1622 2248 ²⁶·“²⁸·

49 2305 81 2340 ιτι
105 2307 155 2360 μου
175 2283 206 2342 τὸ
226 2276 294 2360 αἷμα
310 2287 337 2342 ῖν
357 2289 434 2365 καινῇ
452 2284 564 2365 διαθήκῃ
580 2286 611 2345 τὸ
633 2287 699 2367 ὑπὲρ
753 2300 832 2340 meus
839 2286 872 2340 in
882 2303 958 2342 novo
969 2296 1153 2358 testamento,
1166 2291 1219 2366 qui
1222 2309 1277 2366 pro
1288 2291 1389 2349 multis
1399 2293 1500 2372 essun-

49 2361 217 2441 θιχυνόμενον
232 2366 268 2429 εἰς
282 2363 373 2444 ἄφεσιν
387 2366 536 2444 ἁμαρτιῶν.
556 2363 608 2423 Asi
621 2371 699 2426 τοῦτο
752 2361 838 2419 detur
859 2366 892 2420 in
914 2365 1114 2422 remissionem
1137 2378 1333 2444 peccatorum.
1358 2367 1422 2428 ldco
1445 2392 1500 2431 non

49 2452 105 2519 υμεῑ
124 2447 245 2502 τοσοῦτον
260 2451 362 2522 φαγεῖν,
377 2446 437 2503 ὅσον
458 2446 581 2522 ἐπιθυμεῖ
595 2450 698 2521 παθεῖν,
751 2451 857 2498 tautum
871 2441 1019 2515 comedere,
1036 2456 1167 2520 quantum
1181 2445 1236 2525 pati
1247 2446 1393 2525 desiderat,
1406 2461 1437 2507 ut
1450 2471 1499 2510 uos

49 2544 52 2586 ς
70 2527 115 2580 τοῦ
130 2521 174 2581 διὰ
191 2521 314 2601 βρώσεως
335 2523 434 2590 πόθους
455 2522 634 2603 ἐλευθερώσῃ·
652 2525 698 2585 καὶ
751 2519 903 2598 apassione
927 2542 975 2602 per
1003 2522 1192 2582 comestionem
1218 2527 1365 2604 promerita
1388 2528 1498 2607 liberet3

49 2622 59 2658 θ
77 2599 145 2680 ξύλῳ
160 2601 363 2681 mammam,
377 2601 422 2661 καὶ
435 2601 483 2673 τὴν
506 2603 591 2662 mna,
613 2625 696 2677 ππθη.
751 2597 865 2677 ideoque
879 2600 985 2679 lignum
995 2614 1087 2659 contra
1101 2601 1207 2682 lignum
1222 2603 1365 2685 plantavit,
1380 2621 1406 2666 et
1421 2607 1497 2669 illam

49 2680 179 2748 αάσεόῶς
193 2680 381 2760 προσηλώσας,
393 2681 456 2753 θλην
470 2680 564 2749 ἔδειξεν
582 2685 610 2740 ἐν
624 2686 697 2743 αὐτῶ
750 2677 817 2736 olim
829 2679 927 2738 malam
942 2700 1053 2738 manum
1066 2680 1188 2756 affigens,
1201 2695 1285 2742 totam
1298 2685 1383 2744 vitam
1397 2687 1497 2749 verein

49 2758 88 2830 τὴν
103 2759 173 2831 ζωὴν
194 2760 376 2839 κρεμαμένην.
392 2760 431 2820 Σὺ
456 2750 551 2839 pigi,
574 2748 696 2841 Ἰσραήλ,
750 2777 778 2816 se
793 2758 952 2837 pendentem
966 2759 1093 2818 ostendit.
1110 2760 1154 2818 Tu
1170 2761 1288 2839 quidem,
1304 2766 1426 2843 olsra'el‚
1443 2787 1504 2828 non-

49 2838 116 2910 ήθης
129 2848 220 2919 φαγεῖν
233 2863 239 2875 ·
251 2846 328 2916 ἡμεῖς
354 2839 381 2899 δὲ
397 2839 465 2917 μετὰ
487 2838 607 2919 γνώσεως
622 2845 692 2900 alea-
750 2837 862 2916 potuisti
876 2837 1055 2897 manducare:
1071 2858 1121 2897 nos
1136 2860 1200 2898 vero
1209 2861 1272 2900 cum
1284 2844 1435 2923 cognitione
1450 2847 1496 2906 in·

53 2923 238 2997 πνευματικῶς
260 2918 401 2998 ἐφάγομεν,
427 2920 474 2978 καὶ
499 2916 625 2998 φαγόντες
648 2922 695 2979 οὐχ
705 2949 742 2988 272
750 2915 858 2975 solubili
867 2916 1045 2998 spiritualiter
1054 2918 1289 2997 manducavimus,
1299 2935 1394 3004 etpost
1403 2925 1496 2987 cibun

49 3021 133 3074 πομπν,
150 2996 239 3057 Τπθπό
253 3022 298 3075 μοι
317 3000 396 3098 puts„
416 3001 454 3067 εἰς
474 2999 608 3078 σωτηρίας
628 2999 694 3059 «θώ-
713 2996 1140 3057 Asumtumnonmorimur.lloc
1148 2998 1216 3057 mihi
1224 2999 1376 3079 lignumest
1384 3003 1414 3063 in'
1420 3004 1496 3067 salu·
1596 3081 1602 3087 Ι

49 3075 91 3135 itm
113 3076 255 3158 τρέφομαι,
282 3100 366 3158 τουτῳ
384 3082 580 3156 συνεστιῶμαι·
601 3078 694 3139 τούτου
748 3088 804 3134 tem
815 3090 956 3152 aeternam3
971 3076 1022 3135 hoc
1034 3077 1149 3154 nutrior,
1166 3077 1217 3137 hoc
1228 3081 1370 3156 convivor;
1383 3084 1504 3149 sublim--

59 3136 141 3235 ῥέξαις
162 3161 365 3237 θπορριζοῦμαι,
378 3169 432 3225 τοῖς
452 3157 479 3217 δέ
502 3157 607 3225 κλάδοις
635 3181 695 3218 συν-
744 3154 792 3233 jus
805 3155 945 3215 radicibus
954 3155 1057 3215 radices
1070 3178 1151 3237 pono,
1162 3178 1251 3218 ramos
1264 3162 1496 3251 extcod05aspii'

49 3241 135 3316 αι,τῷ
148 3234 175 3294 δὲ
188 3237 320 3315 πνεύματι
333 3242 370 3304 ῶς
386 3237 437 3296 ὑπὸ
450 3239 548 3314 ἀνέμου
561 3239 694 3336 ἐντρυφῶν
746 3234 801 3293 ritu
823 3249 914 3294 autem
928 3257 976 3295 ceu
992 3245 1008 3296 a
1034 3251 1114 3295 vento
1134 3257 1197 3296 com
1217 3239 1356 3320 voluptate
1372 3243 1492 3307 exectos

49 3339 96 3374 ιαι.
108 3316 211 3375 Τούτου
221 3321 254 3387 τῆ
263 3326 328 3392 σκιᾷ
338 3317 524 3389 θπεσκήνωσα,
535 3317 580 3375 καλ
594 3340 638 3375 τον
648 3342 694 3379 πο-
747 3314 806 3372 Sub
817 3314 899 3396 hujus
909 3315 1004 3374 umbra
1019 3315 1223 3376 tabernaculum
1255 3320 1323 3394 osui,
1337 3336 1363 3381 et
1376 3321 1494 3393 multum

49 3418 112 3453 ιωνα
135 3384 268 3476 διαφυγών
291 3395 412 3476 ἔνδροσόν
437 3397 491 3476 ἔχω
514 3395 691 3475 *κατάγειον
745 3406 841 3453 aestum
857 3393 989 3468 devitans,
1000 3416 1060 3454 rore
1072 3395 1228 3475 plenumha
1290 3399 1490 3465 diversorium:

49 3481 78 3541 ιῑς
92 3473 138 3552 μὲν
153 3475 242 3534 ἄνθεσι
256 3479 389 3549 συνανθῶ,
401 3486 454 3543 ταῖς
476 3473 511 3533 δὲ
520 3485 631 3556 καρποῖς
644 3499 691 3534 τε·
745 3493 806 3532 cum
823 3473 905 3554 hujus
923 3474 1037 3533 floribus
1049 3475 1141 3550 floreo,
1157 3477 1215 3556 ejus
1240 3479 1373 3540 fructibus
1386 3504 1493 3545 summe

49 3553 129 3627 νήδω,
143 3553 202 3622 τοθς
221 3554 249 3613 δέ
272 3554 297 3623 ἐξ
320 3558 404 3636 ἀρχῆς
429 3580 473 3634 μοι
499 3555 692 3634 τετηρημένους
744 3550 873 3629 delector,
882 3555 986 3613 isumus
998 3575 1063 3614 vero
1073 3554 1109 3614 ab
1121 3555 1199 3614 initio
1207 3556 1276 3616 mihi
1289 3577 1437 3621 reservatos
1445 3562 1492 3622 de-
1520 3607 1523 3612 ,

49 3633 186 3701 ἐκωλύτως
198 3638 294 3714 τρυγῶ.
304 3635 391 3694 Τοῦτό
399 3659 444 3712 μοι
453 3639 577 3694 πεινῶντι
589 3635 690 3714 τρυφή,
745 3652 833 3713 cerpo.
848 3634 906 3692 lloc
918 3633 987 3692 mihi
1001 3634 1128 3693 esurienti
1147 3634 1279 3696 delicatus
1293 3640 1368 3699 cibus
1384 3656 1434 3716 est,
1448 3643 1491 3702 si-

49 3735 90 3770 ντι
106 3712 194 3791 πηγή,
209 3714 254 3771 καλ
267 3713 352 3787 σκέπη
385 3713 579 3795 εγυμνοιμένῳ,
599 3706 629 3772 οὗ
645 3715 690 3774 καὶ
744 3712 821 3771 tieoti
834 3713 904 3788 fons,
919 3712 992 3772 nudo
1006 3727 1201 3793 tegumentum,
1214 3717 1290 3775 cu'us
1301 3718 1364 3777 solia
1378 3721 1492 3802 spiritus

49 3816 71 3862 t,
88 3798 192 3870 πνεῦμα
205 3797 282 3864 ζωῆς.
304 3737 402 3852 Οὐκέτι
422 3817 469 3872 μοι
488 3793 574 3875 φύλλα
594 3800 687 3868 συκῆς.
743 3792 806 3850 vitae
822 3806 893 3851 sunt.
909 3796 969 3853 Non
991 3793 1061 3852 ultra
1074 3793 1142 3873 mibi
1156 3794 1220 3852 solia
1240 3740 1317 3854 licus.
1335 3798 1400 3858 Haec
1421 3800 1490 3860 mibi

49 3893 61 3928 ι
73 3871 140 3932 Θεὸν
153 3872 306 3952 φοόουμένω
317 3874 504 3952 φυλακτήριον,
518 3874 562 3932 καλ
577 3875 688 3934 σαλευο-
743 3872 831 3930 Deum
845 3872 948 3931 timenti
960 3872 1041 3930 tutela
1054 3885 1102 3946 est,
1116 3873 1222 3931 nutanti
1236 3875 1365 3943 fulcrum,
1377 3883 1489 3938 certanti

49 3949 138 4031 ήριγμα
145 3998 153 4025 ,
168 3953 212 4010 καλ
227 3933 411 4051 ἄγυινλζομένῳ
427 3953 558 4034 βραόεῖον,
571 3953 615 4011 καλ
628 3954 687 4031 τρό-
742 3949 881 4027 bravium,
892 3950 988 4010 victori
997 3964 1128 4031 tropaeum
1138 3973 1144 4006 ι
1155 3950 1213 4011 haec
1221 3953 1289 4012 mihi
1300 3969 1373 4014 arcta
1384 3957 1489 4036 semita,

51 4030 255 4102 ικηκότι·τοῦτο
269 4055 314 4109 μοι
330 4032 447 4112 ἄτραπος
464 4036 481 4102 ἡ
503 4031 597 4106 στενή,
610 4037 688 4090 τοῦτο
742 4044 855 4108 angusta
867 4030 929 4106 via;
945 4029 1002 4088 hac
1012 4030 1083 4089 scala
1104 4030 1207 4106 Jacobi,
1221 4035 1379 4112 augelorum
1393 4058 1487 4098 ascen·

51 4109 115 4186 μένη
131 4110 205 4185 ὁδὸς,
226 4115 303 4170 τοῦτο
318 4111 414 4189 κλῖμαξ
434 4111 550 4185 Ἰακὼό,
568 4111 613 4170 καλ
634 4115 687 4170 τῶν
706 4132 725 4179 B
742 4130 787 4167 sus
798 4123 824 4168 et
843 4109 994 4182 descensus,
1006 4109 1033 4168 in
1046 4110 1123 4189 cujus
1144 4109 1262 4171 culmine
1275 4126 1327 4172 stat
1340 4115 1485 4178 Dominus.

53 4190 162 4270 πορεία,
175 4195 214 4270 ἐφ’
233 4183 264 4262 ἧς
279 4191 361 4270 ἄκρας
384 4193 488 4263 ἀληθῶς
504 4191 660 4271 ἐστήρικται
673 4195 687 4250 θ
742 4188 805 4247 llaec
819 4189 927 4248 arbona
943 4201 1013 4247 terra
1029 4210 1114 4268 usque
1128 4189 1163 4247 ad
1175 4190 1271 4250 caelum
1284 4197 1412 4275 assurgit,
1433 4197 1489 4256 im-

49 4269 193 4329 Γοῦτοδένδ
224 4269 500 4351 νοθρανόμηκεςοῖπὸ
516 4276 565 4348 γῆς
585 4275 620 4338 εἰς
638 4273 686 4330 οὐ·
742 4269 863 4328 mortalis
877 4268 980 4350 planta,
994 4290 1054 4347 qum
1068 4270 1145 4327 lirma
1161 4269 1276 4348 erigitur
1289 4273 1315 4331 in
1328 4274 1417 4334 medio
1428 4277 1488 4336 eseli

50 4346 177 4422 νέόαινεν,
190 4293 318 4410 ignivomi
341 4351 431 4430 φυτὸν,
445 4350 570 4430 στηρίξας
594 4351 686 4410 ἑαυτὸν
741 4361 767 4406 ct
780 4361 867 4424 terrm,
882 4349 1000 4407 fulcrum
1018 4348 1156 4421 universi,
1176 4349 1378 4414 finnamentum
1404 4356 1488 4432 orbis,

64 4428 174 4506 οὐρανοῦ
195 4453 224 4488 τε
249 4429 294 4487 καλ
317 4433 379 4509 γῆς,
395 4428 516 4510 έδρασμα
537 4433 590 4488 τῶν
609 4430 686 4504 όλων,
741 4428 893 4518 complexio
910 4427 1015 4502 mundi,
1029 4429 1170 4487 mortalem
1192 4431 1296 4491 variam
1308 4434 1488 4496 substantiam

63 4513 108 4564 τοῦ
122 4508 228 4583 παντὸς,
242 4509 352 4587 ἔρεισμα
372 4513 419 4579 τῆς
441 4508 504 4582 όλης
517 4509 686 4587 οἰκουμένης,
740 4521 888 4584 continens,
902 4506 1087 4568 invisibilibus
1100 4507 1212 4588 spiritus
1226 4510 1311 4571 clavis
1331 4514 1488 4591 confixam

49 4609 76 4643 ια
91 4588 228 4664 κοσμικόν,
244 4593 293 4659 τῆς
315 4589 437 4661 ποικιλης
457 4576 687 4669 καλᾶνθρυιπένης
739 4587 778 4645 rei
792 4586 893 4647 divine
906 4608 1055 4666 congruens
1069 4607 1122 4645 non
1137 4588 1207 4647 ultra
1221 4591 1353 4670 solvatur,
1360 4614 1488 4670 'summos

49 4668 182 4737 ινεκτικὸν,
197 4667 319 4746 ἀοράτοις
340 4669 451 4747 γόμφοις
469 4674 514 4726 τοῦ
537 4667 687 4745 πνεύματος
739 4667 823 4725 caelos'
842 4667 1008 4746 contingens,
1023 4665 1140 4747 pedibus
1158 4687 1223 4727 vero
1241 4682 1341 4731 temam
1361 4674 1483 4753 firmans,

49 4743 106 4812 ἕνον,
119 4747 162 4803 ἵνα
175 4752 212 4828 τῷ
224 4747 284 4829 θεέῳ
299 4746 477 4827 συναρμοσθλν
497 4746 593 4824 μηκέτι
602 4749 685 4827 λυθῇ,
739 4745 1107 4826 multumqueintennedium
1126 4746 1195 4806 aeris
1217 4749 1344 4830 spiritum
1367 4750 1432 4813 undi
1454 4775 1487 4814 ue

49 4829 68 4882 iu
83 4835 206 4905 κορυφαῖς
218 4832 270 4886 τῶν
289 4830 405 4907 οὐρανῶν
420 4828 559 4907 ἐπιψαῦον,
572 4826 621 4898 τήν
637 4831 686 4906 γῆν
738 4825 876 4885 immensis
898 4824 1024 4884 manibus
1037 4824 1225 4907 complectens.
1243 4829 1330 4890 Totus
1341 4845 1397 4891 erat
1419 4775 1484 4892 nii-

50 4925 78 4960 ον
96 4904 176 4977 roci,
191 4906 221 4965 τὸ
235 4905 262 4964 δὲ
276 4904 344 4965 πολὺ
367 4905 413 4964 καλ
428 4905 508 4984 μέσον
521 4911 626 4984 πνεῦμα
640 4911 687 4965 τοῦ
738 4905 827 4984 quein
839 4905 976 4980 omnibus,
990 4917 1015 4965 et
1028 4926 1078 4986 per
1088 4925 1117 4964 sc
1132 4906 1218 4966 solum
1233 4924 1324 4969 contra
1338 4911 1423 4970 aerius

50 4982 161 5062 ταχόθεν
170 4985 592 5067 χερσὶνάμετρήτοιςπεριλαόόν.
605 4986 686 5053 Ὅλος
738 4999 843 5046 νοεῖσθαι
852 4983 942 5046 nudus
955 5004 1112 5064 congressus
1121 4998 1177 5045 est:
1192 5000 1218 5047 et
1232 4987 1267 5047 ad
1280 4933 1484 5070 brevequiieii

53 5179 70 5216 θ.
82 5173 242 5236 καταγώγιον]
