3750 5940
51 451 91 500 ιι.
110 449 219 500 utu.
246 425 294 500 ni.
324 450 419 500 erun
458 518 462 525 ι
526 494 532 507 .
777 432 797 524 4

51 611 54 624 ·
106 587 134 635 et
145 574 214 635 dicit
226 599 234 634 ε
245 577 348 650 Pater,
368 577 483 657 gratias
494 593 552 656 ago
566 576 631 648 tihi,
645 579 787 657 quoniam
801 596 856 637 att·

51 668 178 738 matur·
198 690 252 727 me.
266 669 336 727 Nam
351 668 455 748 siquos
469 667 530 727 vult
553 666 687 743 vivificat,
701 681 728 727 et
751 667 790 728 ite
810 667 856 727 ri·

51 804 55 831 ‚
106 759 200 820 vificat
212 775 244 820 nt
260 762 360 838 Pater,
380 783 430 821 cur
443 761 590 842 precatur?
604 760 658 822 Sed
669 761 727 841 jun
748 775 856 844 ternpus

51 879 55 914 ι
107 865 146 911 est
160 852 195 912 ad
208 853 298 913 locum
310 853 412 914 venire.
433 853 570 914 Tulerunt
582 875 646 936 ergo
659 852 791 934 lapidem,
805 852 855 914 ubi

106 959 164 1005 erat
186 960 310 1007 mortuus
317 948 419 1027 jacens.
433 948 520 1008 lesus
534 940 778 1023 commederet&
789 946 855 1008 run

106 1058 171 1097 sum
185 1040 289 1116 oculis,
315 1041 391 1099 dixit
406 1063 416 1098 .·
431 1041 544 1113 Pater,
566 1044 682 1122 gratias
707 1059 764 1121 ago
787 1040 852 1111 tibi,

51 1177 54 1196 ,
106 1135 248 1210 quoniam
260 1132 370 1191 audisti
379 1153 435 1191 me.
449 1134 515 1213 Ego
526 1144 625 1192 autem
635 1135 764 1192 sciebam
774 1131 857 1213 quod

51 1253 53 1274 ι
104 1242 218 1303 semper
231 1244 278 1282 me
290 1224 390 1293 audin
404 1225 458 1283 sed
475 1236 594 1305 propter
602 1227 720 1303 turbam
730 1226 854 1283 circurn-

104 1327 233 1374 stantem
246 1317 319 1388 dixi,
337 1328 369 1375 ut
386 1317 512 1376 credant
536 1320 608 1397 quia
628 1330 661 1377 tu
674 1337 721 1376 me
733 1317 851 1376 misisti.

51 1437 52 1447 ι
103 1406 303 1486 interrogemus
322 1428 386 1489 ergo
409 1407 590 1468 hereticum:
604 1428 672 1468 num
691 1428 740 1490 per
761 1428 853 1490 preces

102 1499 216 1577 gratiam
241 1513 421 1605 consequutus
440 1512 580 1560 mortuum
599 1497 761 1561 suscitavit?
784 1494 887 1599 quo-²²¹

103 1589 184 1651 modo
194 1612 257 1671 ergo
266 1591 355 1651 alia
333 1612 391 1653 stne
402 1592 527 1673 precihus
537 1604 664 1674 operatus·
673 1604 723 1670 est,
744 1604 774 1651 ut
787 1612 852 1652 cunt
860 1555 887 1660 i:

102 1683 508 1758 ait,T1btdscodamouium,
524 1686 672 1767 Egredere
689 1687 796 1755 abeo5
810 1697 887 1786 ιιι,Μ
870 1688 887 1724 ¹¹

68 1794 87 1840 c
105 1777 188 1849 Volo,
200 1778 356 1847 mundare,·
366 1790 404 1855 et,
420 1778 504 1837 Tolle
513 1780 689 1860 grabbatum
704 1788 800 1849 turam
812 1789 850 1851 et,
860 1803 887 1848 t·

103 1871 303 1929 demittuntur
317 1873 371 1929 tibi
389 1884 512 1951 peccata
527 1883 602 1941 tua;
616 1882 643 1929 et
656 1867 746 1942 meris
761 1871 849 1942 Tace,
861 1866 887 1912 Μ

104 1965 267 2022 obmutesce
276 1969 289 2021 Ρ
298 1962 365 2042 quid
379 1962 442 2045 plus
452 1962 535 2023 habet
548 1984 631 2043 quam
644 1960 807 2043 apostoli,
784 1982 813 2027 ιι
825 1930 887 2036 etii

51 2111 52 2115 ,
103 2056 161 2137 ipse
183 2056 309 2137 precibus
321 2056 470 2138 operatur?
483 2059 543 2117 imo
555 2076 590 2117 ne
602 2055 658 2138 ipsi
671 2051 780 2134 quidem
803 2055 887 2162 perss

104 2171 196 2253 preces
222 2150 312 2209 omnia
334 2150 480 2229 faciebant,
501 2147 548 2210 sed
569 2170 639 2232 sepe
651 2151 709 2215 sine
726 2150 887 2231 pmcibusfl

105 2242 214 2301 nomine
228 2245 292 2304 Jesn
307 2242 460 2302 utebantur.
478 2242 508 2301 Si
533 2262 598 2301 vero
608 2262 705 2304 nomen
722 2243 782 2325 ejus
793 2240 887 2302 tan-³1

104 2345 160 2390 tam
170 2332 299 2392 virtutem
309 2333 415 2411 habuit,
429 2332 583 2413 quomodo'
572 2354 634 2428 ipse
646 2335 773 2417 precibus
784 2355 854 2441 opus

104 2425 248 2486 imbuerit.
241 2427 255 2468 ⁹
269 2425 300 2486 Si
315 2426 441 2508 precibus
456 2416 581 2508 eguisset,
592 2427 672 2510 piane
681 2448 780 2491 nomen
794 2427 853 2509 ejus

102 2538 162 2577 enm
183 2519 241 2579 vim
261 2540 314 2579 non
330 2519 481 2580 habuisset.
507 2521 577 2580 Com
598 2535 689 2582 autem
714 2520 854 2582 hominem

101 2611 173 2685 fecit,
186 2611 286 2690 quibus
300 2625 339 2671 est
354 2612 480 2694 precibus
495 2614 581 2674 usus?
594 2635 687 2675 nonne
704 2614 790 2675 mnnita
812 2612 853 2673 titi

101 2704 259 2782 equalitas?
271 2708 442 2776 Faciamus,
456 2705 566 2784 inquit,
589 2708 747 2768 hominem.
775 2704 853 2781 Quid
865 2728 885 2773 u

100 2810 192 2855 autent
205 2796 352 2874 infirmius,
370 2797 392 2855 si
408 2796 450 2855 itti
464 2796 630 2879 precandum
644 2798 723 2870 suit?
739 2796 794 2860 Sed
805 2798 850 2860 vi·

67 2912 86 2960 υ
100 2887 213 2947 denmus
226 2911 287 2968 quae
298 2889 333 2948 sit
344 2889 450 2949 oratio:
468 2892 571 2962 Pater,
586 2894 772 2972 gratiasago
786 2894 851 2964 tibi,

101 2975 171 3061 quia
186 2982 296 3040 audisti
309 3002 365 3040 me.
379 2979 449 3052 Quis
463 3002 593 3060 umquam
607 2981 643 3041 ita
652 2994 776 3063 precatus
786 2982 867 3043 est?-

100 3072 261 3151 Priusquam
281 3070 350 3150 quid
363 3071 439 3131 aliud
461 3071 599 3152 loquatur,
624 3071 701 3150 dicit,
729 3074 853 3135 Gratias

100 3186 156 3245 ago
171 3168 235 3238 tibi,
247 3164 388 3225 ostendens
409 3186 438 3225 se
450 3164 578 3247 precihus
603 3185 657 3225 non
681 3184 770 3247 egere.
786 3167 854 3248 Ego

100 3273 199 3318 autem
221 3262 349 3319 sciebam
372 3263 445 3342 quia
471 3279 584 3339 semper
605 3281 651 3318 me
673 3261 768 3320 audis.
794 3258 855 3319 Hoc

99 3349 181 3426 dixis,
204 3372 256 3411 non
271 3351 345 3431 quod
360 3352 417 3434 ipse
441 3371 495 3411 non
516 3354 616 3432 posset,
631 3351 680 3413 sed
701 3349 854 3432 quodum

100 3459 167 3504 esset
184 3445 317 3507 voluntas.
331 3446 388 3518 ¹Cur
401 3443 529 3526 precandi
542 3444 629 3507 forma
640 3467 706 3506 usus
718 3445 780 3508 est?
793 3446 854 3506 Non

100 3559 153 3610 me,
166 3537 212 3597 sed
229 3537 307 3597 illurn
320 3537 455 3597 dicentem
477 3536 544 3597 audi
558 3560 566 3595 z
582 3541 708 3620 Propter
728 3541 865 3623 circum<

101 3644 229 3690 stantem
254 3633 382 3703 turbam,
406 3643 439 3690 ut
460 3644 639 3712 cognoscant
663 3634 737 3714 quia
757 3643 789 3691 tu
809 3651 856 3690 me

102 3727 220 3782 misisti·
236 3724 296 3782 Non
319 3721 402 3798 dixit,
415 3723 453 3782 Ut
467 3736 628 3802 cognoscant
656 3744 699 3782 me
723 3722 856 3791 minorem

68 3843 87 3890 Β
102 3837 168 3891 esse,
181 3837 225 3875 me
238 3837 354 3897 superna
367 3815 455 3895 gratia
476 3837 562 3896 egere,
576 3828 603 3874 et
625 3814 684 3874 sine
701 3814 855 3896 precatione

102 3909 206 3990 operari
219 3930 271 3967 nou
283 3930 361 3990 posse
368 3932 376 3985 ς
389 3908 445 3981 sed,
465 3910 542 3987 Quia
552 3903 645 3968 tu'me
658 3911 772 3972 misisti.
788 3906 854 3968 Herc

101 4003 201 4083 qnippe
216 4003 305 4061 omnia
329 4002 446 4084 precatio
474 4001 618 4083 significat,
646 4001 669 4061 si
694 4000 854 4083 simpliciter

103 4095 178 4155 iilam
189 4095 361 4176 accipiamus
375 4096 433 4155 Non
444 4093 525 4168 dixit,
537 4094 638 4155 Misisti
649 4115 692 4155 me
701 4093 851 4171 infirmum,

104 4189 242 4248 servitutis
252 4187 402 4259 conscium,
417 4187 464 4264 qui
478 4186 547 4246 nihii
561 4209 596 4246 ex
607 4209 650 4247 me
664 4175 789 4268 possntn3
804 4186 853 4248 sed

51 4318 52 4321 =
60 4338 96 4376 ³35
104 4280 148 4339 his
168 4281 259 4339 missis
271 4279 406 4353 omnibus,
421 4302 454 4339 ne
466 4278 570 4358 aliquid
587 4278 686 4338 horum
697 4278 851 4361 suspiceris,

70 4394 90 4440 a
105 4394 195 4433 veram
205 4371 334 4453 precandi
349 4392 456 4430 causam
471 4370 560 4445 offert,
573 4373 613 4430 Ne
625 4392 669 4431 me
683 4372 742 4431 Deo
753 4365 851 4432 aduer-

75 4510 78 4513 -
103 4464 206 4524 sarium
227 4477 372 4545 putarent3
389 4485 421 4523 ne
434 4462 563 4538 dicerent,
579 4463 640 4523 Non
655 4476 694 4524 est
716 4481 752 4524 ex
766 4465 825 4524 Deo
839 4486 850 4541 3

104 4571 134 4616 ut
148 4555 286 4616 ostendam
310 4577 367 4615 rem
381 4556 481 4614 sactum
494 4576 551 4614 esse
564 4555 714 4617 secundum
727 4555 852 4617 volun'to·

104 4663 158 4708 tem
172 4661 260 4722 tuam3
274 4668 306 4705 ac
315 4646 338 4706 si
351 4645 462 4723 diceret,
476 4645 507 4706 Si
520 4648 577 4705 Deo
593 4646 745 4708 contrarius
757 4661 852 4722 essem,

104 4763 146 4800 res
175 4761 227 4798 non
248 4738 428 4819 processisset.
449 4736 523 4798 tltud
551 4758 625 4814 vero,
650 4739 774 4800 Audisti
794 4762 851 4817 me,

103 4833 184 4894 etiam
199 4832 268 4891 inter
276 4829 378 4890 amicos
389 4827 490 4889 dicitur
500 4842 526 4889 et
539 4828 663 4909 aquales.
676 4833 743 4912 Ego
754 4844 853 4893 autem

89 5013 149 5075 pust.
162 5004 224 5065 Quor
234 5012 307 5067 putat
319 4997 426 5051 sutilius
435 4998 552 5068 conjungi
565 5016 637 5066 posse
647 5017 706 5050 cunr
718 4997 748 5051 iis
759 5018 814 5069 qun
826 5003 851 5053 iu

88 5095 159 5133 textu
170 5080 305 5143 habentur,
318 5084 364 5144 sic,
372 5088 415 5147 ipis
431 5085 455 5132 ii
469 5085 528 5148 ᾔδειν
539 5087 574 5135 ὅτι
585 5087 685 5135 πάντοτέ
694 5102 740 5147 μου
751 5084 850 5141 hadrae·

88 5170 221 5227 πάνταγὰρ
236 5171 313 5224 ποιεῖς,
323 5170 372 5209 etc.
386 5155 438 5210 Sed
452 5157 507 5209 sine
524 5158 753 5223 manuscriptorum
764 5170 853 5210 sucto-

90 5239 166 5290 ritnte
178 5237 240 5291 mhu
251 5239 355 5306 jungere
368 5234 497 5288 nudemus.
