3750 5940
57 461 117 510 uu.
147 460 205 509 nx.
233 436 278 509 al,
305 461 377 510 nur.
625 506 630 516 ,
778 436 848 527 4⁰7

108 607 199 646 revera
209 586 420 667 exprobrnnrnt:
429 583 713 665 Aliossalvossecit,
725 586 851 662 seipsum
860 599 947 646 Maru.
960 612 991 664 ⁸7

109 698 168 736 non
173 690 267 758 potest
276 679 392 738 salvum
396 680 504 762 jacere
511 703 522 748 ,·
534 683 568 751 et,
578 676 610 736 Si
623 677 720 735 Filius
735 677 795 735 Dei
807 698 848 751 es,

109 771 250 829 descende
270 773 307 830 de
319 791 413 832 cruce¹
440 771 523 851 Atqui
546 767 607 829 ideo
631 789 684 830 non
701 767 850 849 descendit,

109 865 172 943 quia
184 865 270 926 Filius
280 866 331 926 Dei
341 881 389 928 cut.

859 663 900 722 4²·
911 672 934 709 οι
945 665 987 723 to.

146 1516 174 1573 5.
197 1514 301 1575 Deinde
316 1538 349 1575 ne
369 1515 493 1592 audiens,
509 1520 691 1599 Praecptum
714 1526 812 1604 accepi
832 1544 868 1596 a,

106 1610 208 1679 Patre,
225 1607 343 1667 alienum
358 1610 394 1668 ab
408 1631 439 1669 eo
451 1611 502 1670 hoc
516 1633 585 1692 opus
598 1633 655 1671 esse
664 1626 783 1693 putares,
794 1615 853 1697 jam

106 1701 182 1782 prius
197 1701 315 1778 dixerat,
330 1705 429 1762 Bonus
441 1717 545 1784 pastor
559 1708 690 1763 animam
704 1724 788 1764 suam
800 1727 853 1786 po-

107 1799 150 1853 nit
161 1817 215 1874 pro
232 1799 347 1866 ovibuS,
366 1796 410 1855 his
423 1795 565 1855 ostendens
585 1818 648 1855 oves
662 1818 718 1855 esse
736 1818 816 1875 suas,
827 1811 853 1858 et

104 1907 172 1966 opus
183 1901 286 1965 gestum
303 1901 388 1946 totum
402 1909 457 1946 esse
476 1909 564 1963 suum,
579 1908 628 1946 nec
640 1908 668 1946 se
688 1908 764 1968 egere
783 1911 853 1971 prae-

104 1993 193 2059 cepto.
208 1980 276 2036 Num
287 1980 310 2037 si
322 1991 455 2060 praecepto
470 2000 538 2060 opus
548 1978 694 2054 habuisset,
709 1978 853 2040 curdixis·

104 2085 154 2147 set,
166 2071 198 2129 A
211 2076 317 2152 meipso
327 2079 426 2152 pono?
437 2072 507 2130 Nam
518 2072 565 2151 qui
576 2094 592 2130 a
604 2071 690 2154 seipso
701 2072 787 2155 ponit,
799 2095 853 2134 non

104 2176 164 2242 eget
183 2177 324 2244 praecepto.
339 2163 456 2222 Causam
469 2184 575 2243 quoque
589 2161 665 2223 addit
679 2163 794 2224 curbae
813 2165 852 2225 sa·

104 2255 166 2314 ciat.
190 2256 322 2327 eraennm
344 2255 412 2314 illa?
428 2254 509 2328 Quod
532 2269 624 2336 pastor
638 2239 679 2314 'sit
689 2301 699 2335 ,
715 2269 742 2315 et
765 2257 854 2319 bonus

104 2362 202 2428 pastor,
215 2349 477 2429 Ronusvcropnstor
487 2370 540 2408 non
555 2361 613 2428 eget
622 2348 676 2408 alio
685 2347 733 2428 qui
749 2348 854 2411 adrem

72 2455 87 2501 u
104 2440 178 2498 illam
194 2462 220 2499 se
237 2441 367 2500 hortetur.
381 2439 462 2512 Quod
479 2440 500 2500 si
516 2439 544 2499 id
559 2439 854 2511 inhominibus,multo
897 2459 900 2463 ’

105 2534 191 2611 magis
205 2535 232 2591 in
250 2535 316 2592 Deo.
332 2534 395 2593 ldco
411 2532 512 2592 Paulus
523 2531 645 2609 dicebat,
664 2535 853 2616 Semetipsum
864 2547 1004 2610 Ptutpaq,

105 2631 280 2685 exinanivit.
296 2627 372 2686 Nihil
386 2649 449 2707 orgo
465 2626 540 2686 aliud
554 2627 600 2687 lu'c
614 2627 666 2686 sibi
683 2629 743 2688 vult
756 2651 855 2711 prece-

103 2735 200 2801 ptum,
224 2741 305 2798 qrrarn
329 2718 499 2778 concordiam
519 2740 581 2777 cum
605 2722 684 2779 Patre
705 2720 852 2782 ostendere.

104 2812 184 2884 Quod
204 2812 225 2870 si
245 2827 299 2870 tarn
313 2812 432 2871 humano
445 2826 471 2871 ct
485 2810 583 2870 humili
599 2833 673 2891 more
688 2811 793 2873 dictum
807 2814 852 2892 sit,

105 2904 131 2963 id
151 2903 305 2963 auditorum
323 2903 501 2962 imbecillitati
516 2902 701 2963 tribuendum.
721 2906 769 2964 19.
786 2907 854 2965 Dis·

104 3001 200 3056 sensio
210 3001 309 3076 itaque
320 2999 456 3076 factaest
470 3001 547 3056 inter
559 2998 690 3056 Judoeos.
705 2999 753 3057 20.
766 2999 855 3058 Dice·

105 3092 179 3147 bant
202 3089 267 3160 alii,
285 3091 473 3146 Damonium
487 3089 576 3147 habet
593 3102 620 3147 et
635 3092 757 3149 insanit.
777 3091 857 3168 Quid

104 3202 168 3239 eum
190 3183 323 3240 auditis?
344 3183 391 3239 tt.
407 3181 476 3238 Alii
493 3181 653 3239 dicebant:
670 3183 745 3241 Hcec
760 3184 856 3242 uerba

105 3294 163 3329 non
185 3286 253 3330 sunt
267 3274 442 3329 demonium
462 3272 607 3337 babeatis.
626 3274 780 3354 Numquid
795 3275 854 3332 dae-

104 3369 233 3423 mom'um
252 3377 347 3444 potest
368 3385 510 3423 circorum
523 3365 623 3424 oculos
637 3370 770 3446 aperire?
783 3368 854 3427 Cum

103 3459 174 3517 enim
189 3458 251 3539 plus
266 3480 347 3537 quarn
361 3458 479 3517 humana
494 3472 580 3517 essent
599 3479 658 3538 qutc
672 3457 852 3539 dicebantur,

103 3566 127 3610 et
152 3565 248 3632 practer
268 3573 439 3610 communem
457 3549 692 3627 consuetudinem,
706 3551 853 3614 daemonia·

67 3660 85 3706 c
103 3666 164 3703 curn
180 3645 257 3703 illum
274 3644 413 3721 dicebant,
426 3645 537 3725 jamque
548 3658 643 3723 quater
657 3646 696 3706 sic
711 3645 789 3705 illurn
803 3669 852 3709 vo·
901 3662 1005 3707 curium

104 3752 206 3796 carunt.
218 3739 287 3796 Nam
296 3752 372 3796 antea
386 3737 511 3796 dicebant
522 3763 527 3794 :
539 3740 725 3798 Daemonium
739 3741 829 3799 habes
840 3765 849 3797 .·
860 3727 1007 3832 Ψέζὶὴΐζζ

103 3837 211 3912 arcis-te
226 3838 329 3914 quarit
352 3834 537 3913 interficere?
556 3854 587 3890 ac
608 3854 730 3917 rursum,
745 3836 905 3894 libanetuu
929 3849 1007 3909 appet-

105 3928 176 3983 hene
196 3928 323 3986 dirirrius
347 3930 417 4007 quia
438 3926 643 3984 Samaritanus
655 3947 684 3985 es
697 3939 739 3997 tu,
753 3939 780 3984 et
793 3928 851 3984 da·
861 3914 927 4019 ¹222
965 3985 994 4019 ιο

104 4022 233 4076 monium
246 4021 357 4078 babes?
370 4033 394 4077 et
407 4018 460 4089 hic,
470 4020 656 4076 Damoniom
668 4020 793 4077 habetet
807 4022 852 4077 in·
862 4046 883 4082 er
894 3988 971 4097 &4⁷8
998 4005 1005 4018 Ι

105 4115 196 4178 sarrin
222 4114 295 4190 quid
308 4133 372 4169 enm
390 4112 523 4169 creditis?
537 4111 595 4167 lmo
608 4131 661 4168 non
677 4124 771 4189 quater
783 4157 791 4185 ,
805 4111 854 4172 sod

104 4202 201 4282 sapius
217 4202 243 4259 id
261 4202 338 4260 iilum
351 4201 489 4260 audivissc
506 4214 618 4259 constat.
638 4202 709 4259 Nam
722 4202 795 4280 quod
810 4202 854 4263 di-

104 4308 176 4367 cunt,
185 4298 290 4353 Nonne
303 4299 372 4353 bene
390 4297 517 4352 dicimus
528 4297 598 4374 qnia
611 4295 787 4353 damonium
799 4297 854 4354 ba-

104 4389 172 4444 bes?
184 4386 286 4444 nonbis
296 4385 340 4445 vcl
355 4400 407 4460 ter,
416 4384 463 4443 scd
474 4385 572 4465 sapius
587 4383 659 4443 illud
668 4382 773 4444 dictum
786 4386 853 4447 fuis·

102 4500 130 4537 sc
143 4479 312 4536 confirmant.
330 4478 397 4536 Alo·
407 4474 552 4549 dicebant,
565 4476 663 4556 inquit,
676 4479 750 4537 Hac
761 4484 853 4539 verba

104 4586 235 4631 nonsuat
247 4574 422 4630 daemoaium
430 4574 576 4630 habentis.
585 4572 740 4652 Numquid
745 4574 853 4632 damo-

104 4672 183 4725 nium
190 4680 283 4746 potest
295 4688 436 4725 circorum
447 4666 545 4724 oculos
554 4669 667 4745 aperire
677 4671 690 4723 Ρ
699 4665 771 4737 Quia
781 4667 853 4726 enim

103 4782 137 4819 cx
151 4759 240 4819 verbis
260 4781 311 4817 non
333 4772 456 4840 poterant
471 4758 526 4817 illis
544 4758 681 4817 silentium
702 4759 853 4841 imponere,

67 4868 86 4915 Ι)
104 4874 137 4910 cx
151 4852 278 4934 operibus
293 4850 322 4910 id
337 4850 529 4911 demonstrant.
541 4846 619 4911 Certe
632 4851 715 4912 verba
726 4873 779 4911 non
791 4866 855 4911 sunt

87 5082 133 5134 set,
147 5082 204 5135 post
213 5068 289 5119 allato
303 5071 350 5119 trin
363 5069 418 5120 loca
431 5082 548 5136 quartum
559 5071 594 5120 sic
606 5067 764 5135 expresserit,
775 5086 855 5135 soepe·

88 5168 137 5215 quc
150 5150 226 5197 alias.
238 5150 313 5198 Certo
325 5154 436 5218 τὲταρτον
449 5147 543 5200 babent
555 5150 640 5199 omnia
653 5145 815 5212 exemplaria,
828 5157 855 5196 ct

89 5223 127 5278 bis
140 5227 180 5276 hic
195 5226 309 5278 babetur.

124 5327 133 5346 ¹¹
153 5306 198 5357 Alii
212 5314 277 5361 iiior
288 5312 310 5359 ii
321 5314 404 5371 ἔλεγον.
