3750 5940
61 453 85 501 r.
115 451 208 502 cxiv.
235 430 283 502 al.
313 456 409 511 extri.
780 435 850 526 443

63 573 225 677 {terimus
237 590 264 636 et
276 578 486 659 enigmatibus?
499 578 572 639 Satis
591 585 648 638 erat
661 577 776 658 dixisse,
794 582 854 639 Non

108 689 169 727 sum
188 671 313 749 aequalis,
327 685 354 730 et
374 693 431 731 rem
448 671 560 732 solvere.
573 671 647 742 Quid
662 673 750 752 ergo?
765 693 855 732 annon

107 760 194 836 dixit,
209 761 327 842 inquies,
342 766 411 823 Non
425 766 514 847 facio
534 765 721 824 voluntatem
740 772 856 825 meam?

108 852 162 912 Sed
175 854 244 914 illud
258 856 422 917 subobscure
438 857 526 936 dixit,
539 872 566 917 et
579 871 688 940 propter
698 879 791 918 eorum
803 858 856 918 im-

109 945 298 1025 becillitatem,
310 948 402 1009 eadem
415 950 449 1010 de
463 972 542 1010 causa
550 996 559 1027 ,
572 972 626 1030 qua
640 950 721 1010 etiam
732 964 856 1033 precatus

110 1051 156 1097 est.
172 1038 246 1111 Quid
255 1055 346 1102 autem
361 1042 414 1101 sibi
428 1042 487 1102 vult
499 1041 584 1119 illud,
602 1043 748 1121 Quoniam
768 1045 855 1102 audi-

109 1136 147 1190 sti
161 1139 225 1191 me?
239 1133 296 1193 lloc
312 1149 363 1209 est,
377 1135 454 1195 Nibil
470 1134 592 1195 interme
606 1148 632 1195 et
650 1148 676 1194 te
691 1135 856 1195 eontrarium

109 1239 157 1282 est.
168 1224 404 1297 Quemadmodum
414 1228 498 1308 igitur
507 1226 588 1303 illud,
602 1227 726 1289 Audisti
733 1250 790 1301 me,
803 1249 857 1288 non

109 1317 242 1397 significat
254 1321 345 1401 ipsnm
358 1343 410 1381 non
423 1343 500 1402 posse
514 1321 629 1397 (namsi
641 1322 692 1381 lroc
703 1336 771 1382 esset
779 1368 789 1399 ,
803 1343 857 1383 non

109 1408 266 1490 impotentia
274 1414 373 1492 solum,
384 1413 431 1474 sed
440 1428 466 1473 et
474 1414 624 1494 ignorantia
633 1429 712 1493 esset,
723 1414 858 1495 siquidem

108 1517 170 1561 ante
192 1507 372 1586 precationem
395 1507 548 1568 nescivisset
574 1508 664 1567 Deum
685 1530 856 1568 assensurum

109 1616 165 1655 esse
180 1598 221 1655 :si
235 1620 299 1659 vero
313 1600 467 1680 ignorabat,
481 1600 618 1679 quomodo
631 1599 715 1677 dixit,
732 1603 816 1661 Vade
825 1614 859 1662 ut

75 1711 92 1758 B
109 1693 244 1748 suscitem
257 1698 344 1750 eum?
363 1713 411 1751 nec
425 1690 515 1769 dixit,
532 1691 611 1753 Vado
630 1706 789 1774 precaturus
804 1695 858 1754 Pa-

108 1796 191 1861 trem,
204 1799 234 1844 ut
246 1787 355 1846 suscitet
366 1793 445 1863 eum)
459 1812 465 1845 ε
476 1786 720 1867 quemadmodum,
730 1790 857 1870 inquam,

108 1877 159 1936 boc
173 1900 226 1938 non
247 1879 456 1955 imbecillitatis,
470 1879 517 1940 sed
536 1881 685 1940 concordie
703 1896 757 1958 est,
777 1881 858 1943 sicet

109 1970 190 2048 illud,
203 1974 321 2054 Semper
334 1995 380 2031 me
391 1976 486 2033 audis,
502 1979 557 2034 Aut
576 1975 627 2034 hoe
640 1973 795 2053 dicendum,
810 1991 858 2036 aut

107 2065 323 2145 respondendum
327 2066 399 2142 ,brec
411 2081 522 2150 propter
536 2068 645 2127 illorum
652 2069 805 2151 opinionem
816 2070 859 2129 di-

107 2172 149 2217 eta
163 2159 252 2218 fnisse.
270 2159 351 2231 Quod
366 2159 390 2219 si
404 2181 453 2219 nce
467 2161 624 2240 ignorabat,
638 2183 688 2221 nec
705 2162 860 2224 imbecillus

107 2265 174 2327 erat,
198 2251 288 2331 palam
302 2266 340 2311 est
355 2252 435 2312 illum
450 2252 510 2312 ideo
524 2253 640 2312 bomilia
661 2254 745 2314 verba
762 2255 861 2335 loquu-

109 2355 167 2401 tum
179 2344 274 2419 luisse,
290 2359 319 2404 ut
329 2345 372 2405 vel
386 2367 421 2404 ex
429 2345 581 2427 hyperbole
592 2344 685 2406 eredas
696 2360 723 2406 et
735 2346 859 2407 conlitmi

109 2435 224 2514 cogaris,
236 2436 293 2495 bac
305 2436 408 2497 dixisse
424 2437 502 2497 illum
513 2459 566 2496 non
578 2437 727 2498 secundum
741 2437 861 2520 dignita-

109 2545 162 2590 tern
176 2554 261 2608 suam,
280 2533 327 2593 sed
348 2534 496 2594 secundum
514 2534 729 2594 imbecillitatem
753 2535 861 2597 audito-

107 2646 180 2683 rum.
200 2626 273 2698 Quid
294 2648 357 2707 ergo
377 2629 454 2686 aiunt
474 2628 597 2688 veritatis
616 2628 729 2688 hostes?
744 2630 806 2688 Non
824 2628 860 2689 ad

109 2717 321 2778 imbecillitatem
334 2719 489 2780 auditorum
503 2720 587 2798 dixit,
602 2721 730 2782 Audisti
744 2744 801 2794 me;
813 2722 861 2783 sed

72 2835 91 2882 c
109 2828 138 2873 ut
153 2816 301 2879 ostenderet
317 2817 533 2898 praecellentiam.
549 2820 653 2879 Verum
667 2817 719 2878 boc
733 2840 786 2878 non
801 2835 859 2880 erat

109 2912 315 2990 praecellentiam
327 2912 526 2988 demonstrare,
541 2911 588 2972 sed
602 2911 750 2972 admodum
764 2913 860 2974 bumi-

109 3002 170 3062 liter
185 3025 271 3083 agere,
283 3005 474 3085 ostendereque
484 3027 512 3065 se
523 3005 592 3065 nihil
603 3005 665 3086 plus
675 3026 757 3084 quam
766 3006 858 3067 homi-

110 3119 171 3156 nem
190 3098 296 3158 babere.
311 3100 381 3158 Nam
395 3100 499 3182 precari
524 3120 578 3159 non
596 3111 635 3157 est
654 3100 717 3179 Dei,
733 3121 782 3159 nec
800 3093 862 3184 ejus*
922 3123 1012 3169 errari

110 3191 157 3269 qui
178 3189 205 3249 in
227 3190 319 3250 eodem
340 3190 414 3250 sedet
435 3192 513 3251 solio.
533 3193 634 3255 Viden’
652 3197 728 3256 nulla
750 3199 804 3259 alia
824 3188 1010 3260 de'⁰¹¹‘⁸¹⁰⁶l·

111 3304 189 3343 causa
204 3284 302 3344 adhoc
323 3284 439 3358 venisse,
455 3285 507 3343 nisi
530 3301 641 3369 propter
660 3310 753 3348 eorum
773 3291 860 3352 incre·

110 3375 273 3435 dulitatem?
286 3375 477 3435 Animadverte
497 3397 562 3458 ergo
572 3401 629 3439 rem
639 3379 725 3462 ipsam
740 3383 798 3464 ejus
808 3405 858 3443 au·

110 3471 259 3530 ctoritatem
274 3470 421 3529 testificari.
437 3471 565 3546 Vocavit,
579 3486 604 3531 et
618 3472 721 3554 prodiit
735 3490 860 3536 mortuus

110 3562 216 3643 ligatus.
241 3563 310 3621 llinc
335 3584 368 3621 ne
394 3561 532 3622 videretur
554 3585 596 3622 res
618 3585 674 3624 esse
701 3565 859 3647 phantasma

110 3662 189 3731 (nam
201 3656 310 3738 prodire
320 3656 435 3735 ligatum
449 3677 501 3714 non
513 3655 603 3716 minus
613 3656 805 3719 admirandum
819 3660 860 3720 vi-

107 3750 233 3825 debatur,
253 3770 333 3828 quam
356 3753 530 3827 resurgere),
547 3749 642 3807 Iussit
665 3750 742 3808 solvi
759 3752 855 3824 illum,

107 3859 136 3903 ut
147 3840 477 3924 tangentcsetaccedentes
491 3839 614 3901 viderent
628 3864 691 3902 vere
704 3842 784 3902 illum
792 3866 856 3906 esse.

107 3943 142 4002 Et
155 3940 238 4015 dixit,
255 3941 303 3997 dl.
320 3940 412 3999 Sinite
431 3939 517 3996 illum
539 3941 630 3997 abire.
651 3937 752 4000 Viden’
774 3962 857 4018 qnam

70 4045 89 4091 n
106 4037 140 4096 sit
154 4037 260 4096 alienus
274 4056 289 4092 a
303 4032 391 4092 fastu?
407 4034 466 4091 Non
484 4030 561 4090 ducit
577 4053 639 4090 eum
654 4052 757 4110 mcum,
772 4055 858 4113 neque

106 4129 180 4208 sequi
195 4150 222 4186 se
233 4127 321 4207 jobet,
341 4146 374 4184 ne
390 4125 516 4184 videntur
538 4145 595 4182 sese
614 4138 766 4185 ostentare:
781 4140 857 4186 tanta

105 4222 231 4280 utebatur
240 4217 499 4295 modestiab'ignum
509 4229 612 4274 tanturn
621 4216 668 4275 alii
677 4216 857 4295 mirabantur,

105 4316 150 4374 alii
164 4313 306 4373 Pharisaeis
315 4309 515 4368 nuntiaverunt.
528 4307 603 4380 Quid
617 4309 702 4388 igitur
711 4308 774 4369 illi?
786 4310 857 4370 Cum

105 4406 197 4466 mirari
212 4420 237 4464 ct
251 4405 438 4483 obstupescere
457 4401 630 4482 oportuisset,
655 4398 807 4461 consultant
825 4416 857 4461 ut

105 4500 184 4557 illurn
198 4496 370 4570 interficiant,
386 4494 432 4573 qni
447 4506 585 4551 mortuum
603 4493 754 4554 suscitavit.
771 4494 854 4553 Oin-

105 4585 266 4673 sipicntiam!
282 4587 354 4646 Eum
370 4586 417 4667 qni
436 4587 464 4645 in
484 4584 544 4645 aliis
568 4585 855 4667 corporibusmortem

105 4698 289 4770 superauerat,
300 4684 380 4743 morti
395 4705 423 4742 se
437 4681 585 4742 tradituros
598 4703 655 4742 esse
668 4683 816 4763 putabant,
829 4698 854 4743 et

104 4782 213 4857 dicunt,
224 4781 273 4837 ll.
288 4779 366 4857 Quid
367 4779 514 4860 facimus,
526 4780 598 4858 quia
607 4778 656 4835 lric
665 4778 751 4836 bomo
760 4778 855 4837 multa

69 4893 86 4938 F,
104 4879 189 4954 signa
201 4875 301 4954 facit?
316 4869 458 4928 Hominem
479 4868 558 4926 illurn
579 4867 669 4927 adhuc
687 4883 795 4946 vocant,
808 4868 855 4948 qni

106 4969 180 5027 illins
194 4964 348 5025 divinitatis
362 4976 463 5022 tantam
480 4975 636 5043 acceperant
650 4961 842 5022 demonstratio

122 5164 133 5187 ¹²
146 5164 198 5227 [κᾶν
210 5162 317 5210 accessit
329 5175 342 5208 e
353 5156 431 5211 Savil.
442 5168 468 5207 et
478 5155 562 5207 Codd.
574 5155 689 5219 nostris]

120 5243 132 5278 ¹·
146 5239 337 5309 Aliinrprrrrreiv.
345 5248 370 5288 ct
379 5236 852 5302 ωοκγενομένουδὶτούτουτοῦθαύματος.
