3750 5940
52 456 57 475 .
88 427 228 477 iuravi.
256 405 303 478 al.
333 427 461 479 clxxxv.
786 405 855 479 585

52 584 58 598 ·
109 551 240 632 nobisque
251 573 342 612 omnes
356 549 496 634 plaudent,
506 563 587 630 atque
595 551 769 612 mirabuntur
777 554 858 614 Chri·

110 643 145 702 sti
164 643 303 723 muntem,
323 643 585 726 dicentquerPapae,
604 657 703 722 quauta
728 657 769 704 est
788 645 858 705 Cru-

53 768 58 780 ·
111 733 187 794 cilixi
200 734 288 796 virtus
298 759 305 793 ε
315 734 399 795 suasit
407 733 584 795 morientibus
594 779 602 808 ‚
613 748 728 795 mortem
738 756 792 795 uon
801 756 858 796 esse

53 831 56 856 ²
111 841 225 888 mortem
239 853 245 886 :
258 850 311 889 non
332 849 396 909 ergo
412 828 489 908 quasi
506 849 557 910 pro
569 827 744 909 pereuntibus
756 841 856 909 egum,

110 919 158 981 sed
171 943 221 1002 pro
236 921 270 981 iis
282 921 329 1001 qui
342 921 379 981 ad
392 921 532 982 meliorem
546 920 637 980 locum
647 919 857 1002 praemitttmtur.

53 1060 58 1072 .
111 1011 203 1071 Suasit
221 1012 276 1073 illis
301 1035 399 1096 corpus
422 1014 474 1073 hoc
498 1014 606 1074 {luxum
621 1026 647 1071 et
664 1026 801 1072 terrenum
816 1011 858 1073 in·

110 1103 251 1165 duendum
266 1128 322 1167 esse
331 1105 551 1188 incorruptione,
564 1104 657 1165 sericis
669 1118 696 1164 et
710 1104 798 1165 aureis
811 1126 860 1166 ve·

54 1232 60 1243 -
111 1197 198 1256 stibus
211 1197 858 1279 longepretiosiore.ideoquenontantamsepul-

112 1304 178 1349 turae
190 1306 285 1371 gerunt
294 1313 405 1370 curam,
416 1290 462 1351 scd
470 1291 602 1351 funmalia
612 1288 749 1350 mirabilia
761 1304 859 1371 putant

54 1387 59 1406 '
111 1405 168 1443 csse
175 1384 262 1443 vitam
271 1385 411 1466 optimam.
421 1385 488 1444 Haec
504 1382 608 1460 dicent,
624 1383 646 1443 si
658 1405 707 1443 nos
716 1383 755 1443 ita
768 1384 859 1464 philo·

54 1526 57 1544 ,
110 1476 394 1556 sophantesviderint;
415 1476 858 1557 sinsractos,praeficarnmchoros
911 1511 1011 1556 enta·

54 1603 58 1614 ·
109 1567 353 1645 circumducentes,
371 1589 420 1628 nos
436 1567 614 1643 deridebunt,
629 1566 785 1640 traducent,
799 1590 918 1649 magum
946 1574 1011 1650 thori

55 1698 57 1706 ·
78 1668 94 1715 Β
109 1660 215 1721 ledictis
229 1661 418 1741 insequentur,
429 1682 532 1723 vanum
547 1661 770 1742 superfluumque
782 1683 856 1722 sum-
866 1636 1011 1745 22,·f¹¹⁰⁸'¹'

55 1801 58 1812 .
109 1768 168 1813 tum
176 1769 295 1836 carpent.
304 1755 368 1814 Haec
378 1753 450 1814 enim
459 1754 608 1814 incursantes
616 1774 708 1814 omnes
717 1754 855 1836 audimus,

55 1894 58 1912 .
109 1859 135 1905 et
143 1847 205 1927 jure
219 1847 339 1926 quidem.
348 1848 438 1920 Quam
450 1847 523 1907 enim
534 1846 695 1906 habebimus
705 1849 857 1909 excusatio·

110 1960 187 2013 uem,
215 1939 324 2019 quando
344 1961 458 2022 eorpus,
482 1940 556 2019 quod
579 1940 652 2000 sanie
673 1953 699 1999 et
720 1941 859 2002 vermibus

109 2034 278 2109 absumitur,
303 2056 479 2110 exornamus,
494 2034 634 2094 Christum
655 2055 720 2094 vero
738 2034 857 2116 despici-

56 2174 57 2182 ,
110 2147 170 2184 murs
192 2125 342 2199 sitientem,
363 2126 468 2186 nudum
488 2126 686 2201 ambulantem,
704 2126 861 2207 hospitem?

56 2255 58 2263 ν
109 2219 194 2277 Vanae
218 2217 303 2297 igitur
325 2238 394 2277 curae
417 2217 500 2277 linem
517 2217 702 2298 imponamus,
718 2217 860 2278 defunctos

56 2349 58 2355 ·
109 2307 284 2389 sepeliamus,
312 2322 391 2367 utet
414 2308 493 2369 nobis
506 2321 532 2368 et
553 2307 609 2367 illis
623 2307 741 2368 conserat
754 2308 790 2368 ad
801 2308 860 2389 glo-

110 2402 179 2460 riam
196 2400 257 2460 Dei.
280 2401 398 2460 Multam
411 2422 461 2482 pro
481 2400 536 2461 illis
553 2420 693 2481 erogemus
710 2399 858 2485 eleemosy-

110 2514 191 2551 nam:
206 2493 345 2552 mittamus
359 2493 415 2552 illis
425 2493 608 2573 pulcherrima
625 2491 737 2552 viatica.
752 2493 823 2552 Nam
834 2495 858 2553 si

109 2585 238 2642 memoria
264 2583 456 2664 preclarorum
477 2584 600 2644 virorum
618 2585 665 2662 qui
682 2584 782 2643 mortui
796 2598 860 2644 sunt

109 2674 217 2755 prodest
239 2676 396 2735 viventibus
417 2676 473 2749 (ait
494 2676 580 2751 enim,
601 2679 1008 2758 Protegambanet.1teg.19.

74 2794 93 2840 c
109 2773 258 2828 civitatem
277 2782 396 2850 propter
412 2793 471 2842 me,
495 2783 523 2830 et
545 2783 664 2851 propter
683 2772 786 2830 David
797 2746 906 2831 εσυ-34·

111 2884 177 2921 vum
190 2884 286 2921 meum
296 2868 320 2938 )‚
331 2863 411 2941 longe
427 2862 513 2942 magis
525 2861 694 2945 eleemosyna
707 2863 759 2923 hoc
769 2864 856 2924 saciet.

109 2956 171 3013 Hac
182 2956 337 3031 certc,haec,
348 2955 469 3034 inquam,
481 2969 601 3014 mortuos
609 2956 762 3033 suscitavit,
771 2978 857 3035 quan·

107 3047 143 3106 do
155 3048 389 3106 circumsteterunt
403 3046 494 3106 vidua
507 3046 675 3108 ostendentes
684 3069 746 3127 quae
757 3048 858 3109 fecerat
866 3055 920 3102 Aac.
930 3071 954 3119 9·
967 3058 1007 3106 ³6.

107 3140 174 3220 ipsis
191 3139 391 3199 contubernalis
406 3140 515 3199 Dorcas.
528 3141 599 3200 Cum
613 3140 676 3220 quis
692 3161 756 3222 ergo
772 3142 856 3202 mori·

107 3247 183 3291 turus
193 3246 241 3306 est,
252 3233 299 3311 qui
310 3231 487 3313 propinquior
497 3245 536 3292 est
550 3231 613 3313 ipsi,
626 3247 701 3316 paret
712 3232 856 3311 iunctalia,

106 3340 132 3385 et
149 3324 311 3384 moribundo
326 3326 453 3401 suadeat,
469 3339 499 3385 ut
512 3325 602 3406 egenis
615 3326 759 3407 quidpiam
773 3327 854 3388 relin-

105 3433 180 3498 quat.
195 3420 265 3477 Cum
274 3418 318 3477 bis
326 3419 431 3479 emittat
444 3417 624 3479 indumentis:
638 3421 751 3481 suadeat
760 3421 853 3501 etiam,

105 3525 135 3570 ut
156 3511 295 3571 Christum
311 3511 438 3571 heredem
461 3511 607 3591 relinquat.
635 3513 705 3572 Nam
729 3513 753 3573 si
779 3533 855 3594 reges

104 3623 165 3660 cum
189 3602 300 3662 heredes
326 3603 512 3679 conscribunt,
537 3603 718 3664 familiaribus
738 3605 854 3664 multam

103 3696 272 3754 securitatem
293 3696 472 3768 constituunt,
485 3695 534 3774 qui
558 3696 698 3755 Christum
716 3717 778 3756 eum
790 3696 854 3755 filiis

103 3787 230 3847 heredem
249 3789 392 3867 relinquit,
413 3789 500 3867 cogita
521 3803 650 3868 quantam
671 3788 724 3847 sibi
749 3800 775 3847 et
796 3789 853 3847 suis

69 3883 230 3947 nomnibus
247 3882 363 3941 attrahet
389 3882 614 3942 benevolentiam.
638 3882 702 3940 llaec
722 3881 853 3940 funeralia

103 3974 217 4055 pulchra
241 3988 316 4047 sunt,
340 3975 398 4033 baec
411 3975 510 4054 juvant
528 3986 555 4031 et
571 3973 728 4054 superstites
753 3987 779 4032 et
805 3971 853 4031 de·
933 4014 936 4019 ,

101 4068 217 4126 functos.
238 4066 268 4127 Si
287 4066 332 4124 bis
347 4080 456 4124 utamur
476 4065 657 4139 funeralibus,
679 4065 852 4129 resurrectio·

102 4160 144 4219 nis
158 4173 277 4240 tempore
288 4157 424 4239 splendidi
441 4156 542 4216 erimus
555 4157 615 4214 :sin
640 4177 738 4238 eorpus
755 4178 851 4217 curan·
871 4192 877 4201 =

101 4267 151 4327 tes,
162 4253 280 4311 animam
293 4251 479 4331 negligamus,
500 4250 584 4308 multa
595 4249 634 4309 ibi
651 4251 746 4329 gravia
761 4253 849 4333 patie-

103 4368 179 4421 mur,
194 4359 220 4403 et
243 4365 373 4424 maguum
394 4342 574 4401 excitabimus
587 4342 681 4401 risum
696 4344 756 4404 Non
779 4343 851 4403 enim

102 4461 184 4519 parva
200 4452 238 4496 est
252 4437 415 4516 ignominia,
428 4435 529 4494 virtute
542 4434 648 4494 nudum
661 4435 736 4496 abire
747 4460 754 4494 ε
764 4458 853 4516 neque

101 4532 140 4589 sic
156 4531 320 4611 insepultum
332 4543 358 4587 ct
371 4528 522 4609 projectum
537 4549 634 4609 corpus
645 4528 852 4589 dehonestatum

101 4628 229 4696 videtur,
244 4639 273 4684 ut
284 4624 374 4684 anima
386 4623 488 4683 virtute
499 4622 581 4682 nuda.
596 4623 673 4683 lianc
684 4623 831 4685 induamus
842 4670 851 4701 ,

102 4719 153 4777 hac
176 4717 294 4777 maxime
318 4716 479 4775 amiciamur
505 4737 554 4796 per
574 4737 654 4776 omne
669 4731 777 4798 tempus
793 4718 853 4778 :vel

86 4940 182 5004 Χριστὸν
194 4935 247 4984 alent
264 4929 427 5002 altamripam]

120 5012 133 5050 b
151 5008 364 5075 [Emendavimus
375 5026 388 5059 e
399 5004 483 5060 Codd.
497 5008 600 5059 nostrie.
613 5006 712 5070 Metel,
725 5025 799 5075 quem
812 5026 850 5059 ae-

87 5102 179 5157 quutus
190 5103 227 5140 est
239 5088 341 5149 llonts„
350 5101 396 5148 τοις
405 5095 492 5146 elatiore
501 5100 616 5158 μοῖρανκ.
629 5093 760 5156 ἀσφάλειαν,
773 5086 851 5139 Son-il.

89 5175 211 5240 depulsae
223 5210 229 5231 ‚
243 5167 274 5218 de
287 5169 433 5233 conjectura
441 5198 448 5222 ,
464 5177 490 5214 ut
501 5163 623 5233 videtur]
