3750 5940
500 413 546 461 nc
567 415 662 464 caco
687 414 796 464 nano.
1366 390 1441 492 689

60 556 90 607 ς,
104 532 194 601 καλῶς
204 537 290 606 κῆπον
301 533 443 614 ’λαχάνων
455 534 489 593 τά
499 535 640 617 σπέρματα
694 557 738 596 me
750 534 854 597 mundo
868 533 1006 611 muliebri,
1018 547 1045 596 et
1057 533 1127 596 siout
1136 555 1234 617 sponso
1247 535 1442 619 circumposuit

61 610 129 713 ςγδιρ
137 617 173 679 ὡς
184 614 288 685 ἀληθῶς
296 612 480 691 κεκλεισμίνος
495 616 541 675 καὶ
554 617 641 696 παρεί-
695 616 763 675 mibi
775 615 899 675 mitram:
913 615 982 674 sicut
993 628 1094 675 terram
1104 613 1256 674 efferemm
1265 616 1357 697 fruges
1369 638 1443 696 suas,

61 695 142 762 λησια
154 697 200 750 τοῦ
213 694 283 752 Θεοῦ
296 699 343 751 τοῦ
354 696 465 761 ζῶντος·
481 694 640 775 παράδεισον
695 709 721 755 et
735 695 806 755 sicut
820 695 931 755 bortum
945 695 1049 754 olerum
1061 694 1163 754 semina
1177 716 1234 753 sua.
1253 695 1356 755 Hortus
1368 697 1442 756 enim
1455 703 1591 762 Canto-¹²·

61 771 100 832 ,τὰ
112 772 156 831 τὸν
171 774 281 851 ἀρχαῖον
295 774 560 845 θκεῖνον,οἰλλδιπολδ
574 775 642 835 ἐκεί·
695 796 725 834 re
746 796 811 834 vera
832 774 973 834 conclusus
986 795 1018 833 ac
1030 773 1172 856 paradisus
1192 787 1232 833 est
1251 772 1373 835 Ecclesia
1390 777 1442 836 Dei

62 897 70 910 .
90 853 167 910 Ἐκεῖ
181 857 228 928 μὲν
242 851 294 929 γὰρ
318 850 487 912 ἐώασίλευσεν
507 854 564 934 δρις
572 894 580 926 ,
603 858 643 914 ἓν·
695 854 754 914 vivi
767 854 942 935 :paradisum
955 852 1117 913 autemdico
1128 874 1181 912 non
1195 852 1306 948 antiquo
1315 853 1357 913 illi
1368 853 1442 914 simi-

61 929 163 990 θιεύειθ
179 929 301 1011 Χριστός.
695 932 761 1007 lem,
785 934 834 994 sed
858 933 906 993 illo
926 933 1011 1007 multo
1034 932 1231 993 sublimiorem.
1256 933 1363 992 htenim
1384 934 1443 994 illic

130 1079 131 1083 ,
238 1066 249 1076 .
696 1011 1195 1094 quidem'serpensregnabat,hicrero
1203 1011 1327 1071 Christus
1403 1027 1440 1073 at

61 1088 169 1172 υπιστίορ
179 1088 295 1170 πρόσεχε
305 1095 351 1151 τοῦ
364 1088 509 1172 θνάριατυς,
525 1090 642 1172 άλλδιτῇ
736 1096 765 1151 2.
785 1094 849 1153 Noli
865 1091 1024 1171 dignitatem
1047 1091 1165 1151 nominis
1186 1105 1315 1172 spectare,
1337 1033 1441 1152 iddnrei

61 1169 225 1249 πράγωατος.
250 1168 320 1229 Οὔτε
335 1172 387 1249 γὰρ
407 1170 565 1253 παράδεισός
587 1175 644 1232 ἐστι
696 1169 836 1231 virtutem.
846 1175 916 1232 Nam
924 1193 1009 1248 neque
1018 1169 1442 1251 paradisusinpretiohabendus

61 1248 133 1327 δινμ
171 1249 220 1328 ἔχη
240 1251 310 1309 Θεοῦ
331 1251 440 1324 ἐντολὴν
461 1248 643 1330 τηρουμένην·
696 1264 746 1323 est,
760 1251 811 1310 nisi
826 1250 1284 1311 Deimandatumineoservetur:
1301 1251 1443 1330 nequevi-

61 1332 80 1399 ,ἥ
97 1331 151 1386 τῶν
163 1328 251 1387 τόπων
270 1328 418 1409 θὸρίζεται,
440 1330 485 1389 ets
507 1329 557 1410 ἔχη
571 1333 642 1391 Θεοῦ
696 1327 733 1388 lia
748 1329 807 1389 loca
820 1344 883 1390 sunt
899 1330 1077 1415 ignominiosa
1088 1330 1127 1406 ,si
1139 1330 1167 1389 in
1183 1329 1221 1388 eis
1235 1331 1271 1389 sit
1283 1331 1329 1389 lex
1341 1330 1392 1389 Dei
1402 1352 1442 1390 re·

76 1406 122 1467 τὸν
146 1411 236 1485 νόμον.
256 1407 293 1466 Τί
303 1410 437 1546 pilarum
458 1408 484 1468 τί
509 1419 628 1489 κρεῖττον
635 1435 643 1485 ;
695 1410 810 1487 gnanus.
821 1412 923 1469 Utrum
931 1409 1155 1469 metiustuoum
1163 1408 1272 1490 potitis?
1288 1409 1440 1491 paradisus,

61 1486 205 1567 ἦκοπρία;
217 1487 287 1546 Ἀλλ’
319 1511 374 1565 μεως
384 1488 429 1548 τδν
442 1488 525 1565 Ἀδδιμ
537 1489 580 1548 διδι
594 1489 643 1562 τὴν
695 1509 730 1547 an
755 1488 976 1568 sterquilinium?
995 1490 1186 1550 Verumtamen
1207 1487 1312 1548 Adamo
1331 1503 1442 1571 propter
1454 1503 1511 1547 σοι.
1528 1501 1553 1549 3.
1566 1514 1591 1562 9.

61 1567 191 1645 ιράδεισος
204 1570 252 1626 οὐκ
263 1567 413 1646 ὠφέλησεν·
427 1569 472 1628 τὸν
487 1567 549 1627 ’listi
561 1567 588 1627 δὲ
599 1569 642 1628 διδι
696 1569 932 1648 transgressionem
944 1566 1087 1649 paradisus
1100 1567 1170 1628 nibil
1183 1568 1284 1648 proluit
1296 1593 1303 1625 ε
1314 1569 1367 1629 Job
1378 1592 1441 1631 vcro
1449 1581 1502 1627 tot.
1515 1593 1538 1627 a.
1551 1577 1575 1626 θ.

61 1671 65 1700 ι
80 1644 178 1726 κοπρία
188 1649 236 1705 οὐκ
249 1645 376 1726 ἔώλαψεν·
388 1652 402 1706 δ
412 1647 497 1726 Ἀδὰμ
510 1651 537 1707 ἐν
552 1671 640 1727 παρα·
695 1648 897 1726 sterquilinium
911 1661 1020 1737 propter
1031 1647 1187 1728 patientiam
1203 1647 1314 1707 minime
1334 1649 1438 1709 nocuit.

61 1725 169 1807 χιίνεται
183 1726 226 1785 διδ
240 1725 288 1797 τὴν
300 1727 448 1807 παρακοὴν,
469 1726 532 1786 Ἰὼῦ
552 1728 579 1786 δὲ
598 1728 642 1786 ἐπὶ
696 1726 815 1786 Adamus
827 1728 854 1787 in
868 1727 994 1809 paradiso
1010 1741 1120 1808 propter
1140 1726 1350 1786 inobedientiam
1363 1728 1440 1808 igno-

61 1811 226 1885 ιτεφανοῦται
238 1805 282 1863 διὰ
296 1804 344 1876 riu
357 1806 501 1885 ὑπομονήν.
515 1808 642 1884 Οὐδαμοῦ
659 1817 675 1861 Β
695 1805 778 1865 minia
796 1807 915 1866 afficitur
931 1831 937 1863 :
952 1807 1039 1868 Jobus
1055 1820 1145 1865 autem
1159 1821 1268 1887 propter
1282 1807 1441 1887 patientiam

61 1884 86 1943 ία
96 1889 148 1943 τῶν
162 1884 250 1943 τόπων
265 1883 463 1962 συμθάλλεται,
480 1884 517 1964 μὴ
532 1909 642 1967 συντρε-
694 1886 723 1944 in
736 1885 905 1965 sterquilinio
916 1899 1067 1945 coronatur.
1081 1887 1221 1964 Nusquam
1235 1886 1306 1945 enim
1319 1887 1441 1947 locorum

61 1969 140 2044 γαθῆς
150 1963 271 2042 γνώμης·
284 1964 329 2022 καί
340 1964 500 2046 παραδείσου
515 1967 641 2046 θψηλότε-
694 1963 811 2045 dignitas
829 1979 1011 2048 comparatur,
1029 1964 1081 2024 nisi
1094 1966 1165 2024 bona
1179 1987 1254 2024 mens
1274 1981 1416 2026 concurrat
1431 1992 1438 2025 ε

61 2069 78 2115 ·,
92 2043 161 2102 ἀλλὰ
172 2044 265 2103 πίπτει
275 2045 397 2104 ἐκεῖθενδ
411 2045 540 2110 διάὸολος.
557 2043 640 2123 Ἡγῆ
693 2057 719 2102 et
757 2045 863 2104 aradiso
885 2045 1029 2104 sublimius
1047 2058 1087 2104 est
1105 2045 1210 2121 caelum,
1226 2045 1273 2104 sed
1286 2044 1358 2104 cadit
1376 2046 1440 2108 indo

61 2123 195 2201 θούρανδς
221 2123 419 2202 μετεωρίζεται·
435 2123 529 2183 πίπτει
550 2123 577 2191 ἐξ
594 2127 642 2183 οὐ·
693 2121 738 2181 dia
776 2125 827 2184 lus.
842 2124 980 2183 Profunda
993 2138 1032 2183 est
1044 2137 1126 2201 terra,
1141 2124 1276 2183 ettalum
1285 2124 1439 2186 insublime
1451 2145 1519 2189 Pron.
1531 2143 1570 2193 εδ,

61 2206 114 2269 ιλος
128 2202 267 2281 παραῦδις,
281 2203 350 2263 κατλ
375 2202 417 2275 τδ,
426 2203 579 2282 ’Ἐθεώρουν
596 2205 640 2263 τὸν
694 2203 821 2262 tollitur:
836 2219 865 2264 at
877 2204 942 2264 caelo
963 2202 1036 2263 cadit
1051 2203 1187 2277 diabolus,
1198 2218 1341 2284 postquam
1353 2209 1471 2266 trans-³·

79 2282 217 2361 ἀστραττὴν
245 2285 275 2341 ἐκ
302 2288 347 2341 τοῦ
372 2285 483 2365 οὐρανοῦ
510 2281 640 2342 πεσόντα·
694 2302 799 2361 gressus
809 2298 860 2360 est,
869 2284 950 2364 juxta
959 2281 1205 2342 illuszidebam
1214 2295 1352 2342 satanam
1363 2290 1438 2345 sicut
1450 2305 1589 2358 tucior&

66 2362 119 2421 ἀπὸ
138 2365 187 2439 γῆς
200 2361 321 2442 πτωχοί,
333 2362 403 2420 κατὰ
417 2362 463 2426 τδ.
479 2361 513 2420 Ὁ
533 2362 641 2464 ἐγείρων
690 2363 795 2443 fulgur
808 2364 845 2422 de
853 2363 926 2422 caelo
939 2364 1091 2421 cadentem
1103 2387 1112 2419 .-
1124 2376 1154 2421 at
1163 2361 1317 2423 exaltantur
1326 2362 1360 2423 de
1368 2378 1438 2426 terra

61 2441 116 2522 χδν,
131 2440 176 2499 καλ
196 2442 249 2501 inb
263 2441 374 2522 καπρίας
395 2444 502 2521 doulon
526 2465 638 2513 πενητα.
694 2441 798 2522 inopes,
812 2443 894 2523 juxta
909 2440 980 2501 illud
997 2465 1004 2498 ε
1019 2441 1170 2502 Suscitans
1184 2455 1293 2501 eterra
1311 2448 1435 2524 inopem,
1450 2457 1516 2502 Psat.
1537 2467 1590 2502 m.

76 2523 157 2592 ἡτῶν
178 2520 266 2581 τόπων
287 2520 399 2601 διαρορδι
417 2521 555 2601 χαρίζεται
576 2526 640 2599 ἡμῖν
694 2533 722 2579 et
736 2523 774 2580 dc
786 2535 911 2581 stercore
961 2525 967 2537 '
985 2542 1037 2581 ens
1048 2543 1216 2602 pauperem.
1231 2521 1316 2581 Vides
1329 2544 1383 2582 non
1399 2525 1472 2584 lo·7·

61 2590 147 2679 ξματα,
163 2600 231 2659 ἀλλὰ
251 2607 387 2681 πανταχοῦ
401 2600 498 2671 πίστις,
514 2601 559 2659 καί
575 2606 641 2660 tnnc-
693 2621 788 2660 corum
798 2543 1069 2676 discrimeiii‘ilicere,
1080 2615 1112 2660 ut
1122 2599 1272 2681 superiores
1282 2601 1439 2680 evadamus,

61 2680 117 2746 λπδς
129 2679 188 2747 τοὺς
206 2680 349 2760 στεφάνους
363 2680 455 2739 πλάκει
475 2688 529 2746 τοῖς
547 2679 641 2754 άξίοις;
692 2678 739 2738 sed
755 2680 856 2760 ubique
872 2680 966 2757 fidem,
981 2693 1008 2738 et
1020 2680 1189 2771 patientiam,
1205 2694 1230 2738 et
1245 2702 1320 2762 spem
1329 2703 1438 2763 prome-

61 2782 90 2827 υς
98 2759 264 2839 σεμνότερον,
272 2759 345 2819 οὐδὲν
356 2759 465 2841 θεάτρου
474 2758 640 2840 γυμνότερον·
693 2760 813 2819 rentibus
824 2780 934 2835 coronas
953 2760 1111 2838 acquirere?
1124 2759 1199 2819 Nihil
1213 2760 1339 2819 cubiculo
1351 2762 1438 2822 bone-

61 2838 103 2911 τλν
127 2839 273 2898 άκολαστον
294 2837 441 2919 Αἰγυπτίαν
456 2844 473 2911 ἡ
488 2843 514 2898 ἐν
535 2842 641 2898 κοιτῶνι
692 2838 779 2909 stius,
793 2839 863 2897 nibil
879 2838 983 2898 theatro
997 2838 1132 2918 patentius
1146 2862 1153 2894 ε
1167 2837 1236 2916 quid
1250 2839 1359 2900 lascivae
1372 2864 1438 2933 pro-

61 2917 143 2997 Ξλσψε
156 2916 169 2948 l
176 2918 224 2991 τὴν
233 2916 561 3001 προπομάρτυραΘέκλαν
572 2918 603 2977 τδ
613 2923 640 2978 ἐν
691 2917 744 2976 fuit
753 2917 826 2999 AEgy
846 2917 890 2977 tiae
899 2917 1100 2977 adulteriumin
1112 2917 1257 2978 cubiculo?
1266 2919 1333 2997 quid
1343 2942 1438 3001 primae

61 2999 87 3070 p
100 2997 241 3072 παλαίειν;
256 3000 318 3078 Οὐχ
330 2999 472 3078 ημάρτησε
485 2998 639 3076 γυμνουμά-
692 3000 805 3079 martyri
817 2941 926 3056 ’ibeclae
939 2997 1031 3056 nocuit
1046 2996 1149 3056 nudam
1163 2998 1191 3056 in
1202 2997 1306 3057 theatro
1315 3001 1439 3060 certare?

61 3083 124 3146 ζεται
135 3083 151 3149 ἡ
163 3077 242 3158 ἁγία,
263 3023 333 3136 stit
353 3082 534 3158 στερανοῦται.
557 3079 637 3151 Kelol
654 3086 673 3136 c
692 3079 752 3136 Non
766 3077 888 3158 peccavit
900 3074 1047 3152 denudata,
1066 3098 1119 3136 non
1142 3077 1261 3136 afficitur
1275 3077 1436 3159 ignominia,

61 3155 128 3237 ίτρῳ
144 3163 363 3237 στερανοῦται,ή
377 3156 404 3215 ll
422 3161 448 3216 ἐν
462 3160 501 3237 τῷ
520 3163 638 3237 νυμρῶνι
691 3155 738 3215 sed
748 3172 890 3217 coronatur
897 3169 997 3216 sancta.
1011 3159 1098 3235 Atque
1107 3156 1167 3216 baec
1176 3154 1285 3235 quidem
1297 3157 1324 3216 in
1333 3158 1439 3220 theatro

75 3237 111 3297 Ti
125 3237 245 3318 ὠρελησε
263 3237 296 3295 τδι
315 3235 427 3309 εἴδωλα,
443 3237 488 3295 καὶ
503 3241 585 3308 ἡτῶν
600 3237 637 3315 μὴ
692 3251 844 3312 coronatur,
865 3237 912 3297 illa
930 3258 994 3297 vero
1009 3235 1038 3295 in
1051 3235 1170 3295 thalamo
1193 3236 1346 3296 infamator.
1361 3238 1439 3310 Quid

63 3340 152 3391 νησις;
164 3316 198 3375 τδι
212 3320 264 3374 τῶν
276 3322 345 3376 ναῶν
361 3317 458 3395 μεγέθη
473 3316 557 3395 λέγω·
568 3316 595 3375 τί
610 3317 638 3378 δὲ
691 3316 816 3397 profuere
831 3316 914 3392 idola,
932 3329 957 3376 et
970 3337 1065 3376 eorum
1080 3337 1140 3396 quae
1154 3338 1207 3376 non
1223 3331 1286 3376 sunt
1302 3318 1436 3399 adoratio,

61 3395 184 3477 ιάρτυρας
198 3401 216 3468 ἡ
230 3401 283 3455 τῶν
295 3397 385 3478 τάρων
398 3397 530 3471 corebum
544 3399 574 3454 οὐ
589 3420 638 3454 κα·
691 3397 853 3476 templorum
867 3397 978 3476 inquam
988 3395 1139 3477 amplitudo
1149 3396 1163 3454 ?
1175 3395 1243 3474 quid
1254 3417 1320 3457 -vero
1334 3413 1438 3480 marty-

61 3476 135 3547 τλοίνη
156 3481 183 3536 ἐν
205 3476 324 3554 μεγέθει,
346 3477 392 3535 καί
412 3477 503 3556 ὑψώθη
528 3476 562 3535 τδι
585 3481 638 3535 τῶν
691 3475 768 3534 ribus
785 3477 873 3535 obluit
891 3475 984 3537 vilitas
1001 3475 1207 3556 sepulcrorum?
1220 3497 1308 3535 nonne
1322 3477 1439 3540 dedecus

81 3555 252 3628 ταπεινώσας
265 3555 359 3621 Οὕτως
373 3560 389 3628 ἡ
405 3553 554 3625 Ἐκκλησία
567 3557 638 3615 Θεοῦ
691 3553 810 3614 inustum
823 3569 863 3616 est
873 3554 958 3615 errori
970 3557 997 3615 in
1011 3554 1202 3636 amplitudine,
1210 3555 1274 3615 etin
1283 3556 1439 3619 bumilitate

61 3633 474 3733 ιράδειοόςέστιτρυρῆς.Ἐντῷ
486 3634 638 3717 παραδείσῳ
691 3654 733 3694 res
743 3649 895 3717 martyrum
906 3649 969 3694 sunt
981 3635 1175 3695 exaltataellta
1207 3634 1438 3698 aradisusestde-

61 3715 198 3795 ἐχόρευσε,
213 3715 375 3787 καλήπατα·
391 3716 418 3772 ἐν
432 3719 470 3794 τῷ
486 3713 638 3796 παραδείσῳ
690 3712 816 3774 liciarum
831 3715 950 3775 Ecclesia
965 3715 1015 3776 Dei
1034 3713 1103 3775 vivi.
1122 3716 1154 3774 ln
1170 3657 1219 3774 itio
1257 3715 1363 3775 aradiso
1381 3739 1437 3776 ser-

68 3795 177 3873 Σωτξρ·
190 3793 257 3853 Ἰδοὺ
271 3795 372 3853 δέδωκα
383 3796 445 3871 ὑμῖν
457 3793 504 3865 τὴν
519 3793 638 3862 ἐξουσίαν
689 3814 755 3872 pens
770 3795 945 3875 tripudiabat,
964 3809 990 3854 ot
1006 3793 1159 3875 decipiebat
1176 3817 1182 3850 :
1199 3737 1292 3853 inimo
1309 3795 1436 3875 paradiso

61 3873 118 3933 άνιο
128 3876 210 3954 ὄφεων
224 3875 269 3934 καὶ
281 3873 423 3954 σκορπίων,
435 3873 481 3932 καὶ
492 3873 535 3932 ἐπὶ
548 3882 637 3932 πᾶσαν
689 3872 815 3932 Salvator
825 3874 864 3933 ait
879 3877 979 3934 :Ecce
996 3875 1065 3932 dedi
1084 3876 1169 3931 vobis
1183 3886 1356 3953 potestatem
1373 3878 1586 3959 cal-Lac.ro.19.

61 3960 95 4012 ,οῦ
110 3957 221 4091 ἐχθροῦ,
242 3955 287 4014 καλ
302 3952 374 4013 οὐδὲν
394 3957 462 4030 ὑμᾶς
480 3954 509 4010 οὐ
524 3952 561 4029 μὴ
576 3954 636 4010 αἰδι-
688 3955 779 4011 candi
791 3974 880 4033 supra
898 3966 1045 4033 serpentes
1063 3964 1093 4011 et
1109 3956 1284 4031 scorpiones,
1305 3966 1333 4011 et
1350 3975 1437 4036 super

61 4039 152 4112 Ιιπαρα
170 4033 232 4116 είσῳ
254 4033 376 4102 ἐκλείσθη
391 4039 407 4104 ἡ
422 4033 479 4097 θδδς
499 4035 547 4100 τῆς
569 4034 637 4103 ζωῆς
689 4051 803 4089 omnem
813 4036 953 4091 uirtutem
961 4034 1087 4099 inimice}
1095 4044 1123 4089 et
1132 4032 1208 4090 nibil
1216 4034 1301 4096 uobis
1310 4037 1434 4096 nocebit.

61 4113 126 4185 ιτην
141 4114 305 4192 παράθεσιν·
321 4113 367 4172 καί
379 4110 423 4169 ἵνα
436 4109 508 4188 δείξῃ
524 4116 537 4169 δ
551 4111 636 4181 Θεὸς,
688 4110 719 4168 ln
729 4109 856 4190 paradiso
869 4110 914 4173 via
927 4111 992 4170 vitae
1006 4109 1110 4192 Adamp
1124 4124 1234 4190 propter
1246 4113 1436 4192 transgressio-

62 4193 144 4261 ίζεται
158 4194 304 4271 ἡένοίρετος
317 4192 391 4272 ψυχὴ
403 4237 411 4265 ,
424 4189 473 4259 ἔξω
487 4195 532 4248 τοῦ
544 4213 634 4269 παρα·
687 4210 750 4248 nem
766 4191 872 4251 occlusa
885 4203 943 4250 estc
959 4204 1041 4267 utque
1057 4189 1207 4248 ostenderet
1219 4192 1302 4263 Deus,
1316 4192 1434 4254 animam

61 4272 129 4341 ίζονα
152 4272 284 4350 λαμὸάνει
304 4275 357 4330 τῶν
373 4274 400 4330 ἐν
416 4275 454 4350 τῷ
471 4269 634 4352 παραδείσῳ,
688 4269 789 4328 virtute
799 4270 940 4350 preditam
960 4269 1071 4328 minime
1083 4268 1220 4349 impediri,
1233 4284 1310 4329 extra
1320 4273 1434 4353 paradi-

61 4351 192 4411 οκλείεται
206 4352 403 4430 θπαροίδεισος,
417 4351 462 4410 καὶ
474 4350 575 4451 Πέτρος
587 4374 632 4408 πι-
650 4361 669 4407 n
687 4369 748 4408 som
762 4352 865 4429 majora
879 4349 984 4430 recipit,
996 4370 1078 4427 quam
1090 4370 1151 4427 quae
1167 4349 1271 4408 luerant
1284 4349 1312 4410 in
1327 4353 1431 4431 paradi-

70 4435 142 4497 κλεῖς
160 4438 205 4491 τοῦ
223 4433 347 4511 οὐρανοῦ·
370 4430 453 4507 Ἀδὰμ
476 4428 634 4489 ateium
686 4449 726 4487 so.
738 4429 902 4488 Occluditur
921 4427 1026 4488 adamo
1047 4425 1198 4508 paradisus,
1209 4442 1235 4488 et
1248 4430 1326 4490 Petro
1344 4431 1435 4493 claves

61 4534 99 4582 νυ,
118 4512 164 4570 καί
184 4513 290 4577 Παῦλος
310 4509 456 4591 ἁρπάζεται
476 4509 524 4575 ἕως
543 4509 632 4587 τρίτου
686 4508 813 4567 calorum
825 4509 972 4568 creduntur
988 4532 995 4565 ε
1009 4507 1117 4588 ejicitur
1130 4529 1145 4566 e
1159 4507 1286 4589 paradiso
1297 4509 1431 4591 Adamus,

61 4591 135 4670 tttp
149 4591 343 4671 ἇποτειχίζεται
357 4589 387 4648 τὸ
403 4586 477 4656 ξύλον
493 4593 539 4660 τῆς
554 4591 632 4658 ζωῆς·
685 4601 711 4646 et
724 4588 752 4646 in
766 4589 875 4649 tertium
896 4589 992 4648 caelum
1008 4609 1037 4647 ra
1059 4585 1114 4645 itur
1127 4587 1228 4671 Paulus
1242 4587 1434 4652 :interdicitur

61 4672 121 4740 tabe,
146 4671 225 4750 φησί,
247 4669 349 4749 pulnere
371 4669 471 4749 ἅψηται
492 4666 576 4745 Ἀδδμ
588 4676 634 4727 τοῦ
689 4667 793 4727 Adamo
813 4669 921 4748 lignum
940 4667 1003 4728 ritae
1018 4691 1024 4724 :
1039 4609 1113 4725 dixit
1131 4666 1202 4726 enim
1221 4669 1305 4742 Deus,
1330 4669 1433 4762 inquit,

61 4754 87 4820 ίς.
99 4749 175 4810 Ἐκεῖ
185 4755 202 4820 ἡ
214 4750 267 4820 ζωὴ
278 4751 443 4820 κεκώλυται,
459 4746 504 4830 καί
518 4746 548 4805 τὸ
560 4745 633 4814 ξύλον
688 4749 713 4806 Ν
716 4769 729 4805 c
738 4749 805 4806 sorte
812 4749 927 4827 attingat
936 4746 1025 4806 Adam
1033 4746 1137 4827 lignum
1147 4747 1218 4806 vita.
1228 4747 1433 4830 Illicprobrbita
1445 4767 1531 4813 Gens.
1545 4779 1583 4812 aa.

61 4829 124 4901 λύθη
138 4829 212 4911 παρὰ
225 4836 270 4890 τοῦ
283 4829 467 4909 παραὸοίντος·
482 4829 533 4902 ὧδε
546 4826 633 4904 ἐπάγη
689 4840 729 4885 est
739 4827 809 4904 vita,
818 4841 844 4886 et
854 4827 1030 4907 lignumvitac
1038 4826 1207 4907 prohibitum
1215 4841 1255 4887 cst
1263 4828 1287 4886 ei
1295 4829 1342 4907 qui
1351 4843 1434 4890 trans·

61 4915 182 4989 σταυροῦ,
198 4909 243 4967 καί
256 4909 352 4976 πάντες
366 4911 390 4966 οἱ
404 4907 559 4986 βουλόμενοι
572 4907 634 4985 τρύ·
689 4927 796 4986 gressus
810 4921 867 4966 erat
883 4930 890 4964 ε
905 4906 952 4966 bic
961 4905 1067 4986 lignum
1080 4905 1168 4966 crucis
1180 4907 1330 4987 plantatum
1343 4923 1394 4988 est,
1407 4924 1433 4970 et

61 5090 110 5136 ίνοιν
122 5087 202 5137 tetra
214 5092 301 5154 τράκτα
313 5087 389 5136 αὑτοῦ.
402 5092 469 5142 κῆπος
479 5088 524 5152 γὰρ
536 5085 625 5140 άληθῶς
674 5089 697 5135 δν
717 5090 805 5152 θεάτρῳ
822 5089 977 5151 γυμνωθῆναι,
990 5088 1013 5135 ir
1031 5088 1119 5152 θεάτρῳ
1139 5087 1180 5148 οὐχ
1195 5088 1345 5154 ἡμάρτητο...
1363 5080 1434 5132 Intro

675 5158 741 5214 idern
754 5163 780 5212 ln
791 5177 872 5228 marg.
885 5173 981 5224 κοιτῶνι,
991 5175 1039 5226 pro
1049 5158 1168 5229 suppono]

61 5236 164 5299 lvii-riu
173 5246 238 5304 ιἰγίαν
246 5244 342 5292 Θίκλαν.
353 5238 422 5304 [Mox
433 5236 511 5292 Savil.
520 5239 546 5289 in
557 5245 627 5287 textu
