3750 5940
629 423 660 468 in
688 421 818 470 nisenii
846 423 892 469 vi.
1480 395 1548 505 951⁵

51 543 102 604 ἔδει
113 567 142 602 σε
155 546 358 621 περιαιρεῖσθαι,
368 541 413 600 ἵνα
423 544 629 627 Ικεκαλυμμένη
642 543 748 625 προσώ·
803 565 882 623 gere,
901 547 978 625 quasi
992 548 1066 606 Deua
1086 547 1155 608 serio
1167 549 1279 687 priserit
1290 571 1352 642 eum
1364 596 1372 628 ,
1386 552 1433 630 qui
1448 554 1552 614 Pascha

1200 673 1209 704 ,
1220 650 1244 687 si
1256 651 1308 689 non
1320 644 1355 689 sit
1366 632 1551 708 circumcisus,

52 703 100 762 καί
120 700 204 782 γηΐνῳ
227 699 383 778 καλύμματι
404 702 465 783 περί
476 701 525 774 τὴν
546 704 671 775 ἀλήθειαν
686 707 750 764 ἀνα·
801 716 826 761 et
842 702 880 763 sie
893 704 929 763 ad
943 706 1133 765 comestionem
1145 709 1292 768 accedere?
1305 710 1337 771 si
1351 732 1415 771 vere
1433 713 1550 771 circum·

51 782 108 853 ιίης.
139 781 226 840 Ὅταν
255 778 308 860 γὸιρ
334 781 431 857 γυμνὸς
457 780 521 860 γένη
549 788 594 842 τοῦ
623 789 750 863 σαρκυιοῦ
801 782 909 842 cisionis
922 784 1050 844 virtutem
1065 786 1233 867 spiritualem
1246 788 1372 862 noveris,
1387 791 1549 871 mysteiium

51 885 106 929 πος,
121 864 157 927 ὡς
168 866 272 936 πνεῦμα
281 859 581 941 πρόσειπρὸςΧριστὸν,
590 862 635 921 καί
646 861 748 923 κολλώ-
799 862 905 922 ridebis
913 908 927 941 ,y
938 878 964 922 et
982 867 1071 924 Deum
1085 866 1259 944 glorificabis.
1276 869 1452 929 Circiimcisio
1472 871 1550 949 geni·

63 945 102 999 τῶ
119 938 210 1041 Κυρίῳ
223 938 251 998 ἓν
265 946 369 1016 πνεῦμα
383 938 501 1019 γενήσῃ,
516 941 636 1021 μετέχων
651 941 698 1014 τὴν
712 947 749 1002 le·
799 942 861 1001 talis
874 943 988 1002 membri
1002 959 1066 1003 erat.
1080 948 1123 1005 nb
1135 959 1207 1023 ortu,
1222 969 1238 1006 o
1252 948 1343 1025 hoino,
1353 950 1549 1028 operimentum
1586 971 1588 974 ⁴

51 1001 228 1100 αὶόωτηριον
250 1018 383 1168 μετογγὴν,
403 1020 435 1091 ἣν
449 1023 466 1090 ἡ
482 1025 534 1079 τῶν
546 1024 630 1100 κρεῶν
652 1025 750 1102 βρῶσις
801 1020 937 1097 habuisti,
952 1024 1024 1102 qued
1036 1025 1177 1105 oportebat
1199 1040 1225 1084 te
1241 1047 1389 1102 removere,
1408 1043 1438 1087 ut
1456 1044 1548 1110 opcito

51 624 155 702 ιωροίης
170 622 306 694 ἀλήθειαν,
325 621 370 679 καί
388 621 426 699 μὴ
439 622 638 701 κεκαλυμμένος
648 629 686 704 τῷ
697 624 748 682 σώ-
803 638 968 684 conicaturus
981 626 1026 701 sit,
1038 626 1165 686 circumci
1191 628 1196 639 '

51 1123 98 1160 ισε.
116 1098 306 1178 Περιτέμνουδ
339 1099 386 1157 καὶ
401 1097 533 1158 ἀπεκδύου
546 1101 576 1160 τὸ
590 1104 668 1178 σῶμα
681 1100 782 1178 peric
799 1101 876 1160 vultu
890 1103 1030 1161 veritatem
1041 1105 1148 1164 videres
1157 1150 1166 1179 ,
1180 1127 1229 1165 nec
1245 1108 1297 1165 sub
1311 1121 1416 1167 terreno
1428 1129 1473 1167 coi·
1493 1108 1548 1171 oris

51 1179 100 1252 τὸν,
112 1177 180 1237 κατὸι
191 1178 236 1237 τὸν
246 1177 358 1255 λέγοντα
367 1179 488 1251 Παῦλον,
503 1178 544 1238 δτι
554 1182 750 1260 περιετμήθητε
797 1194 951 1259 tegumento
973 1183 1049 1242 illam
1069 1185 1222 1266 respiceres.
1245 1187 1315 1244 Cum
1337 1187 1409 1245 enim
1430 1131 1547 1248 nudatus

51 1261 107 1336 ομῆ
119 1257 314 1336 ἀγειροποιήτῳ
329 1261 399 1334 ἐντῇ
413 1257 555 1317 ἀπεκδύσει
566 1265 612 1317 τοῦ
626 1259 749 1338 σώματος
798 1260 906 1319 lucrisa
921 1284 1016 1321 carneo
1034 1285 1163 1342 corpore,
1180 1263 1214 1322 ad
1231 1265 1370 1324 Christum
1392 1279 1421 1324 ut
1435 1268 1548 1347 spiritus

51 1323 128 1415 αράὸς
138 1323 165 1396 lv
178 1342 211 1408 rip*
221 1342 352 1416 περιτομῇ
365 1344 411 1394 ποθ
423 1339 556 1414 Χριστοῦ·
569 1338 616 1397 καί
625 1338 693 1398 ούτω
704 1364 749 1399 πε·
797 1340 902 1399 accedis
910 1386 918 1416 ,
935 1356 961 1400 et
982 1342 1099 1400 Domino
1120 1342 1225 1402 haerens
1247 1366 1318 1402 unus
1334 1346 1446 1424 spiritus
1458 1347 1549 1407 effice·

51 1415 158 1494 νόμενος
172 1403 277 1473 ἅπασαν
310 1401 515 1497 ιλὸχρηματίαν,
530 1418 687 1496 φιλοδοξίαν,
701 1417 752 1498 ρι-’
798 1419 835 1476 ris
846 1441 894 1508 per
903 1442 1006 1480 sacram
1015 1435 1041 1479 ct
1053 1421 1194 1481 salutarem
1210 1424 1453 1505 participationem,
1465 1448 1548 1503 quam

53 1495 114 1566 ίαν,
129 1499 176 1565 τῆς
197 1494 244 1572 μὲν
260 1440 326 1572 πρὸς
342 1495 412 1553 Θεὸν
428 1495 583 1572 ἐμπίπλασο
598 1502 697 1579 τρορῆς
711 1500 748 1565 εἷς
798 1497 936 1558 indicabat
949 1502 1072 1558 carnium
1089 1502 1225 1561 comestio.
1247 1503 1418 1562 Circumcide
1432 1519 1458 1563 et
1479 1527 1548 1566 exue

51 1575 80 1634 ὸν
99 1573 256 1651 ἀναγούσης,
278 1573 463 1653 ἐλευθερούσης
486 1576 538 1634 ἀπὸ
557 1582 680 1659 πονηρῶν
696 1581 746 1659 ἀρ·
798 1597 895 1657 eorpus
904 1593 965 1658 post
975 1580 1114 1638 Christum
1122 1580 1270 1640 secundum
1285 1583 1412 1661 Paulum,
1428 1584 1474 1662 qui
1489 1585 1546 1646 ait:

51 1676 82 1726 ιν,
96 1653 209 1725 λυούαης
222 1653 274 1712 ἀπὸ
286 1653 373 1712 πόνων
383 1655 519 1732 χαλεπῶν,
530 1653 630 1723 ἔνδοξον
642 1657 687 1716 καὶ
700 1680 749 1733 μα·
799 1657 971 1716 Circumcisi
980 1663 1048 1718 estis
1056 1664 1275 1720 circumcisione
1285 1683 1344 1721 non
1350 1665 1542 1744 manufacta,
1559 1670 1609 1717 cot.
1622 1685 1646 1718 2.
1661 1684 1698 1719 ιιι

51 1757 66 1792 ν
81 1758 124 1793 σοι
144 1733 193 1803 την
214 1737 250 1798 εἰς
272 1734 341 1791 Θεὸν
360 1732 484 1791 ἐπάνοδον
499 1731 707 1815 ι’χοιριζύμενος,
721 1739 747 1795 ἐν
798 1740 830 1793 in
844 1738 1055 1816 exspoliatione
1075 1744 1203 1818 eorporis
1217 1745 1315 1800 carnis
1327 1787 1335 1812 ,
1347 1746 1379 1799 in
1392 1747 1546 1803 circumci—

51 1816 79 1893 r'p
101 1815 190 1881 Ἰησοῦ
204 1817 243 1892 τῷ
256 1811 346 1893 Κυρίῳ
365 1816 464 1889 ἡμῶν,
480 1803 503 1893 ᾧ
520 1819 537 1886 ἠ
562 1815 624 1883 δόξα
637 1819 674 1884 εἰς
689 1814 749 1882 τοὺς
799 1818 880 1873 sione
895 1818 1006 1875 Christi
1012 1842 1022 1885 ;
1034 1831 1115 1895 atque
1130 1818 1166 1876 ita
1179 1820 1354 1879 circumcisus
1367 1822 1441 1880 omni
1456 1824 1545 1882 av'ari-

51 1894 134 1959 ςτῶν
150 1895 260 1951 αἰώνων.
283 1890 376 1969 Ἀμην.
719 1955 721 1960 f
799 1894 854 1967 tia,
868 1916 943 1954 vanae
964 1895 1055 1974 gloriae
1075 1910 1101 1954 et
1123 1898 1271 1978 voluptatis
1286 1921 1395 1973 amore,
1411 1901 1546 1962 divinate

800 1973 837 2031 im
859 1974 913 2032 leas
927 1996 994 2049 esca,
1009 1998 1068 2054 quar
1084 1990 1109 2033 te
1123 1978 1159 2035 ad
1174 1978 1269 2037 caeluin
1281 1978 1373 2050 ducat,
1386 1994 1412 2038 te
1424 1981 1545 2040 lihercta

800 1995 878 2112 mih'r
890 2052 1114 2128 dominatoribus,
1126 2071 1201 2115 eruat
1211 2059 1379 2135 gravissimis
1393 2059 1543 2134 laboribus,

705 2126 721 2203 f
800 2132 1000 2211 gloriosumque
1020 2134 1069 2193 tibi
1084 2156 1115 2193 ac
1134 2136 1243 2195 beatum
1265 2137 1299 2196 ad
1320 2141 1408 2197 Deuiii
1429 2140 1546 2199 reditum

800 2213 933 2289 conciliet,
949 2213 977 2271 in
990 2215 1097 2272 Christo
1109 2217 1172 2276 lesu
1186 2217 1303 2276 Domino
1315 2233 1417 2290 nostro,
1432 2219 1475 2278 ciii
1488 2220 1545 2299 glo-

800 2290 840 2349 ria
852 2291 988 2352 insaecula
1002 2294 1171 2353 saeculorum.
1186 2301 1279 2356 Amen.

51 2482 119 2532 ἴση.
134 2482 362 2547 ἀνακεκαλυμμένῳ]
671 2476 673 2480 ⁴
820 2483 832 2520 ¹³
850 2483 940 2548 [nort.
952 2487 1125 2555 χαριζομένης]

51 2671 126 2677 --
131 2670 300 2676 m„-—
305 2670 308 2674 r
313 2669 1142 2680 -—-——-—-—-———--—·-——-————-—-—-——-——-
1146 2674 1544 2685 ..a-——qss-——--

1339 2691 1542 2698 ...ψ-...ω-

239 2832 286 2897 nte
309 2829 414 2889 ταύτόν.
437 2828 470 2896 ς’.
758 2837 776 2881 Ι)
954 2835 992 2890 In
1010 2832 1087 2891 idem
1102 2847 1318 2914 argumentum.
1332 2837 1382 2892 VI.

51 3018 82 3076 ιλ
98 3015 146 3094 pli
157 3015 208 3087 ἤδη
220 3016 304 3097 φωτὸς
312 3020 614 3098 ὑπεραυγοῦσιΧρςσποῦ
628 3021 739 3093 ἀκτῖνες,
834 3015 861 3070 ί.
875 3012 965 3073 Sacrae
981 3012 1083 3072 Chrisll
1097 3013 1166 3073 lucis
1180 3013 1320 3096 radlijr'ssn
1341 3016 1500 3096 splendent,
1516 3031 1542 3076 θί
1580 3046 1584 3053 ·

51 3103 92 3156 θα
127 3097 265 3176 λκαθαροῦ
278 3096 433 3174 Πνεύματος
448 3099 619 3158 ἀνατελλουσι
634 3102 739 3180 pamen-
792 3112 861 3171 pura
882 3092 943 3172 puri
965 3092 1083 3183 Spiritus
1105 3093 1249 3153 luminaria
1267 3095 1393 3154 oriuntur
1403 3141 1413 3172 ,
1430 3097 1542 3157 calestia

51 3184 155 3257 ’,ρανωι
175 3175 202 3235 δὲ
225 3176 271 3235 καὶ
293 3176 425 3254 βασίλειαι
439 3177 511 3244 δόξαν
523 3176 643 3248 θεότητος
657 3178 739 3238 &val-
791 3185 882 3229 autem
897 3185 923 3230 et
936 3193 1018 3251 regiae
1035 3173 1187 3232 divinitatis
1208 3175 1300 3253 gloria
1315 3175 1454 3234 thesauros
1474 3197 1541 3257 ape-

51 3254 197 3334 ησαυρούς.
215 3255 268 3323 Νύξ
286 3255 371 3326 πολλὴ
397 3256 442 3315 καὶ
466 3257 573 3336 ἀμαυρά
588 3241 737 3330 κατεπόθη,
792 3251 874 3309 riunt.
891 3252 954 3310 Nox
976 3251 1061 3310 multa
1076 3265 1102 3311 et
1119 3254 1232 3312 obscura
1252 3254 1377 3345 absorpta
1391 3270 1429 3314 est
1451 3269 1476 3314 et
1499 3256 1541 3315 in·

51 3334 166 3406 ἰιιειθης
181 3336 288 3401 θάνατος
307 3336 506 3402 ουσκιασθείς*·
519 3336 573 3408 ζωὴ
596 3348 650 3405 τοῖς
669 3336 738 3405 άλοις
792 3344 867 3408 grata
883 3351 955 3388 mors
972 3332 1134 3408 obscurata,
1150 3332 1206 3391 vita
1227 3333 1360 3392 universis
1377 3349 1471 3426 aperta
1485 3350 1540 3411 est,

51 3394 128 3484 ἔθη,
150 3414 194 3472 καὶ
216 3413 300 3494 φωτὸς
324 3415 434 3474 &coeloe
458 3414 493 3472 τὸ
514 3414 564 3475 ὅλα
585 3416 675 3496 γέμει,
691 3418 737 3475 καὶ
791 3423 817 3467 ct
833 3409 894 3468 luce
910 3411 1021 3491 perenni
1041 3411 1131 3470 omnia
1151 3412 1229 3492 plena
1241 3428 1313 3491 sunt,
1328 3427 1408 3492 atque
1428 3429 1542 3474 orientes

51 3494 89 3552 αὶ
102 3496 233 3552 ἀνατολῶν
249 3493 374 3572 ἐπάγουσι
388 3493 418 3551 τὸ
430 3504 493 3567 πᾶν,
508 3493 554 3553 καὶ
567 3499 581 3552 ὸ
595 3497 647 3575 πρὸ
666 3499 736 3554 irae·
790 3489 934 3548 orientium
948 3490 1105 3550 universum
1117 3490 1257 3551 obtinent:
1273 3507 1300 3551 et
1311 3493 1358 3552 ille
1368 3508 1429 3553 ante
1444 3494 1540 3553 lucile-

51 3573 207 3654 γεννηθεὶς,
222 3562 365 3645 ἀθάναὸος,
382 3573 427 3633 καὶ
440 3574 519 3641 πολὸς
532 3575 614 3652 μέγας
631 3577 738 3635 ἐπανθεῖ
790 3590 853 3627 rum
875 3570 1000 3649 genitus,
1025 3569 1184 3630 immortalis
1194 3617 1203 3648 ,
1228 3585 1254 3630 et
1280 3594 1322 3631 ma
1364 3594 1395 3631 us
1420 3573 1542 3655 splendet

51 3661 144 3720 ςτοῖς
157 3652 302 3734 noientel?
315 3652 400 3724 ἥλιον,
414 3653 467 3711 Καὶ
488 3652 531 3712 διὰ
552 3660 629 3713 τοῦτο
647 3654 737 3736 μακρὰ
792 3649 916 3708 Christus
932 3650 1064 3709 universis
1081 3650 1143 3731 plus
1161 3653 1309 3743 quam'sel:
1337 3653 1440 3789 deopiie
1460 3653 1542 3733 longa

51 3731 136 3798 ώνιος
157 3732 202 3790 καί
224 3730 351 3799 ἀσύεστος
374 3738 439 3808 ημῖν
462 3733 664 3812 ἐμπολιτεύεται
684 3744 739 3803 τοῖς
792 3743 818 3787 et
838 3742 936 3788 aeterna
958 3730 1036 3788 nohis
1058 3730 1230 3789 credentibus
1251 3753 1279 3789 in
1301 3753 1360 3810 ipso
1404 3754 1440 3821 ies
1465 3731 1541 3821 addest

51 3810 166 3871 mam,
180 3813 221 3869 ἐπ’
238 3813 307 3869 αὐτῶ
317 3811 399 3882 λευκὴ
419 3811 520 3894 ἡμέρη·
532 3813 626 3892 πάσχα
643 3813 673 3872 τὸ
687 3838 737 3892 μη.
792 3808 917 3881 candida‚
933 3809 1035 3868 Pascha
1048 3809 1211 3888 mysticum,
1237 3811 1352 3900 figurate
1365 3808 1478 3900 quidem
1492 3832 1542 3900 per

51 3936 55 3960 ‚
73 3895 195 3955 τυπικῶς
208 3889 254 3968 μὲν
273 3872 316 3951 δίδ
330 3892 410 3970 νόμου
421 3892 663 3973 λειτουργούμενον·
680 3893 736 3952 irai-
792 3887 877 3966 legem
898 3887 1080 3960 celebratum
1095 3888 1210 3963 Pascha,
1232 3889 1357 3946 mirabile
1370 3888 1471 3947 divina
1484 3910 1539 3978 νιν·-

51 3971 74 4030 h
91 3970 242 4047 θαυμαστὸν
262 3975 309 4041 τῆς
333 3972 403 4038 θείας
422 3974 517 4050 ἀρετῆς
536 3971 581 4029 καὶ
605 3971 738 4048 δυνάμεως
791 3967 857 4024 tutis
868 3980 895 4024 et
906 3967 1046 4046 potestatis
1059 3987 1142 4046 opus,
1157 3988 1220 4026 vere
1233 3967 1331 4026 festum
1347 3981 1376 4025 et·
1384 3968 1541 4028 memoriale

55 4051 167 4114 ἀληθῶς
178 4049 255 4127 ἑορτὴ
269 4050 313 4108 καί
327 4050 493 4129 μνημόσυνον
504 4049 561 4110 ἔννο
583 4073 610 4110 ον
623 4050 736 4111 αἰώνιον.
755 4080 773 4126 Β
790 4045 942 4125 legitimum
956 4045 1148 4135 sempiternum
1160 4069 1168 4106 :
1180 4068 1214 4104 ex
1228 4047 1350 4126 passione
1364 4047 1538 4138 impassibih-

51 4129 125 4194 ίθους
138 4128 269 4199 ἀπάθεια,
283 4133 313 4188 ἐκ
328 4132 440 4189 θανάτου
453 4074 599 4204 temerii,
615 4136 644 4190 ἐκ
657 4129 736 4190 *νεό-
791 4139 840 4199 tas,
852 4146 887 4184 eir
900 4139 986 4184 morte
999 4125 1197 4200 immortalitas,
1208 4147 1243 4184 eii
1256 4127 1399 4207 juventute
1414 4140 1489 4202 vita,
1503 4149 1539 4186 ex

51 4206 122 4279 ζωὴ,
135 4209 165 4266 ἐκ
180 4210 284 4286 πληγῆς
296 4209 380 4284 ἴασις,
396 4213 425 4269 ἐκ
437 4208 562 4275 πτώσεως
577 4211 735 4286 ἀνάστασις,
791 4205 870 4285 plaga
882 4204 994 4280 medela,
1007 4226 1042 4264 ex
1053 4205 1131 4285 lapsu
1145 4206 1252 4282 erectio,
1262 4228 1297 4264 ex
1307 4205 1433 4265 descensu
1449 4227 1539 4266 ascen-

51 4287 116 4348 ύδου
135 4287 271 4355 ἀνάδοσις.
287 4288 380 4356 Οὕτως
391 4292 405 4346 ὁ
415 4290 484 4355 Θεὸς
500 4290 637 4368 ἐργάζεται
652 4313 686 4367 με
705 4290 735 4349 ά·
790 4306 845 4343 sus.
863 4285 909 4343 Sic
922 4287 995 4344 Dens
1010 4306 1106 4365 magna
1121 4299 1267 4365 operatur,
1283 4286 1321 4345 sic
1335 4307 1370 4344 cir
1383 4286 1539 4367 impossihi-

51 4390 105 4433 τως
120 4369 149 4425 ἐκ
162 4371 215 4425 τῶν
226 4368 361 4427 ἀδυνάτων
376 4370 529 4448 δημιουργεῖ
540 4368 574 4427 τὸ
587 4313 733 4451 παράδοία,
789 4365 864 4423 libus
879 4364 1015 4455 stupenda¹
1025 4377 1106 4437 creat,
1122 4379 1152 4423 ut
1164 4364 1320 4424 ostendatur
1336 4364 1427 4446 ipsum
1449 4366 1538 4425 solum

51 4449 165 4516 νωσθῆ,
185 4445 226 4505 ὅτι
241 4447 312 4524 μόνον
324 4447 412 4507 πάντα
429 4448 530 4508 θέλοντι
550 4447 643 4516 ἔξεστι.
666 4449 738 4508 Ὶόύι
789 4444 922 4504 volentem
943 4466 1033 4503 omnia
1054 4465 1140 4525 posse.
1165 4445 1220 4503 llas
1241 4445 1342 4524 figuras
1367 4445 1410 4505 lex
1434 4467 1540 4504 annun·

51 4551 72 4586 ιν
86 4506 733 4608 οὖν’τοὸςτόπουάπροσαπαγγελλάτωκαίνύμος,
790 4525 838 4582 tiet
849 4569 858 4599 ,
879 4524 1009 4604 imagines
1034 4525 1156 4583 veritatis
1179 4525 1256 4605 prius
1281 4524 1469 4604 interpretetur
1490 4546 1537 4585 an·

51 4604 128 4670 ιόνας
149 4608 197 4675 τῆς
220 4605 344 4674 ἀληθείας
365 4607 584 4687 προερμηνευέτω
609 4608 734 4686 ἄγγελος,
789 4605 874 4682 gelus,
895 4605 1033 4684 magnun?
1051 4604 1142 4694 magni
1157 4605 1239 4694 Regis
1260 4603 1410 4696 adventum
1433 4605 1537 4685 praedi-

51 4707 96 4744 ων
117 4683 233 4761 pepones
267 4687 382 4765 μεγάλου
413 4687 540 4764 βασιλέως
575 4687 733 4765 ἐπιδημίαν·
788 4704 872 4742 cans:
898 4684 947 4742 ubi
971 4684 1118 4765 AEgyptiiis
1145 4697 1387 4776 primogenitorum
1420 4684 1538 4766 populus

69 4762 121 4842 pli
145 4763 288 4840 Αἰγύπτιος
308 4770 360 4824 τῶν
385 4768 559 4847 πρωτοτόκων
585 4767 734 4837 ἀπέθνησκε
789 4777 911 4822 mortuus
929 4776 988 4840 est,
1004 4777 1029 4822 et
1054 4762 1135 4822 lsraiil
1155 4779 1270 4845 mystico
1293 4785 1423 4843 sanguine
1445 4784 1537 4823 serva·

67 4839 133 4902 ὁδὲ
158 4841 268 4921 Ἰσραὴλ
291 4848 330 4903 τῶ
353 4851 473 4922 μυστικῶ
491 4846 584 4924 αἵματι
607 4845 729 4914 ἐσώζετο.
787 4845 878 4902 batur.
911 4843 975 4901 Haec
1009 4843 1097 4901 omnia
1130 4857 1192 4902 sunt
1224 4845 1377 4903 futurorum
1412 4843 1532 4901 umbra:

65 4921 158 4980 πάντα
172 4927 225 4980 τῶν
239 4905 389 5000 μελλύντων
403 4909 481 4984 σκιά·
506 4930 531 4986 ἐν
555 4933 621 5003 ἡμῖν
636 4925 663 4985 δὲ
680 4930 731 4984 τῶν
787 4922 861 5004 apud
877 4943 925 4982 nos
948 4935 1037 4980 autern
1060 4937 1122 4981 sunt
1143 4922 1293 5003 imaginum
1316 4924 1429 4997 lorinae,
1448 4935 1473 4980 et
1489 4935 1535 5003 ty-

51 4999 113 5060 ντθ
132 5001 318 5082 μορριὸματα,
336 5004 450 5063 καὶτῶν
471 5003 733 5085 πἰπωντὸιπληρύ-
787 5024 883 5083 μοιυιιι
907 5002 1125 5082 complementa,
1151 5016 1230 5082 atque
1255 5003 1357 5062 umbra
1388 5002 1447 5061 loeo
1472 5022 1535 5060 eiia-

51 5195 112 5243 'orL
126 5193 255 5246 intercidit
269 5192 396 5261 verbnm]
800 5213 810 5236 ¹
828 5197 838 5253 ί
850 5198 921 5246 Fert.
935 5196 1090 5264 νεκρθτητος-]
