3750 5940
55 457 96 504 rc.
124 457 205 506 uxr.
232 434 279 506 al.
309 444 401 509 exii.
783 443 852 534 447

103 579 169 639 bant
193 581 278 657 enim,
305 584 385 662 Quid
406 584 578 662 [acimum
598 582 645 642 hie
666 582 853 664 impudenter,

103 685 195 753 aperta
207 674 312 751 fronte,
332 689 358 733 et
373 674 525 756 petulanter
544 674 680 742 clamavit.
700 675 776 748 Quid
789 698 854 736 vero

102 764 190 824 dicit?
202 768 259 825 Vos
271 772 388 826 nescitis
400 769 578 849 qrridpuam,
608 787 701 848 neque
718 773 854 850 cogitatis

103 863 174 938 quio
195 862 310 941 expedit
324 864 410 920 vohis
418 906 427 933 ,
446 874 478 919 nt
493 881 567 919 unus
586 865 731 920 meriatur
744 864 833 921 home
842 908 852 935 ,

103 963 131 1008 et
144 973 181 1008 ne
192 964 336 1032 retegens
348 966 459 1033 pereat.
470 954 502 1011 ot
513 999 518 1010 .
529 955 595 1011 Hoc
606 966 704 1012 autem
719 975 739 1012 a
752 969 855 1015 senet-

102 1045 165 1121 ipso
185 1064 244 1101 non
265 1045 358 1119 dixit,
380 1046 433 1104 sed
456 1057 610 1103 comesset
630 1046 766 1127 pontifex
780 1051 855 1104 anni

101 1136 195 1215 illius,
209 1141 406 1218 prophetavit.
424 1137 510 1199 Vides
529 1153 628 1218 quanta
642 1137 677 1197 sit
690 1139 855 1221 pontificalis

102 1231 239 1309 potestas?
253 1231 325 1303 Quia
345 1232 417 1290 enim
441 1231 630 1312 pontificatum
646 1232 755 1291 sortitus
778 1246 850 1309 erut,

100 1319 164 1379 lieet
187 1321 331 1401 indignus,
355 1323 542 1404 prophetavit,
561 1322 627 1402 qnid
655 1321 757 1383 diceret
778 1323 855 1404 igno·

67 1429 164 1476 urans
182 1437 188 1470 :
207 1415 294 1493 gratia
315 1417 373 1495 ejus
392 1430 497 1474 tantum
520 1437 566 1474 ore
581 1437 629 1475 usa
644 1430 698 1488 est,
716 1416 855 1498 impurum

102 1529 166 1567 vero
183 1531 291 1570 cernon
306 1511 403 1590 tetigit.
413 1512 496 1571 lllnlti
506 1533 612 1592 quoque
624 1513 671 1571 alii
683 1513 773 1573 sutura
788 1536 855 1596 prae·
899 1524 964 1569 ttulit
974 1528 1008 1569 u-

102 1600 251 1674 dixerunt,
273 1603 377 1683 indigni
394 1603 472 1681 lieet,
493 1603 762 1682 Nabuchodonosor,
781 1607 852 1667 Pha·
864 1587 1009 1709 dllgffi'ffl:

102 1714 163 1768 rao,
189 1695 318 1770 Ralaam,
341 1695 514 1777 omniumque
535 1717 615 1755 eausa
641 1698 782 1757 manifesta
807 1714 926 1759 esurum.

102 1785 159 1844 lloc
186 1800 277 1846 autem
302 1787 363 1847 vult
391 1785 439 1847 ille
464 1789 616 1868 significare
636 1792 713 1850 :Vos
739 1790 854 1867 satietis,

101 1876 190 1936 adhue
204 1879 312 1958 segnius
326 1880 377 1939 hoe
392 1883 530 1961 negotium
550 1880 703 1959 attenditis,
719 1904 765 1942 nec
779 1884 855 1943 scitis

102 1969 183 2028 unius
204 1971 321 2031 hominis
335 1972 448 2031 salutem
463 1993 511 2053 pro
532 1973 670 2032 communi
686 1989 855 2035 contemnen-

102 2062 165 2121 dam
181 2086 244 2123 esse.
257 2064 329 2126 Vide
342 2080 441 2145 quanta
458 2067 493 2125 sit
507 2066 596 2126 virtus
607 2068 740 2149 Spiritus:
755 2091 789 2128 ex
806 2070 855 2129 im·-

102 2159 187 2237 proba
202 2173 290 2218 mente
300 2160 434 2220 mirabilis
446 2161 594 2242 prophetiae
608 2161 690 2223 uerba
704 2164 792 2245 potuit
806 2164 855 2224 eli·

103 2271 171 2310 rere,
195 2251 280 2311 Filios
298 2267 389 2312 autem
408 2253 458 2312 Dei
472 2268 563 2333 gentes
576 2255 695 2336 appellat
719 2257 857 2336 evangeli·

102 2357 153 2418 sta,
168 2366 204 2403 ex
223 2366 254 2405 ee
274 2345 348 2425 quod
367 2348 490 2406 futurum
511 2361 580 2423 erat,
602 2347 672 2408 sicut
687 2364 714 2409 et
728 2349 785 2432 ipse
799 2351 855 2432 ait,

102 2440 142 2495 Et
160 2439 236 2497 olias
259 2460 326 2498 oves
342 2441 457 2510 haheo;
471 2440 507 2498 ab
526 2461 557 2499 eo
575 2440 648 2519 quod
662 2439 785 2502 sciturum
800 2450 936 2503 eratlow·
951 2461 986 2495 ¹0·

69 2528 145 2596 esic
169 2551 277 2589 vocans.
301 2530 376 2603 Quid
397 2531 450 2591 sibi
480 2533 542 2591 vult
571 2532 658 2607 illud,
684 2536 759 2593 Cum
782 2552 856 2597 esset
870 2513 905 2559 ’δ’

100 2625 237 2704 pontifex
251 2628 325 2682 nuni
338 2625 441 2684 illius?
456 2625 525 2683 Cum
537 2624 599 2683 aliis
612 2625 776 2705 hicquoque
797 2648 856 2687 mes

100 2730 242 2796 corruptus
255 2731 320 2776 erat.
339 2719 397 2777 Non
419 2716 575 2776 enimultra
594 2731 650 2777 toto
664 2718 727 2778 vitae
753 2733 856 2801 tempo.

101 2830 146 2882 re,
161 2808 209 2866 scd
228 2830 298 2868 nuno
317 2831 371 2867 uno
393 2809 574 2868 sacerdotium
588 2810 737 2889 gerebant,
751 2832 785 2870 ex
799 2833 856 2891 quo

102 2900 208 2960 venales
230 2901 291 2959 facti
311 2915 386 2960 erant
408 2901 584 2982 principatus.
609 2905 734 2961 Attamen
748 2903 792 2962 vel
813 2905 854 2963 sic

101 2992 190 3050 adhue
203 2992 295 3051 aderat
315 2993 443 3074 Spiritus.
464 2996 610 3074 Postquam
624 3008 715 3055 autem
727 2994 755 3053 in
778 2996 855 3055 Chri-

101 3102 172 3146 stum
182 3110 277 3147 manus
291 3089 471 3162 sustulerunt,
488 3103 552 3148 tunc
568 3089 629 3149 illos
639 3090 765 3170 reliquit.
777 3106 803 3150 et
814 3090 851 3152 ad

100 3181 233 3261 apostolos
257 3181 401 3240 translatus
418 3195 466 3240 cst.
491 3181 526 3240 Et
549 3182 600 3241 hoc
625 3182 718 3242 uelum
739 3184 852 3244 scissum

101 3275 233 3351 ostendit,
248 3296 356 3333 necnon
377 3274 478 3334 Christi
495 3295 551 3334 vox
569 3274 702 3335 dicentis:
718 3278 798 3337 Eece
811 3279 856 3336 di·
867 3291 951 3336 uniit.
966 3292 1005 3337 23.

59 3342 95 3443 Ὗ
103 3373 235 3427 mittetur
257 3370 360 3428 domus
390 3381 491 3427 oestro
512 3371 637 3429 deserto.
664 3369 700 3428 Et
721 3353 1009 3473 J0⁵eph¹¹⁵³⁸jwpm

102 3463 149 3541 qui
172 3463 327 3543 paulopost
348 3462 414 3538 fuit,
429 3461 501 3521 dixit
522 3462 653 3542 quosdam
666 3465 793 3545 angelos,
807 3464 854 3545 qui
867 3481 991 3524 turronem.

102 3553 176 3636 apud
191 3554 252 3613 illos
266 3555 425 3629 manebant,
440 3554 542 3614 scinde
556 3555 720 3635 migraturos
739 3579 795 3618 esse
818 3559 855 3618 si-

103 3648 288 3727 gnificavisse,
319 3648 371 3706 nisi
398 3647 591 3728 resipiscerent.
617 3648 755 3720 Quamdiu
783 3650 857 3710 enim

103 3741 180 3799 vinea
202 3741 332 3821 perstitit,
348 3761 398 3820 pro
419 3762 494 3800 more
514 3741 604 3799 omnia
625 3742 694 3800 sacta
709 3755 786 3818 sunt3
810 3744 857 3802 ubi

104 3848 193 3892 autem
206 3832 331 3891 heredem
353 3832 525 3907 oeciderunt,
547 3855 599 3892 non
614 3835 693 3910 item,
710 3834 758 3894 sed
772 3836 857 3916 perio

104 3944 166 3988 runt
180 3953 186 3985 :
199 3943 225 3988 et
238 3929 313 4008 quasi
325 3927 495 4009 splendidam
507 3942 608 3987 vestem
617 3929 652 3986 ab
665 3929 769 4008 ingrato
782 3929 857 3992 lilio>

104 4044 119 4079 n
134 4020 239 4082 ludaeis
253 4022 364 4096 scilieet,
375 4021 496 4079 nuserens
508 4023 598 4094 Deus,
610 4021 703 4100 probis
717 4021 792 4079 illam
804 4042 858 4079 ser-

104 4115 146 4173 vis
170 4113 260 4188 dedit,
289 4135 322 4171 ex
351 4112 497 4192 gentilibus
521 4112 672 4188 conversis,
692 4127 718 4172 et
739 4111 857 4172 desertos

103 4207 165 4264 illos
177 4206 317 4282 nudosque
331 4204 448 4283 reliquit.
465 4205 520 4261 Nec
540 4225 636 4283 parum
651 4205 702 4262 fnit
717 4204 792 4283 quod
805 4205 857 4264 ini·

105 4300 190 4357 micus
214 4299 272 4357 hec
287 4298 467 4379 prophetaret.
490 4296 548 4354 Hoc
567 4296 640 4355 enim
655 4296 724 4356 alios
749 4319 857 4378 quoque

69 4393 210 4451 Ballicere
233 4404 346 4472 poterat.
372 4391 442 4449 Nam
463 4403 554 4447 contra
575 4411 657 4468 qnam
681 4390 728 4450 ille
748 4392 858 4452 volebat

103 4489 199 4547 euenit.
215 4487 285 4558 Quia
298 4485 369 4545 enim
384 4497 506 4543 mortuus
519 4497 572 4559 est,
586 4483 646 4543 ideo
660 4486 777 4546 afuturo
792 4510 855 4569 sup·

105 4582 188 4663 plinio
209 4580 315 4639 liberati
335 4577 428 4637 fideles
451 4589 522 4635 sunt.
538 4575 613 4648 Quid
633 4577 687 4637 sibi
700 4580 761 4640 vult
773 4579 856 4656 illud,

90 4787 209 4837 stionihes
218 4789 244 4833 in
255 4783 390 4842 loannem,
402 4781 493 4849 qrrihus
502 4783 578 4830 etiam
587 4780 760 4848 adstipulatur
768 4783 855 4834 Inter·

88 4864 225 4933 praehere
235 4863 316 4912 locum
325 4863 359 4909 ita
368 4861 462 4927 explet,
471 4861 573 4908 omnino
583 4867 754 4923 marescum,
764 4868 797 4912 {22
807 4886 856 4915 w-

91 4955 165 5011 αγάγῃ
179 4952 207 5002 el‚·
219 4951 255 5006 lu3
275 4950 309 4994 ὃτι
320 4945 370 4998 τοὺς
382 4946 445 5005 ἐγγὺς
455 4943 549 4997 καὶτοὺς
560 4946 653 5005 μακρὰν
664 4944 687 4990 lo
703 4951 769 4994 aena
779 4947 855 5000 inolu-

92 5045 125 5086 σε,
134 5030 171 5072 καὶ
183 5028 224 5073 oo
233 5016 353 5085 l‘oppltn
364 5016 447 5082 placet
461 5017 513 5065 hac
526 5013 662 5073 restitutio,
672 5026 699 5064 ut
710 5017 731 5064 si
742 5014 780 5065 uel
793 5034 855 5068 unus

91 5099 177 5151 Codex
190 5096 395 5163 adstipulantur,
411 5113 466 5145 eom
479 5093 585 5144 libenter
600 5091 753 5143 induxissem
770 5096 795 5144 in
813 5113 854 5146 se-

94 5178 164 5228 riem.
180 5177 308 5241 interpres
324 5176 440 5224 hretinus
454 5171 519 5222 hanc
531 5183 649 5237 sequntur
666 5169 800 5222 lectionem
819 5177 854 5226 sie

95 5260 169 5308 uertit
183 5276 188 5307 :
202 5256 255 5310 Sed
274 5254 337 5322 qnid
354 5257 451 5320 signat,
477 5263 504 5301 nt
525 5260 688 5317 congregaret
711 5250 737 5300 in
760 5252 855 5303 unum?

663 5334 701 5366 mr
