3750 5940
154 406 224 479 508
501 428 532 479 s.
558 427 695 477 sorunrs
720 427 902 477 canrsosr.
931 427 1085 478 incarne.
1112 426 1379 479 oonsranrrnor.

152 554 248 636 major,
266 553 310 613 his
321 552 407 633 gloria
420 552 552 613 illustrior
568 566 705 634 appareat.
724 551 789 612 llaec
802 551 893 632 itaque
949 556 1019 630 μῶσι
1031 551 1159 633 δημοσία·
1173 551 1243 612 οὕτω
1258 551 1290 626 δή
1307 551 1352 613 καὶ
1367 553 1422 612 ixei
1433 551 1558 631 γίνεται·
1577 549 1604 611 ὦ

82 694 85 699 .
152 646 230 705 nohis
244 645 359 726 singulis
373 645 470 706 diebus
478 645 696 727 prescribamus.
713 644 778 704 llaec
789 645 813 704 si
824 665 893 704 sem·
949 643 998 722 μὲν
1016 643 1064 717 τήν
1078 643 1204 725 αἰσχύνην
1218 644 1319 725 μείζω,
1339 652 1396 712 τοῖς
1422 643 1451 704 ll
1475 641 1526 716 τήν
1544 643 1604 722 λαμ

153 759 201 817 per
213 758 359 815 versemus,
370 737 446 797 nulla
466 757 556 797 neruum
573 736 747 819 presentium
760 750 786 797 et
804 736 892 796 ssuxa-
950 735 1313 817 γενέσθαιπιριρανιοτόραν.
1327 737 1423 796 Ταῦτα
1432 734 1523 796 τοίνυν
1536 737 1599 797 aet·

152 849 214 886 rum
238 850 288 888 nos
313 849 443 910 occupare
467 827 574 910 poterit.
599 831 670 889 Nam
683 850 744 908 quar
765 827 894 890 ridentur
949 828 1144 911 ὖποηράρωμεν
1155 833 1256 897 ἑαυτοῖς
1268 827 1436 909 πλνήμόραν.
1450 829 1548 888 Ταῦτα
1559 826 1604 888 ἀνι

153 932 332 1001 temporanea,
346 941 472 1000 quanm
485 919 614 982 videntur
626 935 723 981 aeterna
742 935 815 981 sunt.
828 920 894 981 Haee
948 919 1153 1002 ρωμεν,“οόδὲν
1175 926 1248 1000 ήμάς
1271 923 1325 978 τῶν
1350 918 1490 1002 παρόντοιν
1516 917 1566 979 καὶ
1591 920 1604 979 ἀ

152 1033 216 1093 ergo
228 1015 380 1093 ireqrrenter
392 1014 470 1075 nobis
493 1014 560 1096 ipsis
580 1028 607 1073 et
627 1028 722 1074 mutuo
747 1014 892 1076 dieamus:
949 1020 1092 1093 κατασχεῖν
1115 1013 1255 1085 δυνήσεται
1277 1011 1453 1094 πραγμάτοιν.
1480 1010 1527 1073 Tu
1555 1009 1604 1094 γὰρ

152 1105 322 1171 Resurrectio
335 1101 426 1185 est,'et
434 1106 581 1188 judicium,
592 1120 619 1167 et
631 1128 743 1189 operum
755 1107 893 1170 reddenda
950 1129 1028 1184 μενα,
1055 1104 1223 1187 πρόοααιρα·
1250 1105 1283 1166 τό
1308 1105 1338 1166 ἀλ
1357 1104 1396 1184 μὴ
1422 1103 1592 1184 βλιπόμτνα,

153 1197 232 1256 ratio.
244 1200 386 1278 Quotquot
397 1211 493 1280 putant
507 1220 564 1259 esse
575 1198 672 1275 satum,
688 1199 740 1260 hoe
753 1200 856 1277 dicant,
868 1213 893 1260 et
949 1199 1072 1277 Συνερῶς
1094 1195 1187 1271 τοόνυνζ
1198 1196 1245 1256 sei
1263 1196 1329 1278 πρὸς
1349 1194 1458 1264 inprobe
1472 1193 1604 1277 ρόεγγσόρι

152 1308 217 1348 mox
231 1288 312 1370 hujus
327 1289 414 1349 morbi
435 1289 497 1349 tabe
509 1289 708 1350 liberabuntur.
721 1292 792 1351 Nam
808 1293 832 1353 si
852 1315 894 1353 re·
949 1287 1035 1369 ’πρός
1057 1287 1206 1359 ἀλλήλους·
1221 1287 1366 1355 ἀνάστασίς
1386 1289 1463 1363 ἀστι,
1483 1286 1532 1346 ιιαλ
1555 1285 1604 1368 apl

152 1380 282 1440 surrectio
292 1395 367 1442 estet
372 1381 519 1463 judicium,
531 1403 584 1442 non
594 1372 634 1443 est
643 1384 738 1462 fatum,
748 1398 894 1465 quantum-
949 1383 1051 1442 εὖόῦναι
1072 1383 1125 1439 τῶν
1138 1380 1340 1462 πεπραγμένων.
1360 1379 1418 1442 rtet·
1439 1379 1498 1440 ὅσοι
1521 1377 1604 1459 νομόζι

152 1471 195 1530 vis
208 1472 260 1554 ipsi
275 1473 445 1534 contendant.
456 1476 561 1535 Verum
574 1474 660 1557 pudet
671 1496 714 1535 me
725 1476 893 1537 Christianos
912 1475 931 1522 Ι)
951 1473 1090 1553 μαρμένην
1105 1463 1186 1547 εἷναι,
1199 1478 1277 1532 τοῦτο
1288 1470 1449 1552 λεγέτωσαν,
1461 1470 1507 1532 καλ
1525 1470 1604 1532 ebbio

152 1562 247 1625 dooere
257 1565 628 1645 resurrectionemNamqui
641 1566 780 1627 docendus
789 1582 829 1628 est
840 1590 895 1628 esse
949 1567 1112 1644 λαγήσοντοιι
1128 1570 1177 1638 τῆς
1197 1566 1339 1640 σηπεδόνος
1359 1573 1407 1627 τοῦ
1428 1564 1591 1643 νοσήματος.

152 1658 381 1735 resurrectionem,
391 1679 440 1719 nee
454 1680 611 1740 persuasum
623 1659 705 1719 hahet
715 1660 818 1721 nullum
840 1683 896 1722 esse
951 1657 1094 1725 ἀνάστασίς
1104 1662 1161 1718 ἐστι
1174 1659 1219 1719 καλ
1238 1658 1340 1740 κρίσις,
1353 1661 1406 1720 σιἰιι
1415 1657 1486 1718 ἔστιν
1500 1661 1604 1739 εῖμαρμ

152 1750 347 1828 necessitatem,
361 1771 411 1810 nee
423 1771 467 1810 res
479 1771 543 1811 casu
552 1771 584 1811 ae
592 1763 691 1811 temere
705 1752 780 1831 ferni,
789 1752 813 1811 is
826 1767 897 1814 eerte
952 1749 1032 1831 μυρία
1044 1753 1212 1831 ριλονιοιῶσι
1229 1750 1283 1810 καλ·
1293 1748 1501 1829 ἀποπνίγωνται.
1517 1746 1600 1809 ’ἀλλά

153 1863 206 1903 non
229 1857 269 1903 ast
280 1842 461 1904 Christianus.
484 1843 558 1921 Ideo,
572 1865 662 1924 quaeso
684 1858 711 1905 et
723 1845 846 1921 obsecro,
861 1847 896 1905 ab
952 1843 1084 1924 σχόνομαι
1103 1842 1271 1925 χριστιανοὺς
1283 1842 1344 1924 περὶ
1360 1839 1532 1909 ἀναστάσεως
1545 1839 1604 1902 net

151 1936 276 1996 omnibus
289 1957 338 1997 nos
351 1935 431 1996 malis
452 1957 609 2019 purgemus,
626 1937 749 2017 nihilque
763 1959 816 1999 non
831 1960 895 2020 aga·
952 1934 1004 2015 γὰρ
1026 1933 1147 2014 δεόμενος
1164 1940 1258 2013 μαθεῖν
1277 1935 1318 1994 ότι
1338 1934 1412 1995 όστιν
1435 1933 1598 2007 ἀνάστασις,

151 2050 212 2088 mus
227 2042 266 2088 -ut
284 2049 479 2108 oonsoquamur
501 2029 609 2089 veniam
644 2030 896 2112 excusationemque
953 2025 1053 2110 σφόδρα
1064 2026 1196 2094 πεπεικὼς
1210 2025 1424 2096 tenemusne
1437 2024 1604 2106 me

151 2120 178 2179 in
191 2120 303 2181 illodie.
316 2110 370 2181 sed
382 2121 452 2181 forte
464 2120 537 2181 dicet
547 2121 685 2203 quispiam
697 2147 704 2180 ι
714 2122 896 2198 Quandonam
953 2118 998 2178 καλ
1013 2123 1048 2186 ὡς
1065 2119 1159 2200 ἔτυχε,
1183 2118 1217 2179 τὰ
1243 2117 1391 2202 πράγματα
1410 2115 1537 2199 ρόρσται,
1560 2119 1604 2177 οὖα

151 2213 354 2289 consummatio,
368 2212 477 2292 quando
500 2213 658 2272 resurreetio
676 2213 749 2274 erit?
762 2230 894 2294 quantum
951 2212 1113 2292 χριστιανός.
1128 2209 1180 2271 Διά
1197 2216 1292 2287 τοῦτο,
1305 2212 1455 2292 παρακαλῶ
1473 2211 1521 2269 καλ
1540 2208 1604 2289 &lap

151 2304 278 2385 temporis
287 2304 512 2380 effluxit,etnihil
522 2304 620 2365 horum
629 2305 895 2386 contigit?Sederit,
951 2328 1003 2364 των
1016 2309 1069 2365 τῶν
1093 2309 1215 2387 πονηρῶν
1232 2302 1340 2370 ῖαυτοιλς
1361 2301 1604 2383 immimentis

151 2398 260 2458 credite.
275 2402 346 2460 Nam
359 2411 420 2458 ante
439 2397 579 2459 diluvium
593 2398 645 2458 hoe
658 2398 796 2475 dicebant,
808 2414 834 2459 et
847 2400 895 2461 de·
951 2397 1104 2480 πράξωμεν,
1110 2396 1178 2459 ὥστε
1188 2395 1444 2478 ουγγνώμηςτυχεῖν
1454 2395 1501 2454 καλ
1510 2396 1604 2476 emin}

151 2490 276 2550 ridebant
288 2492 345 2550 Noe
362 2514 368 2547 :
386 2489 435 2550 sed
448 2489 523 2551 venit
536 2489 683 2569 diluvium,
698 2505 724 2550 et
739 2491 789 2552 hos
803 2513 895 2554 omnes
950 2488 999 2562 τήν
1023 2489 1126 2572 ἡμέραν
1152 2490 1265 2561 ἐκείνην.
1288 2489 1357 2547 Ἀλλ’
1372 2487 1439 2556 ἴσως
1463 2490 1520 2572 ἀρεῖ
1533 2510 1589 2556 τις·
1602 2512 1604 2548 :

151 2603 205 2643 non
216 2582 352 2644 eredentes
365 2581 517 2655 absorbuit,
531 2581 579 2643 ille
591 2583 665 2643 solus
679 2584 790 2645 credens
803 2608 893 2648 serva-
912 2595 931 2642 Ε
951 2583 1101 2656 ουντόλειας
1113 2583 1178 2643 πότι
1187 2580 1215 2641 δὲ
1226 2581 1369 2648 αἰνόστσσις
1382 2580 1471 2653 letae
1480 2579 1538 2640 tuot
1548 2578 1604 2642 πόα

151 2689 195 2736 tus
216 2690 265 2736 est.
282 2674 321 2736 Et
334 2689 455 2758 ternpore
468 2674 529 2735 Loti
542 2675 677 2737 divinitus
697 2676 848 2740 immissam
861 2680 894 2739 il·
950 2673 1057 2755 χρόνος,
1073 2673 1118 2734 καλ
1137 2672 1212 2733 olbis
1225 2681 1343 2733 τοιοῦτον
1354 2671 1453 2742 συνόόη
1463 2695 1472 2745 ;
1484 2670 1558 2731 Ἀλλ’
1576 2669 1604 2731 le

151 2767 209 2827 lam
220 2768 331 2851 plagam
340 2789 395 2828 non
409 2768 609 2850 exspectabant,
620 2766 705 2828 donee
715 2770 790 2850 ignes
803 2784 829 2830 et
843 2771 895 2832 im·
950 2766 1085 2826 στεόσατε.
1099 2765 1153 2827 Καὶ
1166 2766 1219 2849 γὰρ
1238 2768 1262 2827 οἱ
1285 2764 1338 2849 πρὸ
1351 2769 1397 2824 τῶ
1410 2765 1604 2851 ιιατακλυσμοῦ

150 2860 232 2920 missa
243 2860 358 2921 fulmina
378 2882 471 2921 omnes
497 2876 707 2921 consumserunt.
717 2863 811 2942 Neque
832 2876 897 2924 tune
949 2859 1048 2940 ἔλεγον,
1060 2860 1105 2920 καὶ
1116 2859 1317 2939 κατεγόλωντῶ
1327 2860 1469 2919 Nina-dlx
1485 2849 1604 2932 ήλόινόι

150 2967 256 3031 autem,
270 2974 356 3034 neque
368 2967 488 3036 tempore
501 2954 559 3014 Noe
568 2953 622 3012 fuit
631 2953 732 3033 aliquis
741 2955 896 3016 futurorum
950 2950 1350 3035 epbt,‘xelrroplruparotiros<
1360 2950 1604 3030 μάνόπανταςάπιο

150 3045 234 3106 index
268 3047 401 3129 previum
426 3047 475 3107 sed
510 3046 637 3107 omnibus
675 3047 896 3121 convivantibus,
950 3046 1048 3104 ἐκεῖνον
1063 3043 1090 3103 δὲ
1106 3043 1216 3105 bulcem
1231 3042 1310 3123 μόνον
1323 3043 1368 3103 τὸν
1382 3041 1604 3102 πιστεύσαντιῑ

151 3138 273 3198 ebrietati
295 3137 510 3220 indulgentibus,
535 3138 717 3200 intolerabilia
744 3139 792 3200 illa
824 3142 896 3202 mala
950 3143 996 3197 τοῦ
1007 3134 1071 3196 Λὼτ
1085 3135 1349 3220 οὐπροσιδόκωντὴν
1358 3135 1486 3208 θεήλατον
1498 3134 1604 3214 πληγήν

152 3231 297 3292 irruerunt.
310 3231 356 3292 Sic
366 3231 418 3292 erit
429 3232 602 3292 resurreetio:
616 3232 685 3293 nihil
700 3254 760 3293 eam
769 3254 895 3316 praenun·
905 3278 941 3318 ,ω
951 3228 1001 3297 ἕως
1015 3233 1039 3289 oi
1052 3232 1203 3312 πρηστῆρες
1216 3233 1319 3302 ἐκεῖνοι,
1330 3228 1376 3288 sal
1385 3227 1518 3307 κεραυνοὶ,
1529 3249 1604 3287 aurai

154 3324 242 3399 tiabit,
250 3324 298 3383 sed
305 3323 460 3384 hominibus
467 3325 620 3384 laetantibus
630 3340 656 3385 et
663 3325 743 3385 rebus
751 3329 895 3409 prosperis,
914 3339 933 3381 Α
951 3322 1069 3390 ἅπαντας
1078 3321 1218 3402 ἠφάνισαν·
1231 3321 1284 3382 Καὶ
1296 3320 1356 3380 οὔτε
1368 3320 1413 3380 lul
1422 3317 1533 3392 τούτων,
1548 3319 1604 3380 vit!

9 3435 143 3484 „ram
153 3416 335 3497 superveniet.
353 3414 419 3476 Ideo
432 3417 471 3477 ait
486 3416 607 3477 Paulus:
623 3419 697 3477 Cum
707 3422 785 3478 enim
798 3420 897 3480 dicent
951 3412 1020 3473 aeth
1032 3415 1077 3473 τὸν
1090 3416 1151 3473 Νῶε
1164 3412 1266 3493 ἐγένετο
1278 3412 1416 3494 προνόμιον
1426 3415 1480 3470 τῶν
1496 3409 1604 3490 μιλλόνι

2 3499 26 3545 ³·
152 3529 254 3589 paoem
279 3521 307 3568 et
324 3513 518 3581 securitatem,
546 3522 615 3568 tune
639 3513 805 3589 repentinus
826 3516 897 3592 ipsis
951 3505 1092 3578 όήσεσθαι·
1108 3506 1351 3586 ἀλλάτρυρώντων,
1366 3504 1525 3584 μεθυόντων,
1538 3507 1604 3582 ἀμπο

154 3603 334 3681 superveniet
349 3603 482 3660 interitus
496 3624 505 3658 .·
517 3604 592 3660 sieut
611 3614 640 3660 et
655 3601 741 3660 dolor
759 3605 792 3660 in
815 3617 897 3663 utero
951 3622 1004 3657 των
1017 3598 1157 3671 ἀπόντων,
1171 3584 1348 3664 niwelen«
1358 3595 1448 3677 γέγονε
1458 3594 1493 3654 rh
1504 3594 1604 3676 ἀρόρηα

154 3695 285 3764 babenti,
296 3704 325 3752 et
340 3712 398 3752 non
408 3694 563 3775 effugient.
577 3691 652 3752 Illud
665 3707 757 3753 autem
784 3693 846 3754 ideo
860 3696 897 3755 ita
952 3690 1033 3762 καλή
1057 3691 1200 3757 ἀνάστασις
1227 3689 1317 3764 ἔσται,
1336 3691 1366 3750 οὗ
1389 3687 1457 3767 μετὰ
1477 3687 1604 3768 προοιμόα

153 3782 277 3868 providit
293 3785 375 3862 Deus,
390 3798 421 3843 ut
434 3804 540 3866 semper
553 3784 638 3844 simus
660 3785 782 3866 expediti
799 3786 836 3847 ad
855 3810 896 3847 ea·
953 3783 1011 3840 till'
1028 3784 1056 3840 ἓν
1072 3782 1166 3860 μέσαις
1185 3781 1266 3842 ὄντων
1292 3785 1370 3860 ἡμῶν
1396 3779 1559 3862 ιῦημιρόιιις·
1580 3783 1603 3839 Δ

153 3875 274 3936 rendum
287 3876 375 3953 nobis,
387 3897 435 3937 nee
445 3877 490 3938 vel
508 3877 535 3936 in
546 3877 604 3958 ipsa
618 3877 760 3938 securimte
770 3877 897 3940 fidamus.
952 3875 998 3934 καὶ
1010 3878 1025 3932 ό
1036 3872 1143 3940 Παῦλός
1169 3897 1264 3954 φησιν·
1279 3872 1364 3932 Ὅταν
1382 3872 1410 3932 δὲ
1431 3872 1555 3952 λέγωσιν,
1576 3875 1604 3952 ιιι

155 3968 232 4043 Quid
244 3969 541 4052 dieis9nonexspeetas
549 3970 771 4032 resurrectionem
782 3985 808 4031 et
820 3973 898 4053 judi·
953 3965 1099 4043 ἀσφάλεια,
1112 3963 1172 4024 τότε
1189 3965 1314 4045 αἰφνίδιος
1333 3967 1419 4031 αὐτοῖς
1446 3964 1587 4043 ἐφίσταται

36 4056 146 4102 Ριιῖιιιιι
155 4059 252 4120 oium?
266 4062 324 4121 haee
337 4062 470 4122 daemones
484 4061 655 4140 confitentur,
669 4076 696 4122 et
706 4075 737 4122 tu
746 4083 799 4123 non
813 4065 898 4124 consr-
951 4056 1042 4137 ὥσπερ
1053 4061 1070 4127 ἡ
1082 4057 1145 4116 ὠδὶν
1161 4060 1194 4135 ιῆ
1211 4060 1237 4116 ἔν
1250 4057 1346 4136 γαστρὶ
1365 4055 1474 4136 ἐχούσῃ,
1490 4056 1537 4116 καὶ
1549 4057 1580 4114 ot
1593 4080 1604 4135 ρ

2 4127 146 4227 ἰήιοᾞῖζ
155 4152 240 4214 teris?
253 4156 365 4215 Veru‘sti
379 4157 446 4228 hue,
464 4154 602 4235 inquiunt,
625 4168 696 4214 ente
716 4168 826 4236 tempus
840 4170 898 4217 tor·
952 4174 1028 4229 γωσι.
1040 4152 1127 4212 Τοῦτο
1138 4147 1255 4215 δὲοότως
1264 4148 1434 4228 ᾠνονόμησεν
1444 4147 1599 4220 testeus

3 4240 114 4286 ’νιῑῑιὶιιιι
156 4262 242 4322 quere
255 4263 319 4302 nos.
336 4243 393 4317 Qui
407 4262 471 4302 vero
485 4243 635 4302 cruciatum
652 4243 775 4303 futurum
793 4243 897 4322 dieunt,
952 4243 996 4309 τός
1016 4231 1088 4321 ὦμεν
1102 4240 1255 4321 ἐναγώνιοι,
1269 4239 1315 4299 ιιαλ
1340 4242 1367 4299 ἐν
1393 4242 1461 4320 αὐτῇ
1482 4243 1518 4320 τῇ
1538 4245 1604 4321 ἀσρι

2 4305 72 4409 {⁵125
68 4314 145 4412 7¹:¹¹?
155 4330 197 4390 illi
208 4333 388 4414 etjudicium,
399 4347 425 4393 et
436 4334 551 4394 rationes
561 4333 897 4418 reddendaS,etsupplieia
915 4340 933 4386 B
953 4333 1142 4415 θαρρῶμενΤί
1153 4333 1252 4413 λέγεις
1260 4334 1289 4392 οὗ
1302 4334 1451 4415 προσδοκᾷς
1460 4331 1510 4406 τήν
1520 4332 1604 4392 ἀνάστ

2 4438 43 4486 ²9·
154 4437 261 4482 norunt.
280 4427 321 4482 Ne
335 4425 425 4505 itaque
439 4427 526 4483 Deum
544 4425 798 4506 provocemus,dum
814 4428 896 4487 stulta
951 4432 1013 4485 σθαι
1027 4426 1072 4485 καὶ
1085 4425 1185 4506 apicum
1199 4424 1320 4503 δαίμονες
1331 4427 1490 4504 ὁμολογοῦσι
1508 4431 1604 4498 ταῦτα,

153 4512 327 4589 audemuset
334 4516 518 4574 resurrectioni
528 4537 581 4575 non
591 4517 733 4576 credimus.
740 4517 816 4578 Siout
824 4521 896 4579 enim
950 4521 1001 4599 οὐχ
1006 4508 1264 4598 ὁμολογεῖςςἮλόες
1273 4517 1336 4596 γάρ,
1352 4518 1442 4596 φησὶν,
1450 4509 1504 4576 ὧδε
1513 4517 1566 4597 orph
1577 4541 1604 4577 κο

153 4607 181 4666 in
189 4607 335 4666 aliisnobis
344 4607 508 4690 principium
519 4609 571 4668 suit
581 4610 713 4686 Christus,
725 4611 763 4671 ita
771 4625 798 4672 et
805 4613 833 4672 in
844 4613 896 4673 hoe
951 4611 1056 4672 σανόσαι
1070 4615 1150 4688 ἡμᾶς.
1166 4613 1202 4669 ot
1221 4608 1249 4667 δὲ
1271 4608 1385 4687 βάσανον
1399 4607 1506 4669 ἔσεσθαι
1525 4608 1604 4690 λόγον

6 4716 55 4762 σοι,
71 4730 90 4762 ι,
106 4698 894 4781 18,quoque.Namideoprimogenitusmortuorumdieitur.
950 4704 1036 4783 κρόσιν
1050 4703 1137 4776 ἴσασι,
1152 4703 1198 4763 καὶ
1219 4701 1340 4775 εὐθύνας,
1355 4702 1400 4761 καλ
1421 4702 1565 4784 τιμωρίας.
1580 4705 1604 4763 u

152 4791 237 4868 Quod
250 4793 273 4853 si
287 4793 444 4852 resurreetio
458 4807 599 4870 noneuset,
611 4796 745 4874 quomodo
759 4797 894 4879 primoge-
949 4796 1137 4879 παροξύνωμεν
1156 4796 1200 4854 τὸν
1216 4796 1286 4855 Θεὸν
1307 4794 1373 4875 πρὸς
1392 4794 1423 4854 τό
1446 4798 1535 4876 φαῦλα
1555 4799 1604 4857 πολ

152 4885 225 4946 nitus
237 4885 345 4944 t'uturus
365 4897 442 4959 esset,
456 4883 534 4943 nullo
549 4905 584 4943 ex
608 4887 722 4946 mortuis
747 4887 838 4969 ipsum
858 4911 901 4949 se-
951 4890 1169 4967 οῖπιοποῦντεςτῷ
1189 4890 1238 4958 τῆς
1259 4887 1429 4955 ἀναστάσεως
1449 4886 1532 4969 λόγῳ.
1546 4888 1604 4949 'sse

185 5072 199 5111 ὓ
216 5073 257 5123 ltu
267 5068 357 5124 Mosei.
367 5069 444 5124 sarit.
458 5075 551 5140 οὐδεμία
562 5080 650 5144 penurie
661 5088 705 5126 τῶν
722 5084 839 5146 παρόντων
853 5083 913 5141 ἡμᾶς
995 5078 1006 5113 s
1025 5071 1070 5122 liii
1083 5081 1120 5127 καὶ
1133 5079 1245 5126 raetia&
1257 5077 1355 5133 rubrave.

150 5157 235 5205 δάννςιν
248 5154 294 5204 δαν.
994 5167 1004 5190 ⁸
1022 5149 1099 5202 Sutil.
1114 5158 1150 5203 nai
1162 5156 1187 5203 σὺ
1199 5159 1359 5218 ἀναισχυντσῖς.

183 5241 193 5266 ι
210 5226 287 5281 Savil.
301 5236 357 5297 πρὸς
369 5233 459 5287 ἀλλους.
