3750 5940
53 437 97 487 in.
123 436 220 487 miri.
248 411 296 484 al.
325 358 426 486 nnn.¹
773 413 844 510 295

80 637 81 640 Ἴ
101 559 150 620 etsi
168 580 221 623 non
242 559 342 642 palum,
358 558 511 620 clanculum
534 572 622 619 tamen
641 558 729 618 turbis
752 558 784 619 id
800 579 844 619 su.

60 653 84 711 Β
101 652 261 735 spirandum
287 652 427 732 reliquisse
447 675 454 710 ε
474 671 537 711 nam
564 652 602 712 ait
618 675 625 710 r
642 653 722 712 Vadit
745 652 843 726 turba,

101 750 173 829 quia
193 747 333 806 navicula
348 746 412 806 alia
431 766 490 805 nort
507 757 571 805 erat
587 749 643 818 ibi,
663 748 721 805 nirr'
736 756 846 814 umet

100 839 175 919 qnod
187 843 266 903 Jcsus
279 861 333 900 ncn
347 838 509 900 ascendisset
520 860 583 898 cum
596 837 661 916 illis,
674 852 702 898 et
713 857 843 898 conscen-

100 931 138 992 sis
148 931 281 993 naviculis
294 953 330 993 er
345 931 503 1010 Tiberiade,
515 932 565 992 nt.
575 933 722 991 Venerunt
734 932 844 1011 Caper·

102 1047 191 1086 naum
210 1038 370 1106 quoerentes
388 1027 500 1086 Iesum.
517 1023 593 1097 Quid
609 1024 682 1084 enim
703 1022 780 1083 aliud
797 1044 845 1082 su-
879 1026 882 1030 “

100 1119 260 1201 spicandum
279 1119 492 1198 relinquebatur,
504 1140 587 1200 quam
605 1117 678 1198 quod
702 1140 778 1179 mare
799 1139 846 1200 pc

99 1212 181 1272 dibus
195 1211 354 1293 trajiciendo
369 1211 504 1272 venisset?
514 1213 576 1272 Non
587 1211 660 1271 enim
675 1211 732 1272 dici
741 1223 845 1293 poterat

99 1305 190 1385 ipsum
202 1304 230 1363 in
253 1303 307 1363 alia
324 1303 388 1365 nari
405 1303 544 1385 trajecisse
557 1327 565 1362 r
578 1325 641 1364 nam
653 1306 730 1383 Una,
744 1302 844 1384 inquit,

98 1410 155 1456 erat
176 1397 206 1456 in
222 1416 306 1475 qnam
326 1396 439 1476 ingressi
456 1409 520 1456 sunt
538 1395 667 1478 discipuli
683 1397 750 1477 ejus.
769 1398 846 1458 sm·

99 1509 160 1549 men
180 1503 241 1571 post
256 1502 362 1547 tantum
385 1487 547 1547 miraculum
571 1509 624 1547 non
646 1488 847 1569 interrogarunt

62 1587 159 1640 ceum
176 1579 311 1660 quomodo
332 1580 487 1661 trajecisset,
503 1601 553 1640 nec
569 1580 604 1641 de
622 1595 697 1640 tanto
714 1580 846 1641 miraculo

98 1673 277 1752 inquisierimt
289 1695 295 1729 ε
307 1672 356 1732 scd
364 1670 432 1751 quid
440 1671 603 1733 dicunti’25.
613 1673 846 1752 Rabbi,gttarrdc

98 1769 155 1826 leuc
164 1771 292 1827 venisti?
307 1765 367 1826 Nisi
382 1765 445 1844 quis
457 1765 568 1826 fortasse
578 1764 653 1825 dicat
662 1764 708 1829 hic
720 1764 846 1846 Quando

98 1860 161 1942 poni
176 1881 226 1941 pro
238 1858 384 1938 quomodo.

139 2312 169 2367 b.
192 2309 288 2388 Operae
306 2307 426 2388 pretium
449 2319 539 2370 nutem
559 2321 599 2370 est
617 2308 664 2370 bic
684 2310 848 2392 perpmdetc

99 2400 245 2461 vehibilem
257 2399 368 2459 illorum
378 2401 554 2462 voluntatem.
567 2403 638 2463 Nam
647 2402 695 2482 qui
708 2402 845 2482 dixeram,

101 2497 160 2554 Hic
173 2506 216 2553 est
226 2494 381 2574 propbetm
392 2493 440 2572 qui
455 2490 613 2554 studuerant
627 2493 708 2555 illum
719 2516 812 2578 rapere
820 2509 848 2557 et

66 2603 190 2666 brrgem
210 2607 289 2645 sunm
312 2585 487 2662 constituere,
505 2599 649 2667 postquam
669 2587 750 2648 illum
769 2587 846 2651 inve·

101 2697 207 2758 nerunt,
219 2681 288 2741 nibil
298 2680 456 2763 hujusmodi
470 2682 599 2762 cogitant,
611 2683 659 2744 sed
672 2684 777 2766 abjecta
790 2684 847 2745 mi·

101 2775 188 2834 iaculi
204 2774 341 2850 memoria,
358 2787 389 2833 ut
408 2788 486 2854 puto,
501 2794 556 2834 non
578 2774 658 2836 illum
679 2775 716 2836 ita
737 2775 849 2837 uberius

103 2867 244 2926 mirantur.
259 2866 296 2925 Et
310 2866 373 2926 ideo
385 2866 505 2925 fortassis
519 2866 598 2926 illtun
608 2867 809 2948 perquirebant,
819 2883 849 2930 ut

102 2960 163 3018 cibo
174 2960 334 3034 fruerentur,
348 2958 418 3018 sicut
434 2972 519 3018 antea.
536 2960 615 3019 Mare
628 2959 754 3018 Rubrum
764 2960 847 3041 traje-

102 3053 305 3131 ccmnt,llloysc
315 3048 503 3128 duce,Judaei;
513 3049 561 3110 scd
571 3049 847 3130 magnabiceratdil-

101 3144 220 3202 ferentia.
232 3143 282 3202 llle
294 3164 411 3221 namque
424 3165 534 3224 precans
551 3157 581 3202 ut
591 3164 685 3204 servus
698 3143 789 3203 omnia
802 3144 848 3203 sa-

102 3235 203 3312 rieba13
213 3236 258 3295 bic
272 3257 337 3296 vero
358 3235 509 3296 cumomni
527 3249 667 3317 potcstate.
689 3235 751 3296 Illic
766 3236 849 3299 flante

102 3341 164 3388 noto
178 3327 256 3387 cessit
266 3349 348 3405 aqua,
361 3327 397 3386 ita
412 3341 442 3386 ut
457 3349 504 3409 per
518 3327 621 3387 siccum
630 3327 744 3388 transire
751 3341 848 3410 potue-

100 3420 157 3479 rint
162 3444 170 3496 5
183 3420 228 3480 bic
240 3433 330 3480 autem
343 3421 430 3500 majus
444 3419 495 3479 luit
504 3419 674 3480 miraculum.
687 3423 766 3499 Aqua
776 3420 848 3481 enim

101 3517 129 3575 in
153 3537 200 3576 sna
217 3538 327 3576 manens
350 3530 456 3591 natura,
474 3516 513 3576 sic
536 3516 686 3576 Dominum
705 3515 786 3577 dorso
799 3537 848 3576 suo

66 3615 84 3662 E
101 3610 223 3688 gestavit,
233 3609 336 3670 dictum
347 3608 417 3669 illud
430 3609 608 3670 confirmaret
619 3609 791 3670 Ambulam
800 3631 848 3672 su·
858 3625 913 3673 tob.
925 3637 949 3685 9.
960 3626 984 3676 8.

98 3722 155 3782 pra
177 3723 259 3762 mare
278 3715 429 3784 tamquam
450 3722 539 3782 supra
554 3705 769 3783 pauimentum.
783 3704 849 3765 Jure

99 3812 190 3858 autem
205 3799 233 3857 in
252 3800 423 3880 Capernanm
440 3797 618 3877 ingressurus,
629 3798 728 3857 dirram
750 3813 776 3858 et
796 3798 849 3858 im·

100 3891 261 3971 morigeram
280 3890 431 3967 civitatem,
446 3888 609 3948 miraculum
626 3909 729 3970 panum
746 3888 848 3966 edidit,

100 4001 130 4045 ut
141 4008 193 4046 non
203 3986 285 4046 modo
292 4008 326 4045 ex
332 3985 469 4046 miraculis
476 4006 535 4063 quae
547 3984 575 4043 in
584 3983 701 4059 civitate,
710 3983 758 4044 scd
767 3984 849 4045 ctiam

100 4100 134 4138 en
154 4079 188 4138 iis
203 4102 261 4158 quae
282 4093 358 4139 extra
381 4078 517 4138 civitatem
533 4078 649 4152 lecerat,
664 4078 722 4160 ejus
746 4077 849 4139 civium

101 4170 303 4249 immorigcrum
317 4169 440 4228 animum
453 4168 594 4227 emolliret.
606 4170 676 4228 Nam
687 4168 761 4247 quod
770 4181 851 4228 unta>

56 4264 188 4333 mturbae
208 4264 236 4322 in
251 4263 389 4322 civitatem
408 4261 484 4320 illam
503 4260 679 4321 adventarent
690 4282 752 4322 cum
773 4275 849 4322 tanto

66 4352 214 4428 Afervore,
227 4376 307 4434 quem
327 4354 447 4434 lapidem
467 4375 520 4413 nun
539 4353 733 4416 emollivisse?
751 4357 787 4415 At
807 4356 850 4416 illi

100 4449 170 4508 nibil
183 4447 340 4529 hujusmodi
352 4445 423 4527 passi
433 4459 496 4506 sunt
504 4468 512 4522 ;
521 4445 569 4506 sed
577 4447 670 4506 cibum
677 4446 850 4509 solummodo

101 4563 259 4622 corporeum
279 4539 422 4620 cupiebant
428 4563 437 4615 ;
453 4538 566 4617 ideoque
585 4561 601 4598 a
617 4542 682 4602 lesu
706 4541 849 4622 rupreben-

101 4634 214 4692 duntur.
224 4633 289 4691 Huc
299 4653 361 4690 cnm
373 4631 497 4707 sciamus,
508 4631 611 4708 dilecti,
622 4633 723 4711 gratias
736 4654 850 4713 agamus

102 4729 166 4799 Dec,
182 4747 234 4783 non
248 4723 329 4783 modo
343 4744 391 4804 pro
406 4722 588 4799 sensibilibus,
603 4722 650 4783 scd
662 4723 748 4784 multo
762 4723 850 4802 magis

102 4841 149 4899 pro
168 4816 356 4898 spiritualibus
373 4815 462 4876 donis.
480 4815 525 4875 Sic
546 4816 617 4876 enim
635 4830 661 4875 ct
676 4816 722 4876 ille
735 4815 806 4890 vult,
825 4830 850 4877 et

89 5025 128 5073 τὴν
142 5022 275 5083 ιῦθρπυστον
288 5019 360 5063 αὐτῶν
372 5019 453 5079 ὁρμήν.

122 5109 132 5142 s
151 5088 227 5143 saul.
239 5097 375 5156 εθαὺμαςω,
390 5096 441 5142 mu
454 5098 583 5151 turrito-n.

126 5172 137 5207 *¹
156 5167 231 5220 Savil.
247 5174 383 5236 βουλόμενος
396 5173 462 5224 αὐτῆς
475 5177 514 5224 τήν
527 5171 648 5218 dmidium
