3750 5940
786 393 966 443 raurarro.
1619 408 1655 455 ,ῃ

85 524 195 603 trunam,
205 522 297 585 multo
312 522 400 604 magis
417 521 509 605 hasne,
527 544 589 606 qua
601 520 750 586 mudum
767 519 902 583 llomilias
914 521 942 580 in
957 520 1120 583 mattheum
1138 521 1311 587 dicteluisse
1326 524 1463 607 vileutur,
1475 541 1538 609 post
1551 550 1654 592 annum

85 615 161 675 illum
170 616 262 675 diam
276 615 432 676 inimus,
451 619 561 677 Annum
572 638 638 679 vero
655 617 746 698 iprum
763 612 900 693 assignem
919 633 974 692 quo
989 611 1039 671 has
1051 613 1177 679 homilias
1196 617 1320 698 ooeperit,
1339 639 1392 679 non
1405 619 1531 680 humanas
1544 621 1653 683 videtur

83 708 225 769 hulmus.
237 709 350 769 caram
369 708 462 788 utique
470 721 511 769 est
519 708 581 769 illas
590 709 627 770 ab
639 728 711 769 anno
720 706 780 769 589
789 704 825 767 ad
834 725 935 766 annum
948 704 1018 783 598,
1028 727 1083 786 quo
1096 708 1204 769 ineunte
1222 708 1258 769 ad
1271 710 1362 773 sedem
1375 712 1652 796 Constantinopolita-

85 815 261 863 uenimus
269 815 327 878 est,
339 800 552 878 habitasluisse3
561 803 609 861 sed
618 820 721 861 aunum
737 799 836 880 ipsum,
852 795 897 857 vel
904 795 1076 859 etiamauuos
1084 798 1187 879 aliquot
1195 813 1310 863 statuere
1323 808 1386 878 (non
1403 804 1536 865 enimuno
1545 806 1651 867 eodum-

84 916 211 975 queanno
223 895 267 955 he
280 895 322 957 88
329 894 451 959 murita
461 894 561 956 habitae
573 894 722 970 videntur),
732 893 786 953 hoc
794 912 875 973 opus,
889 890 935 950 hie
948 891 1027 952 labor
1039 905 1087 953 est.
1098 891 1248 957 Videamus
1258 909 1345 956 tamen
1360 918 1394 956 an
1402 898 1537 979 possimus
1546 901 1651 981 aliquid

85 989 191 1049 alteritus
202 989 278 1049 cirm
293 1012 351 1051 rem
362 990 439 1050 illam
452 989 595 1071 expiscari.
603 991 673 1050 Cum
682 987 732 1047 has
742 984 925 1069 praecesserint
937 984 1062 1046 llomiliae
1075 986 1103 1045 in
1118 987 1291 1066 Matthanrm,
1305 1010 1367 1069 quae
1378 991 1522 1071 nonaginta
1538 1015 1651 1057 numeru

84 1084 223 1161 habentur,
237 1099 267 1144 et
275 1098 339 1167 post
351 1106 452 1145 anuum
465 1084 526 1146 588
535 1084 635 1145 habitae
649 1095 781 1165 putantur
785 1104 795 1159 ;
808 1101 857 1141 nee
867 1079 1012 1141 videantur
1024 1080 1080 1140 illa
1093 1081 1122 1141 in
1137 1082 1298 1143 Matthaeum
1311 1085 1457 1167 nonaginta
1467 1087 1586 1149 homilia*
1597 1111 1650 1153 uno

84 1180 207 1261 compleri
228 1182 353 1262 potuime
364 1201 444 1255 auno,
461 1180 517 1241 illis
533 1179 712 1263 probabiliter
722 1177 892 1257 assignamus
906 1197 989 1236 annos
1001 1176 1062 1237 589
1082 1190 1109 1237 et
1125 1178 1194 1237 590.
1211 1178 1297 1239 Hasoc
1311 1201 1375 1241 vero
1393 1180 1421 1241 iu
1438 1184 1570 1245 Joanuem
1590 1201 1651 1268 post

83 1296 178 1335 aunum
186 1278 250 1335 590
258 1276 367 1337 habitas
375 1282 553 1356 oongnbnter
561 1275 713 1347 statuimus,
724 1273 760 1332 ab
773 1273 825 1331 hoc
835 1291 906 1333 anuo
916 1271 1018 1331 scilieet
1032 1270 1068 1331 ad
1082 1293 1183 1333 annum
1196 1274 1266 1350 aut,
1280 1273 1324 1334 vel
1335 1275 1402 1335 595.
1417 1278 1477 1337 Νοιι
1497 1278 1570 1338 enirn
1588 1302 1651 1362 pos·

82 1392 169 1430 sumru
178 1385 270 1431 totum
278 1371 349 1430 illud
358 1372 478 1453 spatium
488 1370 623 1451 assignare
631 1368 705 1449 quod
713 1367 868 1429 interclusit
877 1386 962 1446 usque
974 1364 1010 1425 ad
1018 1387 1120 1425 annum
1130 1366 1199 1444 598,
1207 1390 1262 1448 quo
1271 1368 1416 1451 incipiente
1427 1372 1569 1455 episcopus
1579 1376 1650 1436 smn-

81 1465 335 1547 stantiuopolitanus
343 1467 443 1526 electus
453 1479 501 1526 est.
509 1466 580 1539 Quia
590 1479 650 1547 post
659 1463 792 1524 Homilias
804 1463 830 1522 in
844 1464 990 1538 Jonrrnenr,
1002 1477 1171 1543 compertum
1180 1462 1259 1523 nobis
1269 1477 1325 1541 est,
1337 1463 1417 1526 illurn
1429 1468 1568 1529 conciones
1583 1471 1652 1532 alias

81 1560 178 1639 mgmti
193 1582 309 1621 numero
320 1560 471 1621 Antiochiae
483 1560 621 1636 hahuisse,
632 1559 766 1619 Homilins
779 1578 876 1639 nempe
891 1556 919 1615 in
939 1555 1076 1638 Epistulas
1086 1556 1123 1616 ad
1135 1557 1299 1634 l‘nriuthios,
1308 1579 1424 1637 quarum
1441 1562 1530 1643 prium
1546 1566 1596 1641 ld,
1609 1588 1651 1627 se-

81 1655 162 1714 cunda
174 1657 218 1715 50
229 1656 425 1732 concionibus,
436 1656 524 1736 iisque
532 1656 701 1736 longioribus
714 1653 878 1730 mutetur,
897 1652 979 1732 inque
999 1666 1109 1713 caeteras
1127 1652 1206 1713 Pauli
1219 1654 1355 1735 Epistulas
1373 1677 1425 1717 uon
1441 1680 1540 1739 qraucas
1554 1663 1649 1723 Antio·

81 1749 158 1825 thia,
172 1766 323 1832 postquam
331 1753 382 1811 has
391 1752 420 1811 in
428 1754 559 1814 Joaunem
566 1764 748 1833 peroraverat,
759 1748 932 1809 concionatus
944 1762 999 1826 est,
1013 1762 1044 1807 ut
1052 1747 1178 1830 pluribus
1189 1769 1238 1809 sno
1253 1749 1313 1810 loco
1328 1751 1497 1831 probabitur.
1514 1756 1576 1817 Nou
1589 1778 1651 1839 pos·

79 1866 166 1904 surmus
180 1868 248 1926 ergo
265 1848 294 1907 in
308 1848 419 1908 ultimos
438 1847 640 1929 presbyteratus
654 1848 713 1928 ejus
725 1866 811 1906 annos
823 1843 875 1903 has
893 1842 920 1902 in
940 1845 1072 1905 loannem
1092 1843 1226 1903 Humilias
1241 1844 1386 1926 conjicere3
1406 1847 1454 1908 sod
1469 1862 1573 1933 ternpus
1583 1853 1650 1934 ipsis

79 1940 254 2020 probabiliter
264 1943 457 2023 consignamus
466 1942 503 2003 ab
516 1962 587 2002 anno
595 1943 656 2002 590
668 1941 705 2001 ad
712 1961 814 2001 annum
822 1939 892 2017 594,
903 1937 947 1999 rel
958 1938 1027 1997 595.
1043 1937 1102 1999 Hac
1115 1938 1155 1998 sic
1169 1940 1312 1998 constituta
1327 1942 1404 2017 serie,
1417 1944 1507 2003 omnia
1517 1946 1651 2025 quadrare

80 2035 211 2096 ridentur.

115 2132 208 2210 Neque
219 2152 295 2191 anno
307 2153 363 2192 uno
377 2131 467 2214 potuit
479 2132 559 2192 hasoe
570 2152 663 2192 omnes
676 2130 717 2192 88
728 2130 868 2191 conciones
883 2126 1025 2190 absolvero
1033 2126 1056 2187 si
1067 2126 1163 2206 quinto
1173 2149 1281 2207 quoqm
1290 2128 1336 2189 die
1347 2143 1453 2191 tantum
1466 2132 1588 2215 singulas
1600 2136 1649 2197 ha·

81 2226 161 2287 buerit
173 2226 316 2301 homilias,
328 2240 359 2286 nt
369 2228 427 2308 ipse
439 2226 527 2286 innuit
543 2226 625 2308 paulo
639 2239 702 2286 ante
715 2226 798 2286 linem
818 2224 944 2284 Homiliaa
957 2223 1066 2304 primae,
1078 2221 1125 2281 ubi
1144 2221 1209 2282 talia
1225 2223 1298 2283 satur
1310 2245 1373 2306 pag.
1387 2226 1416 2301 5,
1430 2226 1452 2287 B
1464 2250 1472 2286 a
1485 2228 1538 2289 Kal
1552 2231 1590 2310 μή
1603 2255 1650 2310 μοι

80 2324 172 2400 Mam
183 2346 237 2396 τις,
250 2321 294 2382 ὅτι
309 2323 410 2404 βραχὺς
429 2327 444 2383 h
457 2323 547 2404 καιρὸς
563 2325 580 2382 h
598 2321 696 2400 μεταξὺ
708 2327 757 2394 τῆς
775 2320 905 2391 αιινᾶξεως
917 2324 965 2392 τῆς
984 2317 1131 2397 μελλούσης
1143 2341 1150 2355 ·
1163 2316 1249 2386 lima
1269 2318 1331 2400 γὰρ,
1351 2320 1412 2403 οὐχὶ
1433 2323 1461 2381 ir
1476 2323 1554 2384 πίνει
1568 2325 1649 2404 μόνον

80 2418 196 2497 ἡμέραις,
206 2417 280 2476 ἄλλα
292 2418 340 2477 καὶ
353 2421 381 2477 ir
394 2427 444 2499 unq
457 2421 526 2499 ῥοπῇ
540 2416 698 2496 μεταθίοθαι
711 2416 757 2476 τὸν
771 2416 829 2496 βίον
843 2415 958 2475 ἅπαντα.
972 2412 1031 2473 Hoc
1044 2426 1082 2471 est
1096 2413 1178 2472 :Nee
1191 2415 1263 2472 mihi
1278 2418 1344 2495 quis
1358 2417 1455 2491 dieat,
1471 2421 1557 2480 breve
1572 2434 1649 2481 tem-

80 2532 128 2589 pus
136 2516 217 2571 inter
229 2515 312 2572 tene
321 2525 351 2571 et
362 2525 531 2592 sequentem
539 2515 709 2573 concionem
721 2531 791 2571 esse.
806 2513 888 2571 Licet
905 2512 999 2582 enim,
1016 2528 1076 2567 non
1094 2508 1189 2568 solum
1209 2509 1320 2568 dicerem
1335 2513 1465 2592 quinque
1478 2518 1583 2594 spatio,
1596 2518 1652 2579 sed

80 2611 162 2666 etiam
172 2629 234 2667 uno
244 2611 383 2688 temporis
395 2619 541 2668 momento
549 2611 645 2666 uitam
665 2619 757 2667 totam
767 2619 889 2666 mutere.
902 2604 933 2665 si
941 2603 1038 2684 quinto
1046 2624 1155 2683 quoque
1163 2602 1209 2663 die
1218 2617 1322 2664 tanturn
1333 2606 1504 2667 concionatus
1514 2610 1559 2687 sit,
1571 2610 1650 2674 hasra

79 2701 113 2760 88
123 2701 265 2761 ooneiones
275 2722 347 2761 anno
362 2722 416 2761 arno
429 2701 578 2763 absolvisse
590 2722 643 2761 nou
656 2700 753 2782 potuit
765 2698 820 2762 sol
830 2700 854 2759 si
863 2699 959 2779 quinto
972 2719 1081 2778 quoque
1094 2697 1140 2757 die
1149 2712 1256 2758 tantum
1268 2700 1489 2777 concionabatur,
1500 2718 1531 2763 ut
1543 2704 1579 2764 ait
1592 2705 1648 2783 ille,

80 2795 211 2875 quomodo
222 2795 293 2855 illud
305 2795 441 2876 quadrare
453 2796 537 2877 possit
557 2795 593 2854 ad
607 2794 637 2854 id
647 2794 721 2874 quod
730 2794 798 2854 dicit
812 2793 890 2854 initio
904 2792 1032 2855 llomiliae
1047 2793 1097 2870 25,
1114 2815 1141 2873 p.
1162 2793 1230 2870 lih,
1243 2795 1282 2852 A:
1296 2796 1399 2875 Neque
1414 2802 1492 2857 enim
1505 2803 1648 2879 quotidie,

81 2894 128 2951 sed
136 2895 180 2951 bis
194 2904 313 2952 tontum
326 2895 360 2950 in
373 2891 566 2965 hebdomada,
581 2891 673 2971 idque
682 2910 736 2968 per
749 2892 864 2950 brevem
877 2891 937 2949 diei
944 2901 1069 2969 portem,
1085 2900 1117 2947 ut
1129 2888 1259 2948 laborem
1272 2888 1419 2968 levemus,
1439 2914 1494 2953 uos
1515 2899 1651 2956 coracionl

81 2986 179 3045 adesse
190 2998 220 3045 et
238 2986 393 3045 κατακάετε
410 2985 571 3044 domamur.
589 2984 620 3043 Si
642 2983 686 3042 bis
701 2983 728 3042 in
742 2982 925 3058 hebdomade,
947 3002 1000 3042 non
1014 2995 1088 3040 certe
1098 2995 1203 3041 tantum
1219 2982 1314 3061 quinto
1332 3005 1440 3063 quoque
1453 2985 1513 3062 die,
1528 2988 1576 3048 sed
1598 2991 1650 3051 fre·

81 3079 207 3158 quentius
216 3079 388 3139 mucionatus
399 3091 449 3138 est.
463 3081 567 3140 Ventus
581 3078 640 3138 hae
650 3078 788 3138 conciliari
803 3091 938 3160 potemrnt,
950 3077 973 3136 si
985 3075 1095 3136 dicatur
1104 3076 1184 3135 illum
1198 3076 1278 3137 modo
1291 3077 1388 3156 naritus,
1400 3081 1651 3162 urulohrquentiua

82 3192 140 3232 esse
149 3172 342 3233 macionatnnu

118 3268 147 3325 2
161 3265 216 3327 Sed
224 3266 364 3347 singulare
373 3285 485 3347 prorsus
495 3279 534 3325 est
546 3264 574 3326 id
584 3266 659 3347 quod
672 3266 753 3325 habet
766 3266 978 3347 chrysostomus
989 3264 1061 3324 cirea
1079 3263 1175 3323 horam
1184 3261 1238 3322 diei
1249 3284 1303 3343 qua
1314 3263 1363 3323 has
1376 3266 1515 3329 conciones
1525 3271 1650 3333 habebat.

82 3360 197 3420 Humilia
204 3361 363 3444 quippehi,
373 3382 398 3442 p.
410 3364 423 3419 l
429 3360 480 3437 82,
488 3358 521 3436 C,
532 3361 568 3420 ita
577 3361 711 3441 loquitur:
719 3363 754 3423 Et
761 3360 789 3421 il
796 3359 862 3440 paral
871 3358 1171 3441 Σαμαρεῖτιςτοααύτην
1181 3369 1296 3419 ποιεῖται
1304 3361 1420 3434 σπουδὴν
1427 3365 1494 3446 ὑπὲρ
1503 3372 1548 3425 τοῦ
1557 3375 1651 3447 μαθεῖν

80 3478 102 3512 τι
114 3455 256 3535 γρῆοιμαν,
268 3455 315 3515 καὶ
323 3455 473 3535 παραμίνει
485 3458 524 3536 τῷ
535 3458 655 3536 Χριστῷ,
665 3455 790 3534 καίτοιγε
802 3458 933 3533 ἀγνοοῦσα
947 3453 1046 3512 αὐτόν·
1061 3451 1131 3520 τίνος
1143 3457 1222 3530 ἡμεῖς
1235 3452 1377 3531 τευξόμεθα
1388 3455 1558 3536 σαργνώμης,
1567 3464 1591 3521 οἱ
1603 3464 1650 3523 καὶ

82 3549 171 3616 ιῖὥτες
183 3551 274 3621 αὐτὸν,
285 3550 332 3610 arai
348 3551 417 3629 μήτε
433 3550 506 3617 ὄντες
518 3550 591 3631 παρὰ
604 3549 698 3631 φρέαρ,
709 3550 777 3628 μήτε
791 3551 818 3609 in
829 3547 937 3628 ἐρημίᾳ,
951 3547 1019 3627 μήτε
1043 3551 1071 3607 lu
1088 3545 1176 3628 ήμίρᾳ
1199 3544 1278 3627 μίοῃ,
1291 3548 1359 3627 μήτε
1381 3554 1485 3620 ἀκτῖνος
1506 3555 1650 3628 καιούσςς·

81 3645 135 3702 ἀλλ’
147 3645 199 3704 ὑπὸ
211 3646 262 3717 τὴν
282 3646 328 3717 ἔον,
338 3645 383 3706 καὶ
392 3645 445 3705 ὑπὸ
457 3650 575 3706 τοιοῦτον
587 3646 682 3727 ὅρορον
695 3653 771 3711 σκιᾶς
784 3643 964 3711 ἀπολαύοντες
975 3643 1020 3704 καί
1033 3640 1171 3724 edwine,
1186 3641 1282 3720 καὶμὴ
1296 3650 1484 3725 καρτεροῦντες
1496 3651 1609 3710 ἀκοῦσαί
1622 3676 1649 3713 τε

81 3742 128 3798 τῶν
140 3741 302 3818 λεγομένων,
317 3741 378 3799 ἀλλ’
400 3740 599 3815 ἀποκναίοντες
613 3738 645 3798 ld
665 3752 721 3798 cst:
735 3738 767 3798 Si
780 3758 852 3798 vero
873 3739 979 3798 mulier
995 3738 1185 3797 Samaritano
1200 3749 1314 3796 tantum
1333 3740 1453 3799 arileihct
1466 3746 1603 3823 studium,
1616 3759 1651 3809 ut

81 3836 148 3912 quid
162 3835 237 3893 utile
246 3837 369 3905 ediscat,
383 3846 412 3893 et
424 3835 540 3895 Christo
555 3835 675 3910 assidet,
689 3837 804 3893 etiamsi
814 3834 899 3892 illum
914 3853 974 3891 non
986 3846 1109 3892 nosrnt:
1124 3852 1214 3911 quum
1230 3851 1283 3891 nos
1299 3837 1419 3893 verrium
1431 3858 1651 3921 consequemur,

82 3933 128 4006 qui
137 3934 232 4007 ipsum
242 3933 387 4003 novimus,
400 3932 452 4009 qui
460 3948 611 3989 nonsecus
623 3942 754 4009 pinetam,
769 3949 829 3987 non
843 3930 875 3986 iu
886 3929 1000 3986 deserto
1010 3940 1131 4001 sturnus,
1146 3946 1205 3983 uon
1217 3929 1250 3984 in
1269 3930 1400 4003 meridie,
1414 3951 1473 3991 non
1493 3935 1593 3994 adrasti
1604 3957 1651 3998 so-

83 4023 188 4082 laribus
203 4026 296 4082 radiis
302 4046 315 4096 ,·
329 4023 382 4082 sed
395 4025 449 4083 sub
463 4044 583 4098 merom,
597 4027 650 4082 sub
662 4025 717 4081 hoc
727 4035 803 4081 tecto
814 4025 917 4081 rrrrthru
930 4023 1061 4099 fruimur
1076 4035 1101 4079 et
1116 4022 1246 4080 suaviter
1257 4022 1384 4103 αρὶιιιαε,
1399 4045 1493 4104 neque
1504 4034 1653 4104 patienter

83 4119 214 4177 audimus
225 4118 389 4198 quidpiam,
402 4120 456 4178 sed
463 4119 578 4178 desidia
591 4121 763 4197 torpemus?

118 4211 208 4290 ltaque
218 4211 270 4271 suh
279 4233 386 4285 arrrora,
398 4213 427 4270 id
441 4226 490 4287 cst,
504 4211 645 4271 matutinis
655 4210 730 4270 horis
744 4210 914 4269 illucescente
922 4229 1018 4267 aurora
1030 4207 1081 4267 hos
1091 4230 1226 4269 sermones
1236 4206 1348 4284 habult,
1364 4224 1472 4271 catcias
1482 4214 1575 4297 utique
1587 4242 1649 4282 con-

83 4301 164 4359 ciones
184 4324 237 4360 non
259 4302 348 4382 primo
369 4301 492 4362 diluculo
508 4302 608 4361 habere
631 4302 751 4362 solebat:
769 4300 816 4359 sed
837 4301 864 4360 in
885 4301 960 4359 hisco
977 4301 1089 4362 loannis
1111 4300 1289 4377 Euangelium
1309 4301 1508 4381 explicantibus
1529 4309 1650 4375 humiliis

83 4396 160 4453 multa
174 4409 271 4476 μηνίει
286 4416 389 4454 morem
404 4395 463 4454 sueri
472 4394 709 4475 deprehendimus.
725 4393 826 4469 Primo,
841 4392 914 4473 quod
929 4393 1006 4473 longe
1019 4392 1156 4452 breviores
1171 4392 1273 4452 caeteris
1294 4395 1419 4457 omuibus
1432 4400 1494 4460 siut.
1514 4405 1649 4487 Secundo,

83 4489 147 4568 qnod
159 4490 330 4549 illucescente
348 4510 445 4548 aurora
460 4489 577 4566 habitae5
592 4490 679 4566 tertio,
695 4488 770 4569 quod
785 4488 984 4549 adhortationes
999 4489 1112 4547 morales
1132 4501 1223 4547 contra
1243 4490 1462 4553 cousuetudinem
1484 4496 1649 4565 brevissima

84 4587 138 4647 sint.
153 4589 268 4664 Quarto,
281 4586 356 4669 quod
369 4585 524 4669 precipuus
537 4606 633 4668 scopus
647 4583 773 4648 videatur
787 4605 852 4661 esse,
867 4584 894 4643 in
911 4584 1045 4666 plerisque
1055 4582 1150 4641 saltem
1160 4582 1289 4659 homiliis,
1304 4599 1333 4644 ut
1343 4587 1478 4650 auditores
1488 4606 1580 4653 eontra
1593 4596 1649 4657 hae-

84 4684 178 4759 reticos,
189 4683 303 4746 loannis
323 4680 475 4761 Evangelio
487 4680 636 4758 abutentes,
652 4679 688 4740 ad
699 4701 819 4764 pugnam
835 4679 960 4739 instruat.
976 4678 1086 4738 Etenim
1102 4699 1165 4737 eum
1184 4677 1301 4760 primam
1316 4680 1456 4743 homiliam
1469 4688 1545 4765 quasi
1559 4712 1648 4772 prooe-

84 4780 161 4838 mium
178 4779 325 4852 emisisset,
340 4777 369 4836 in
390 4774 508 4836 mcunda
522 4798 586 4837 vcro
600 4791 772 4836 externorum
786 4774 1011 4858 philosophorum
1024 4773 1207 4856 primipilares
1219 4773 1394 4853 exagitasset:
1407 4777 1433 4837 in
1446 4781 1524 4842 tertia
1534 4782 1646 4849 demum

85 4896 107 4954 p.
118 4874 162 4947 18,
175 4875 206 4951 B,
222 4873 393 4956 propositum
403 4893 484 4931 suum
495 4871 582 4953 aperit
594 4871 637 4931 his
650 4870 741 4933 verbis
749 4894 756 4929 z
765 4870 839 4951 Ὥρα
849 4870 878 4931 δὲ
890 4869 983 4929 λοιπὸν
994 4868 1038 4930 tet
1048 4869 1082 4929 τὰ
1091 4867 1254 4949 προκείμενα
1263 4869 1379 4951 τήμερον
1390 4874 1545 4946 liusabec·
1556 4880 1594 4960 μὴ
1603 4906 1647 4943 χ..

85 4970 209 5045 apamien<
227 4973 299 5049 ὑμᾶς
317 4966 482 5048 expeditam
497 4975 552 5034 τοῖς
565 4968 658 5047 ἀγῶσι.
668 4969 780 5046 Ἀγῶνες
790 4964 841 5046 γὰρ
855 4970 919 5043 ἡμῖν
934 4962 1088 5045 πρόκεινται
1103 4964 1168 5042 πρὸς
1179 4963 1239 5031 τοὺς
1256 4968 1305 5036 τῆς
1318 4967 1440 5038 ἀληθείας
1451 4971 1567 5052 ἰχθροὺς,
1581 4976 1646 5059 πρὸς

85 5064 137 5131 τοὺς
147 5064 228 5125 πάντα
236 5061 454 5147 μηχανωμένους
461 5061 530 5122 ὥστε
540 5064 659 5123 καθελεῖν
670 5062 718 5135 τὴν
730 5060 806 5131 δόξαν
815 5067 861 5121 τοῦ
870 5061 936 5122 lton
947 5065 991 5119 τοῦ
1002 5064 1082 5135 Θεοῦ,
1093 5062 1195 5137 pillau
1207 5059 1234 5119 dl
1245 5058 1294 5131 ehu
1305 5064 1442 5135 ίαυτῶν·ἠ
1453 5064 1499 5142 μὲν
1510 5067 1561 5148 γὰρ
1573 5072 1646 5148 μένε,

86 5158 212 5229 διαπαντὸς
222 5160 320 5241 οἵαπέρ
335 5161 421 5231 ἐστιν,
430 5157 477 5219 aul
489 5155 524 5215 rh
538 5157 606 5230 ἑξῆς.
618 5157 677 5218 lloc
692 5170 731 5217 est
747 5181 754 5215 z
774 5158 894 5237 Tempus
911 5168 1009 5217 aretem
1021 5170 1063 5216 est
1072 5168 1103 5215 nt
1118 5155 1226 5215 adrem
1239 5157 1413 5234 propositam
1429 5165 1596 5241 ueniamus,
1610 5191 1646 5227 ne
