3750 5940
383 459 416 506 m
439 457 617 507 socuuomr
644 457 769 505 nouem
796 459 994 509 rosnarum.
1400 442 1470 512 803

61 584 87 640 οῦ
108 579 136 638 δέ
159 580 189 639 τὸ
203 580 302 641 δίκαιον
342 589 457 653 ανιῑται;
477 584 518 641 Οῦ
536 579 606 661 λέγω
631 579 674 639 ἐπὶ
730 579 810 640 rebus
826 581 886 641 istis
899 603 1050 643 sermonem
1065 604 1079 642 e
1097 583 1188 645 medio
1205 582 1291 659 tollit,
1305 585 1376 645 nihil
1393 586 1470 647 alirrd

61 660 140 718 νκαὶ
159 660 277 734 δικαίων,
294 604 351 722 άλίί
369 661 412 721 ἐπί
436 662 494 738 ἅμα
547 661 601 719 λῶν
630 658 674 718 καί
728 658 884 740 imprudens
893 661 964 742 agit,
979 662 1030 722 nisi
1040 662 1218 744 seipsumhac
1229 662 1470 747 fraudeingehen·

61 763 78 797 ι.
89 738 157 797 οΔιὰ
168 746 244 800 τοῦτο
253 745 267 800 θ
276 739 323 818 μέν
338 741 468 812 ἐκολάσθη
480 743 607 813 ἐνταῦθα,
620 738 673 799 ὁδί
728 758 790 797 nam
811 740 926 822 impellit
939 763 970 802 ac
1001 741 1097 823 rejicit.
1108 742 1171 802 Noli
1185 763 1249 822 ergo
1265 764 1360 803 manus
1377 766 1470 807 comm

61 826 88 893 θη
99 818 134 878 τὰ
148 820 216 880 αὐτὰ
226 820 396 901 ἁμαρτάνων,
409 819 427 892 ἢ
441 819 486 879 καὶ
500 818 673 901 χαλεπώτερα
727 815 885 899 dissolvere,
899 821 946 900 qui
961 764 999 881 eii
1015 822 1143 884 virtutem
1162 821 1297 899 laborant,
1317 844 1403 902 noque
1425 847 1470 886 so-

78 897 129 979 γθρ
150 903 198 959 οὐκ
215 900 272 960 ἔστι
285 899 391 980 γέεννα,
407 898 480 960 οῦδὲν
493 899 559 981 ὑπὲρ
574 900 672 959 τούτων
727 896 847 959 cordiam
855 920 952 980 augeas
962 922 1055 961 corum
1068 902 1116 981 qui
1130 901 1276 961 dormiunt.
1287 902 1317 962 Si
1329 904 1401 963 enim
1412 905 1470 986 ple·
1495 936 1501 948 ν

61 983 118 1040 τθαι
131 978 271 1052 δυνήσεται
289 989 344 1047 τοῖς
358 982 506 1059 ἐγκαλοῦσι.
523 979 572 1039 dd
584 1002 671 1080 παροι-
726 976 1069 1061 risquepersuasumiuerit
1093 982 1469 1077 ehennamnonmsequando

61 1083 95 1125 u<
117 1064 185 1138 ὑμᾶς
202 1059 387 1137 παυσαμένους
400 1063 445 1119 τοῦ
456 1058 570 1138 γιλωτος
580 1081 673 1118 τουτου
726 1056 834 1117 tandem
842 1059 877 1118 ab
888 1058 1060 1142 improbitate
1068 1003 1225 1121 discedent?
1236 1060 1284 1120 uhi
1292 1083 1357 1123 vero
1363 1064 1470 1143 justitia

61 1145 102 1199 τοῦ
115 1138 292 1216 ἐπιστομίζειν
301 1139 361 1207 ποῦς
373 1137 440 1222 ὑπὲρ
450 1137 548 1197 τούτων
557 1142 618 1215 ὑμῖν
630 1140 674 1196 οἷν-
727 1157 742 1193 a
762 1138 886 1218 parebit?
898 1141 959 1200 Non
972 1139 1033 1203 dico
1045 1142 1080 1202 dc
1089 1140 1276 1223 peccatoribus
1287 1154 1314 1200 et
1319 1143 1412 1223 justis,
1422 1143 1469 1204 sed

87 1219 141 1277 Καὶ
163 1218 215 1300 γάρ
236 1217 281 1279 καί
304 1222 358 1278 τῶν
373 1218 556 1298 σμικροτάτων
574 1220 601 1276 ἐν
620 1226 674 1286 τοῖς
691 1213 709 1261 ¹¹3
727 1157 761 1274 dd
794 1218 960 1279 occatoribus
974 1233 1000 1279 et
1013 1220 1210 1302 peccatoribus.
1223 1220 1411 1282 Hacdecausa
1423 1223 1470 1284 ille

61 1320 92 1368 ιι,
106 1298 151 1357 καί
163 1303 190 1359 ἐν
200 1307 254 1366 τοῖς
263 1296 465 1379 κατορθώμασιν
478 1294 589 1379 ιἰκριῦὴς
599 1294 674 1357 ἔσται
745 1238 836 1356 uidem
864 1299 955 1359 unitus
964 1299 1010 1359 hic
1023 1316 1080 1376 est,
1095 1300 1142 1361 ille
1153 1322 1219 1360 vero
1229 1321 1282 1360 non
1292 1315 1331 1361 est
1342 1303 1467 1383 punitus,

72 1379 126 1438 rtet
139 1378 191 1461 γάρ
207 1377 252 1438 καί
268 1382 409 1459 ὀφθαλμῶν
423 1376 575 1436 ἀκολάστων
590 1374 672 1438 deico-
726 1316 788 1435 icet
810 1320 903 1438 eadem
951 1394 1040 1439 cecata
1062 1379 1107 1440 vel
1130 1380 1212 1439 etiam
1234 1381 1320 1440 multo
1342 1382 1468 1460 graviora

71 1458 116 1516 καί
128 1458 244 1539 ῥήματος
262 1460 357 1538 άργοῦ,
369 1457 413 1517 καί
425 1456 539 1536 γέλωτος
549 1455 673 1530 ἀτάκτου,
726 1457 909 1517 commisisset.
944 1481 989 1518 am
1001 1459 1024 1519 si
1037 1481 1090 1520 non
1104 1473 1143 1519 est
1155 1458 1285 1539 gehenna,
1297 1459 1367 1520 nihil
1377 1461 1467 1523 desen-

61 1561 89 1604 ας
99 1539 203 1610 ἅπλῶς,
215 1538 261 1598 καί
274 1537 440 1616 ἐνθυμήσεως
450 1542 553 1611 κακῆς,
567 1535 613 1596 καὶ
623 1536 673 1615 μά
726 1532 807 1595 sionis
827 1537 924 1598 afferre
946 1540 1045 1620 poterit
1064 1562 1079 1599 a
1100 1539 1138 1598 ud
1161 1540 1273 1619 eosqui
1293 1542 1465 1603 accusabunt.

61 1642 70 1684 ς
87 1617 212 1698 θρέξομεν
225 1643 231 1655 ·
246 1621 282 1687 ὣς
293 1618 374 1678 πάλιν
390 1621 417 1677 ἐν
435 1624 490 1684 τοῖς
502 1618 608 1694 ἀγαθοῖς
627 1616 672 1676 καί
726 1612 908 1686 Quamobrem
916 1640 1008 1679 omncs
1019 1640 1068 1681 vos
1078 1562 1182 1694 dorlon,
1196 1632 1227 1678 ut
1237 1619 1272 1678 ab
1285 1618 1337 1679 hoc
1348 1622 1466 1682 satanico

61 1705 140 1778 υγροῦ
151 1696 291 1778 ληψόμεθα
306 1695 408 1776 μισθὸν,
422 1696 467 1756 καί
476 1696 554 1776 λόγου
564 1699 672 1776 ἀγαθοῦ,
726 1693 782 1754 risu
803 1696 977 1777 abstinentes,
992 1719 1084 1758 eorum
1106 1697 1236 1758 obturetis
1256 1721 1318 1775 ora,
1332 1700 1380 1778 qui
1395 1701 1466 1762 circa

61 1783 109 1855 μοῦ
121 1776 209 1855 μόνου.
224 1776 275 1846 Δθς
289 1776 350 1857 γάρ,
361 1776 441 1857 φησὶ,
460 1777 491 1836 τὸ
507 1784 616 1853 σημεῖον
628 1775 672 1836 ἐπὶ
725 1771 783 1833 haec
799 1777 878 1837 vobis
897 1778 1091 1839 contradicunt.
1106 1779 1177 1839 Nam
1192 1793 1325 1838 eteorum
1339 1801 1399 1858 quae
1414 1783 1465 1841 mi-

61 1857 345 1925 ιιῦνστεναζόντωνκαί
357 1854 595 1935 κατωδυνωμένωί.
610 1856 672 1925 Πῶς
724 1852 797 1913 nima
815 1870 893 1933 sunt,
907 1879 969 1918 eum
988 1857 1016 1917 in
1035 1858 1163 1950 peccatis,
1175 1870 1234 1917 turn
1254 1857 1283 1917 in
1303 1872 1372 1919 recte
1389 1858 1466 1922 iactis

74 1941 166 2008 εἰπεῖν,
181 1936 221 1996 ὅτι
265 1937 302 2005 ,τά
316 1934 446 2007 τοσαύτης
465 1933 601 2016 άκριῦείας
620 1934 715 2026 ἐξα-ω
723 1947 818 1995 exacta
839 1935 891 1996 erit
911 1936 1064 2017 disquisitio
1079 1961 1085 1994 ι
1100 1936 1235 2017 siquidem
1257 1950 1283 1996 et
1302 1937 1466 2001 lascivorum

62 2016 160 2096 μέτερα
173 1961 368 2084 desideriis<
378 2016 424 2076 καὶ
438 2017 496 2096 εἰκῇ
507 2014 555 2089 τὴν
565 2014 670 2096 γέενναν
688 2042 708 2089 Α
724 2012 864 2075 oculorum
882 2016 1013 2077 rationem
1033 2016 1188 2090 reddemus,
1205 2030 1231 2077 et
1245 2017 1322 2078 verbi
1338 2019 1428 2097 otiosi,
1439 2033 1466 2080 et

61 2097 119 2172 Μὴ,
131 2098 291 2177 παρακαλῶ,
303 2094 351 2174 μὴ,
366 2095 459 2174 δέομαι
470 2100 554 2175 ὑμῶν,
566 2093 671 2174 μὴταῑς
723 2091 795 2152 risus
813 2094 993 2173 immoderati,
1016 2110 1042 2156 et
1065 2095 1211 2156 temerarie
1237 2098 1416 2175 contumelia,
1439 2114 1465 2160 et

61 2200 109 2245 ταις
132 2176 235 2236 ἐλπίσιν
256 2173 363 2242 ἑαυτοίις
384 2174 533 2248 ἀπολέσητε
552 2173 672 2244 καὶτοὺς
723 2193 814 2253 pravae
835 2174 1014 2256 cogitationis,
1028 2189 1055 2236 et
1072 2175 1208 2236 ebrietatis
1221 2197 1238 2235 a
1251 2175 1328 2236 nobis
1350 2179 1466 2240 rationes

61 2260 151 2334 ςθμῖν.
165 2256 201 2315 El
220 2256 270 2337 γάρ
284 2264 338 2323 τοῖς
351 2255 490 2336 ἡμετέροις
504 2253 536 2314 λ’
553 2280 591 2323 οις
606 2258 669 2314 θπι-
723 2268 912 2334 reposcentem
926 2269 957 2315 ut
969 2277 1064 2316 rursus
1082 2255 1111 2314 in
1129 2254 1207 2315 bonis
1222 2267 1249 2313 et
1261 2255 1352 2316 calicis
1372 2256 1405 2316 iri
1426 2258 1466 2318 idi

61 2335 157 2396 reicere
177 2333 331 2410 Ἰουδαίους,
350 2334 503 2409 Ἕλληνας,
524 2358 541 2392 ο
555 2332 670 2417 ρετικοίις
723 2330 871 2394 mercedem
884 2334 1056 2417 recipiemus,
1072 2347 1098 2394 et
1111 2334 1176 2395 boni
1187 2335 1329 2413 sermonis,
1342 2350 1369 2396 et
1381 2279 1465 2398 solius

61 2416 98 2474 tcl
112 2416 208 2484 πάντες
220 2419 256 2484 ὡς
267 2413 294 2483 ἐξ
310 2414 364 2483 iude
378 2413 508 2494 cripere<
527 2414 669 2495 άποκριθή-
723 2411 847 2491 gemitus.
858 2414 910 2474 Da
920 2414 1004 2492 enim,
1016 2413 1119 2494 inquit,
1133 2419 1249 2495 signum
1258 2417 1410 2497 infaciem
1415 2440 1464 2499 ge·
1475 2432 1613 2498 Eser-1194

79 2496 166 2577 κρίσις
189 2493 264 2556 ἔσται
277 2494 322 2554 καὶ
337 2495 517 2561 άντιιπόθοσις.
540 2493 609 2554 Ἀλλ’
624 2495 670 2553 οὐκ
722 2496 865 2552 mentium
888 2507 917 2553 et
935 2495 1107 2554 dolentium.
1132 2492 1275 2566 Quomodo
1292 2515 1355 2576 ergo
1375 2496 1465 2558 dicero

82 2575 228 2656 ἄνθρωποι,
240 2574 393 2654 Ἐρώτησον
406 2573 453 2634 καί
468 2571 529 2641 τοὺς
544 2573 669 2653 δαίμονας
721 2569 817 2644 audes,
835 2576 924 2634 Deum
945 2587 1017 2633 tanta
1032 2594 1095 2633 eum
1110 2572 1250 2654 diligentia
1264 2574 1292 2634 in
1307 2597 1348 2635 res
1360 2590 1464 2637 nostras

61 2655 76 2713 t
90 2654 188 2735 ἀκούσῃ
210 2653 338 2732 λεγόντων
351 2657 456 2714 αὐτῶν·
471 2652 509 2714 Τί
527 2645 670 2726 ἧλθεςιῖιδε
722 2649 910 2730 inquirentem,
924 2667 1023 2713 temere
1035 2666 1062 2712 et
1074 2653 1225 2713 inconsulto
1243 2655 1392 2733 gehennam
1411 2656 1463 2716 mi-

69 2734 211 2814 βασανίσαι
222 2740 308 2813 ἡμᾶςς
320 2735 374 2794 Καὶ
385 2735 491 2794 ἅπαντα
503 2739 588 2793 ταῦτα
608 2746 668 2793 συν-
722 2742 816 2790 natum
834 2733 911 2793 esse?
930 2735 986 2808 Ne,
1004 2753 1052 2792 oro
1067 2733 1238 2812 obtestorque
1256 2754 1319 2809 vos,
1342 2756 1375 2793 ne
1394 2756 1462 2795 rana

66 2813 175 2874 πτίσατε
188 2812 294 2882 ἑαυτοὺς
309 2813 345 2892 μὴ
359 2814 446 2892 μάτην
456 2816 546 2873 λαλεῖν
558 2838 564 2850 ·
575 2811 618 2872 ἵνα
631 2812 668 2892 μὴ
721 2809 854 2948 ργόοιοοᾶί
867 2833 880 2871 s
927 2812 1054 2894 deceptos
1066 2833 1115 2872 vos
1131 2833 1242 2891 eosque,
1254 2813 1301 2891 qui
1313 2813 1392 2873 vobis
1403 2836 1463 2874 cre-

61 2919 105 2976 ρας
119 2894 220 2973 μάθητε
234 2893 282 2968 τὴν
295 2893 410 2975 γέενναν,
419 2896 478 2954 ἀλλ’
491 2896 607 2952 ἐντεῦθεν
618 2917 669 2953 σω·
742 2903 806 2963 unt,
895 2898 953 2951 tum
963 2892 1038 2951 catis.
1048 2891 1078 2951 si
1089 2891 1162 2950 euim
1172 2891 1261 2952 verbis
1271 2893 1368 2952 nostris
1379 2892 1463 2954 fidem

61 2997 77 3040 ις
97 2974 144 3042 τὰς
161 2974 289 3054 βασάνους
315 2972 414 3042 ἐκείνοις
433 2974 578 3048 δυνήοησθε
593 2976 670 3054 ἐκρο-
722 2970 809 3030 nonh
861 2970 911 3049 tis,
926 2970 1088 3050 interrogate
1103 2970 1224 3050 ludaeos,
1241 2971 1364 3051 gentiles,
1378 2973 1464 3033 lraere-

61 3058 103 3114 ιῶν
125 3055 274 3132 μελλόντων
288 3057 392 3134 ἀγαθῶν
412 3057 555 3135 ἐπιτυχεῖν,
578 3051 671 3134 χάριτι
687 3063 705 3111 n
723 3049 789 3110 ticos
801 3072 906 3127 omnes,
920 3064 946 3110 et
959 3072 1051 3112 omncs
1068 3064 1206 3129 tamquam
1221 3072 1275 3112 uno
1288 3073 1335 3111 ore
1348 3073 1462 3135 respon-

62 3133 149 3216 ρωπίρ
163 3142 207 3195 τοῦ
225 3133 324 3216 Κυρίου
337 3139 414 3213 ἡμῶν
427 3134 516 3207 Ἰησοῦ
537 3134 669 3215 Χριστοῦ,
721 3129 834 3206 debunt,
849 3129 983 3212 judicium
995 3150 1052 3191 esse
1066 3131 1188 3190 futurum
1202 3151 1235 3190 ac
1246 3131 1460 3192 retributionem.

61 3214 82 3274 ti
100 3213 131 3274 τὸ
142 3215 245 3294 κράτος,
262 3214 308 3274 σὺν
327 3218 366 3296 τῷ
384 3214 473 3296 Πατρί
486 3213 532 3272 καί
545 3217 583 3294 τῷ
600 3211 667 3293 ἁγίῳ
722 3212 757 3268 At
770 3230 823 3270 non
841 3209 981 3271 sufiiciunt
999 3209 1144 3269 homines?
1154 3209 1199 3269 Ex
1215 3208 1384 3272 damonibus
1397 3212 1463 3351 ipsis

67 3296 102 3361 εἷς
113 3293 173 3360 τοὺς
187 3297 282 3363 αἰῶνας
291 3298 344 3353 τῶν
358 3294 471 3355 αἰώνων.
483 3294 575 3370 Ἇμήν.
723 3310 827 3367 quaere,
848 3312 879 3350 ac
892 3289 1012 3350 dicentes
1024 3310 1068 3349 eos
1082 3288 1190 3366 audies,
1205 3291 1267 3350 Cur
1283 3295 1393 3351 uenisti
1427 3314 1464 3352 uc
1476 3317 1559 3362 Μηηη,
1575 3317 1598 3365 3,

722 3381 792 3428 ante
809 3383 920 3451 tempus
941 3382 1074 3449 torquere
1092 3376 1167 3431 nos?
1186 3369 1222 3428 Et
1244 3370 1371 3431 omnibus
1391 3371 1514 3441 hiscem·

722 3448 854 3524 collectis,
866 3448 1024 3531 persuadete
1038 3447 1194 3532 vobisipsis,
1206 3461 1236 3508 ut
1250 3471 1303 3510 non
1315 3463 1415 3510 temere
1424 3451 1465 3511 lo-

722 3527 859 3608 quamini,
873 3550 907 3589 ne
919 3528 1068 3610 gehennam
1081 3529 1264 3612 experimento
1277 3530 1405 3607 noscetis,
1416 3531 1465 3592 sed

721 3607 785 3668 hinc
800 3608 974 3690 sapientiores
994 3608 1081 3668 eiiceti
1101 3622 1231 3670 tormenta
1245 3608 1291 3668 illa
1304 3610 1413 3690 possitis
1425 3613 1464 3671 es-

721 3689 829 3780 supere,
850 3688 981 3767 bonisque
998 3688 1098 3749 suturis
1119 3689 1218 3771 potiri,
1236 3691 1322 3768 gratia
1343 3703 1370 3749 et
1388 3691 1464 3749 beni·

720 3781 822 3860 gnitate
841 3767 950 3828 Domini
967 3767 1050 3828 nostri
1069 3770 1132 3830 Jesu
1151 3767 1268 3845 Christi,
1280 3767 1325 3827 cui
1338 3768 1425 3848 gloria
1438 3783 1464 3829 et

720 3847 881 3928 imperium,
895 3869 956 3907 cum
967 3848 1045 3907 Patre
1055 3861 1081 3906 et
1094 3847 1198 3928 Spiritu
1211 3860 1312 3923 sancto,
1323 3846 1350 3906 in
1364 3849 1463 3908 secula

721 3927 891 3986 saeculomm·
910 3930 1002 3984 Amen.
1443 3936 1448 3943 '

64 4131 141 4184 savit.
155 4144 180 4184 et
192 4131 283 4201 Chrys.
298 4131 327 4198 1,]

501 4531 916 4660 MONITUM

361 4824 409 4897 m
436 4823 729 4918 securorum
756 4818 1033 4895 sonnonem.

71 5051 233 5134 opusculum
248 5065 307 5134 post
320 5050 455 5112 Savilium
473 5050 584 5126 damus,
597 5051 644 5129 qui
659 5048 729 5109 illud
742 5070 777 5109 ex
793 5051 844 5109 Ms.
860 5048 977 5128 quodam
995 5049 1115 5110 Caesareo
1130 5047 1278 5127 desumsit5
1295 5069 1325 5108 ac
1340 5047 1460 5108 consulto

63 5146 132 5208 illud
147 5168 209 5206 curn
224 5146 285 5207 aliis
299 5145 393 5206 multis
408 5145 527 5226 ejusdem
541 5144 633 5205 farine
647 5146 674 5203 in
690 5143 805 5205 tenebris
818 5143 900 5202 latcrc
913 5141 1028 5204 sivisset.
