3750 5940
281 465 352 536 9¹⁰
1016 456 1150 504 souma.
1184 520 1189 527 .

133 603 189 644 rui.
204 596 382 659 uincerent,
393 581 568 642 Benedictus
581 585 631 662 qui
641 585 725 639 venit
743 585 774 639 in
795 585 911 639 nornine
921 580 1023 638 Domi·
1075 600 1140 649 των,
1154 576 1194 637 Ei
1263 576 1366 654 μίιοςθ
1382 576 1534 658 ἐργόμενος
1546 576 1576 634 ἔν
1588 576 1704 653 ὀνόματι
1717 577 1838 657 Κυρίωὲτ

284 665 316 722 ni
327 666 383 731 ;in
400 662 522 721 excelsis
532 661 639 751 gloria,
652 672 680 719 et
691 663 723 718 ia
737 673 816 719 terra
832 679 913 739 ραι,
928 657 1025 717 civitas
1076 655 1196 737 θψίστοις
1251 656 1460 735 aimeldrigi<
1473 653 1840 737 sapam-aimiricum}

135 762 221 805 narii.
236 740 504 806 „commovebatur
513 738 623 798 dicens:
639 740 710 817 Quis
719 751 761 799 cst
774 741 845 799 hic?
860 736 1027 797 utexcaeci-
1079 756 1172 815 γωσα·
1186 734 1237 802 Τίς
1257 739 1327 796 ίστιν
1349 726 1438 810 οὗτος,
1460 733 1675 815 πεπωρωμέναν
1696 735 1779 814 ρθόνσι
1793 740 1842 796 τιτι

284 834 338 880 tate
357 819 491 878 invidiam
506 832 597 878 contra
613 816 724 877 Domini
743 817 858 896 gloriam
871 815 1025 877 concitaret.
1078 818 1127 885 τῆς
1148 821 1195 874 τοῦ
1213 813 1349 875 Διστότου
1371 812 1449 887 δόξης
1463 819 1593 874 κινοῦσα.
1609 813 1699 872 Πολιν
1716 814 1742 874 δὲ
1760 816 1844 891 uim,

285 898 430 958 Civitatem
450 919 512 957 cum
530 896 624 973 andis,
645 910 763 956 veterem
785 897 862 956 illam
884 915 1028 978 synagoga
1079 890 1129 964 τὴν
1144 893 1263 954 παλαιάν
1279 898 1327 964 τῆς
1344 898 1508 973 συναγωγῆς
1530 894 1654 952 ἄτακτον
1669 892 1766 965 aledis
1781 897 1846 973 διυγί-

284 976 450 1037 inconditam
464 977 570 1035 turbam
585 975 714 1066 intellige.
730 975 833 1055 Ingrati
855 974 896 1033 illi
910 975 1027 1035 interro-
1081 995 1175 1032 νωσκι.
1195 976 1362 1054 Διιρωτῶσιν
1383 976 1409 1032 ol
1425 970 1609 1053 ἀγνώμονες,
1623 971 1678 1041 Τίς
1699 976 1764 1032 ἐστιν
1780 967 1847 1050 cira,

285 1069 372 1135 gant,
387 1059 459 1134 Quis
470 1069 512 1115 est
528 1058 599 1115 hic?
613 1076 645 1113 ac
659 1075 683 1113 si
696 1054 816 1115 nonduin
834 1053 965 1115 vidissent
978 1054 1029 1113 Βε-
1080 1055 1117 1118 ii<
1131 1052 1214 1130 μήπω
1238 1054 1274 1113 lu
1334 1053 1384 1119 ἰς
1407 1052 1453 1112 τδν
1482 1051 1639 1133 εὐεργέτην
1661 1053 1709 1110 καὶ
1722 1053 1847 1134 περιθίςτιι

285 1136 446 1195 nesactorem
461 1132 563 1192 divinis
576 1133 714 1192 miraculis
731 1134 872 1209 celebrem.
883 1136 943 1194 Non
957 1132 1029 1193 enim
1082 1140 1136 1198 τοῖς
1155 1075 1473 1228 θΜρεπίὲθώμασιν.
1490 1134 1536 1192 Οὔ
1549 1130 1609 1211 γίιρ
1626 1129 1792 1203 κατελαθινὴ
1803 1135 1847 1193 aad

285 1211 545 1293 comprehendebant
558 1212 673 1272 tenebre
683 1212 773 1272 lucem
785 1215 813 1273 in
824 1212 908 1294 adyto
924 1213 1030 1292 sulgon·
1081 1209 1152 1271 τὸίν
1169 1213 1236 1289 αιίτῃ
1260 1211 1413 1292 ίπιλάμψαν
1427 1210 1531 1269 ἄδυτον
1548 1215 1624 1290 φῶς.
1640 1209 1724 1271 Ὀθεν
1737 1211 1847 1279 aonia

285 1306 349 1351 tem.
363 1291 547 1366 Quamobrem
557 1291 659 1350 directe
671 1291 707 1351 ad
720 1292 848 1373 illosjam
861 1293 927 1351 olim
942 1292 1030 1352 excla-
1082 1288 1298 1371 προανακίκραγε
1313 1291 1378 1373 πρὸς
1394 1289 1493 1357 αὐτοὺς
1507 1287 1637 1356 Ἡσαΐας
1648 1289 1735 1368 λέγων
1746 1314 1753 1327 ·
1765 1294 1794 1350 oi
1808 1316 1847 1350 ιω

151 1390 197 1435 μ’.
256 1383 407 1435 .maverat
424 1370 520 1447 isaias,
542 1369 654 1431 dicens:
671 1371 785 1431 Audite
804 1373 897 1444 surdi,
914 1385 942 1431 et
962 1374 1032 1430 caci
1082 1367 1277 1449 ροδάκοιίσατε,
1289 1368 1481 1449 καίοίτυρλοδ
1496 1368 1761 1449 ἀναὸλίψαττίδεῖν.
1774 1372 1849 1439 tiata

256 1486 262 1498 ·
287 1453 389 1511 uisum
401 1452 530 1528 recipite.
547 1451 588 1508 Et
602 1453 668 1529 quis
686 1471 780 1509 caecus
788 1496 797 1523 ,
813 1454 870 1510 nisi
874 1451 940 1531 filii
952 1454 1032 1509 mei?
1048 1458 1066 1505 θ
1082 1447 1197 1528 τυφλὸς,
1212 1450 1271 1508 ἀλλ’
1286 1446 1304 1521 ἣ
1322 1452 1346 1508 οἱ
1357 1447 1453 1515 παῖδάς
1471 1470 1526 1526 μου
1539 1471 1548 1520 ;
1565 1448 1618 1507 καὶ
1634 1449 1720 1528 κωφοί
1730 1490 1738 1518 ,
1750 1449 1849 1519 ἁλλ’ἦιί

288 1540 317 1587 ct
334 1532 386 1608 qia
403 1529 502 1600 surdi,
520 1532 578 1587 nisi
590 1532 641 1609 qui
662 1531 855 1589 dominantur
870 1536 1032 1589 eorum?et
1083 1526 1244 1607 κυριεύοντες
1266 1530 1369 1604 αὐτῶν,
1389 1526 1445 1588 Καὶ
1468 1527 1678 1607 ἐτυρλῶθησαν
1694 1533 1719 1586 ol
1738 1528 1849 1587 δαΐιοιτῶ

289 1611 503 1668 occoecatisunt
517 1611 593 1666 servi
604 1608 670 1666 Dei.
686 1609 806 1668 Wdistis
822 1630 862 1669 sie
881 1632 911 1681 e,
931 1622 959 1668 et
974 1629 1033 1667 non
1083 1608 1161 1667 Θεοῦ.
1181 1604 1276 1667 Είδιτι
1288 1606 1432 1679 πολλάκις,
1450 1606 1502 1665 καὶ
1523 1610 1578 1667 οὐκ
1600 1605 1776 1687 ίρυλάξιισθι·
1788 1613 1848 1678 ι’ςνιιν

289 1686 479 1745 observastis:
488 1690 596 1765 apertis
606 1690 726 1746 auribus
737 1708 797 1745 non
809 1632 941 1750 auriistis.
950 1687 1034 1751 Vide·
1083 1685 1168 1763 γμίνα
1181 1683 1215 1745 τά
1226 1674 1300 1760 dira,
1314 1686 1360 1746 καί
1368 1689 1417 1747 οὐκ
1425 1684 1585 1757 ἠκούσατε.
1596 1685 1722 1766 Ὁρᾶτε,
1734 1667 1847 1763 ἀγαπητοί,

288 1762 344 1837 tis,
360 1764 475 1837 fratres,
492 1764 638 1823 verborum
660 1767 877 1827 accurationem?
899 1766 1034 1847 quomodo
1084 1763 1220 1846 ἀκρίθειαν
1231 1765 1330 1844 λόγων;
1340 1764 1413 1833 ὅπως
1425 1764 1461 1825 τὸ
1475 1766 1709 1848 προθεωρητικδν
1718 1771 1776 1824 θεῖον
1787 1768 1848 1824 [lie

288 1842 731 1927 pespimxilledivinusSpiritus
775 1848 1033 1908 rsanctossuossic·
1085 1867 1123 1921 μα
1138 1841 1182 1903 διδ
1194 1845 1247 1905 τῶν
1264 1843 1346 1923 άγίων
1361 1847 1465 1918 αὐτοῦ,
1481 1849 1522 1912 ὡς
1540 1846 1689 1926 παρόντα,
1704 1843 1736 1904 τδ
1753 1844 1848 1922 μάλιστα

288 1933 321 1979 ut
337 1922 478 2001 prasentia
498 1923 589 1983 sutura
597 1924 743 2015 praedicat.
762 1925 900 1987 Videbam
911 1927 983 1985 enim
993 1926 1034 1984 in·
1083 1922 1288 2005 προεκήρυττενς
1304 1914 1381 1984 Εἶδον
1394 1923 1450 2003 γάρ
1460 1928 1488 1983 οἱ
1505 1924 1675 2005 ἀχάριστοι,
1686 1924 1731 1983 καὶ
1742 1924 1847 2004 &phiai-

290 2001 372 2079 grati,
381 2012 408 2058 et
420 2023 469 2082 per
479 2003 555 2081 signa
567 2003 758 2064 miraculorum
770 2020 935 2085 patratorem
947 2009 1035 2066 Deum
1085 2024 1133 2062 σαν
1143 2000 1187 2062 διδ
1193 2006 1245 2062 τῶν
1256 2002 1396 2081 θαυμάτων
1406 2003 1454 2062 τὸν
1469 2003 1688 2084 θαυματουργδν
1702 2003 1775 2075 (deii,
1785 2005 1848 2081 ιτὶτῇ

290 2079 368 2159 quasi
378 2083 504 2142 munibus
517 2083 670 2162 tangebant,
680 2097 706 2143 et
722 2083 750 2143 in
761 2085 948 2145 incredulitate
959 2107 1035 2145 man·
1084 2080 1195 2141 ἀπιστία
1206 2079 1347 2161 ἐνέμειναν·
1358 2072 1425 2143 εἶδαν
1439 2082 1490 2141 τὸν
1499 2083 1610 2164 τυρλδν
1623 2086 1849 2163 ἐκνενετῇςτδνριν

289 2172 382 2219 unni
396 2184 402 2216 :
415 2160 538 2221 viderant
556 2184 658 2222 cacum
680 2177 784 2239 namin,
795 2164 886 2225 visum
907 2165 1036 2246 recepisse
1084 2184 1117 2219 τα
1195 2184 1278 2221 σαντα
1298 2161 1395 2242 Κύριον
1414 2161 1621 2241 κηριίττοντα·
1644 2155 1713 2222 εἶδον
1743 2162 1849 2242 ωίῃροσι

289 2238 475 2300 etDorninnm
486 2241 674 2323 predicavisse
687 2266 693 2299 τ
708 2241 829 2303 viderant
843 2245 1035 2326 paralyticum,
1084 2241 1130 2300 καί
1143 2242 1250 2321 ovinam
1261 2243 1294 2318 τῇ
1306 2240 1429 2322 δσθενείρ
1439 2241 1612 2321 παράλυτον
1626 2241 1800 2323 προστάγματι
1809 2243 1850 2299 δια

290 2317 339 2395 qui
354 2318 382 2377 in
397 2319 449 2379 hac
462 2320 620 2383 infirmitate
629 2321 712 2381 vitam
727 2325 890 2384 contriverat
903 2325 960 2384 solo
975 2326 1033 2406 jus-
1085 2320 1226 2419 ζιυγθίντα
1238 2322 1286 2392 τῆς
1294 2318 1441 2400 κακουχίας
1453 2343 1460 2357 ·
1474 2320 1634 2383 ἐθεάσαντο
1648 2322 1764 2401 Λάζαρον
1776 2322 1851 2401 μερίδι

290 2416 321 2454 sii
337 2417 352 2454 ε
369 2400 462 2461 inorbo
475 2414 617 2460 sanatum:
634 2401 757 2461 viderant
773 2405 929 2464 Lammina
951 2403 1197 2463 ιιιοειυιιιθανατω
1207 2398 1340 2479 γεγονότα·
1352 2399 1477 2473 ἤκουσαν
1487 2399 1536 2460 τὸν
1547 2404 1579 2460 ἐν
1593 2402 1721 2477 θαλάσσῃ
1731 2404 1850 2482 sepiam,

290 2475 416 2555 effugisse
431 2504 437 2535 :
456 2480 596 2540 audierant
611 2480 855 2542 deambulationem
873 2506 953 2564 siipra
975 2506 1032 2543 ma-
1052 2485 1070 2527 Λ
1086 2477 1134 2550 τὴν
1145 2476 1215 2557 δγεόι
1232 2501 1311 2557 γητον
1322 2479 1483 2551 οἶνοδοσίαν,
1495 2480 1549 2552 rhu
1567 2481 1694 2562 άμοχθον
1705 2480 1851 2561 ἀριοτρορίαν,

291 2576 339 2627 re,
363 2558 457 2617 vinum
476 2559 571 2619 datum
594 2560 651 2619 sine
672 2559 737 2621 vitis
759 2560 856 2639 cultu,
875 2583 956 2642 panes
979 2563 1036 2623 sine
1085 2557 1197 2630 τὴντῶν
1212 2502 1592 2637 θαιμθνωνᾶπιλασίαν,ιὴν
1608 2568 1666 2621 τῶν
1676 2560 1812 2638 καμνόντων
1822 2560 1851 2617 τί·

291 2636 385 2695 labore
403 2639 601 2721 suppeditatas,
614 2640 750 2699 daemonas
766 2641 872 2720 pulsos,
886 2663 972 2734 aegros
993 2664 1036 2701 sa-
1088 2636 1216 2719 ρωστίαν·
1229 2642 1257 2698 αἱ
1270 2640 1394 2698 πλατεῖαι
1412 2641 1508 2698 αὐτῶν
1522 2639 1577 2707 τὰς
1596 2641 1726 2719 δυνάμεις
1735 2640 1851 2720 inviam

292 2729 367 2775 natos
382 2740 388 2773 τ
401 2716 521 2797 ipsorum
533 2716 628 2810 plateae
642 2718 757 2779 virtutes
771 2720 829 2799 ejus
839 2720 1034 2801 praedicabant,
1086 2719 1113 2777 αί
1126 2717 1181 2776 ὁδοὶ
1196 2719 1282 2776 αὐτῶν
1295 2717 1342 2787 τθις
1356 2717 1442 2786 ἰάσεις
1456 2728 1515 2787 τοῖς
1526 2720 1689 2800 ὁδοιπόροις
1700 2720 1850 2799 κατήγγειλεν

293 2798 345 2856 via
357 2796 506 2858 curationes
516 2797 666 2858 viatoribus
682 2798 841 2859 nuntiabant
855 2824 861 2856 :
874 2814 927 2859 tota
941 2800 1036 2863 Judaea
1086 2804 1160 2856 πᾶσα
1175 2802 1193 2870 ἡ
1208 2796 1324 2857 Ἰουδαῑα
1338 2795 1486 2877 ίπληρώθη
1503 2802 1563 2858 τῶν
1589 2803 1759 2882 εὐεργεσιῶν,
1775 2797 1851 2857 iila

293 2875 430 2936 bcncsiciis
451 2878 552 2958 repleta
568 2891 638 2952 erat,
653 2890 679 2937 et
692 2878 948 2958 nuncinterrogant,
966 2882 1037 2959 Quis
1087 2874 1276 2950 πυνθάνονται,
1293 2875 1343 2944 Τίς
1364 2878 1436 2935 low
1461 2869 1567 2954 οὗτοτῑ
1583 2878 1627 2940 Ὦ
1652 2885 1701 2952 τῆς
1720 2878 1797 2945 melai
1814 2880 1851 2934 tin

294 2957 455 3016 astitero
469 2956 601 3016 insaniam
611 2977 704 3017 eorum
717 2956 764 3036 qui
779 2956 1037 3041 ialsodoctoreaap-
1086 2953 1265 3034 ψευδωνύμων
1281 2954 1570 3029 διθασκιίλων,ὢτῶν
1589 2957 1781 3019 ἀπειθῶνπαιί
1823 2954 1851 3030 ,ὖ

293 3032 443 3117 pellantur!
457 3057 474 3095 o
489 3036 640 3117 pervicaces
662 3032 765 3117 patres!
779 3058 795 3095 o
809 3037 886 3097 stulti
908 3037 1037 3100 seniores!
1086 3038 1139 3093 τῶν
1164 3033 1283 3116 ἀφρόνων
1298 3034 1501 3117 πρεσθυτίρων,
1521 3035 1549 3096 ὢ
1573 3037 1691 3121 σπέρμα
1712 2980 1851 3098 hauhi&

293 3140 309 3173 o
320 3136 410 3176 semen
429 3115 581 3177 Chanaanis
596 3114 771 3195 impudentis,
785 3137 837 3176 non
855 3132 945 3177 autem
960 3118 1038 3180 Judae
1088 3115 1224 3183 άντιδοῦι,
1238 3114 1283 3172 καί
1293 3115 1340 3173 εὗκ
1349 3113 1437 3174 Ἰώδα
1453 3121 1503 3174 τοῦ
1516 3117 1667 3186 εὖλᾱὸοῧς.
1678 3119 1722 3178 Ti
1731 3118 1798 3178 tim
1805 3114 1850 3174 ἕΐί·

294 3193 349 3275 pii!
369 3195 448 3254 Pueri
470 3196 622 3255 Creatorem
644 3210 825 3273 agnoverunt,
846 3211 872 3255 et
887 3198 1038 3277 pervicaces
1087 3217 1191 3271 γνωσαν
1208 3192 1252 3252 τὸν
1272 3194 1391 3265 κτίστην,
1404 3193 1454 3252 καί
1472 3201 1499 3255 οἱ
1512 3200 1643 3264 ἀπειθεῖς
1659 3198 1766 3276 πατέρες
1779 3197 1850 3272 &aaa

294 3289 382 3355 patres
407 3275 547 3351 dicebaut,
570 3277 641 3354 Quis
661 3289 703 3334 est
726 3278 796 3336 hic?
815 3278 950 3337 iuvenilis
975 3293 1038 3338 intas
1088 3276 1112 3333 Τ
1115 3273 1136 3340 ic
1153 3277 1223 3333 ἐστιν
1240 3268 1328 3347 οὗτος
1346 3272 1381 3332 Ἡ
1395 3272 1444 3332 νέοι
1461 3275 1564 3346 ἡλικία
1580 3276 1629 3336 τὀν
1645 3278 1715 3338 Θεὸν
1732 3276 1849 3352 minuati

295 3357 383 3413 Deum
397 3355 561 3429 celebravit,
581 3369 607 3415 ct
623 3355 762 3414 inveterati
782 3354 887 3416 dicrum
906 3358 1037 3418 malorum
1088 3353 1133 3412 καί
1144 3357 1168 3413 οἱ
1181 3351 1397 3431 πεπαλαιωμένοι
1407 3357 1521 3436 ἡμερῶν
1535 3362 1635 3416 κακῶν
1647 3353 1850 3425 {risbamala

294 3434 511 3512 interrogabant,
538 3438 610 3513 Quis
631 3447 673 3493 est
692 3437 761 3492 hic?
782 3436 920 3496 liactcntes
937 3437 1038 3497 theolo-
1089 3436 1158 3491 ἐστιν
1173 3426 1260 3505 οὗτος
1283 3437 1319 3492 Οἱ
1340 3431 1501 3504 θηλάζοντες
1515 3438 1699 3516 θεολογοῦσι,
1715 3437 1758 3495 καὶ
1771 3440 1791 3494 ci
1802 3456 1849 3512 τρε·

295 3513 353 3591 giec
376 3512 539 3589 loquuntur,
555 3527 581 3572 et
594 3512 710 3571 seniores
731 3512 939 3592 blasphemant?
962 3518 1038 3597 pueri
1090 3513 1211 3592 οόότεροι
1238 3516 1440 3592 βλασφημοῦσι,
1462 3516 1563 3583 παῖδες
1579 3517 1849 3595 εὖσεθῶςὶερουῃνῦτθ

294 3592 338 3671 pie
351 3590 477 3650 laudibus
496 3612 569 3650 sacra
587 3604 735 3671 peragunt,
750 3606 775 3649 et
785 3593 941 3653 exsecrandi
953 3617 1039 3655 sacer-
1090 3582 1170 3662 αἶνον,
1183 3592 1228 3651 καὶ
1240 3593 1338 3671 civitam
1358 3596 1436 3671 ἱερεῖς
1448 3594 1594 3662 dccviii&
1617 3599 1812 3677 ἅγανακτθῦεθὲ
1827 3595 1848 3650 ⁰³

295 3671 370 3729 dotcs
388 3669 471 3750 impie
485 3669 682 3749 indignantur?
697 3671 721 3729 Ο
735 3669 867 3729 increduli
882 3673 1038 3752 inpriiden-
1090 3675 1203 3737 ἀπειθεῖς
1220 3675 1245 3730 ἐν
1289 3671 1391 3752 ρονήσει
1405 3670 1532 3745 δικαίων,
1552 3675 1737 3756 ἐπιστρέψατε
1750 3674 1790 3741 τίς
1804 3696 1848 3750 κιρ

295 3749 332 3810 tia
349 3751 485 3832 justorum
502 3774 509 3807 :
523 3750 669 3809 convertite
692 3748 773 3807 corda
799 3764 886 3811 vestra
910 3752 947 3812 ad
968 3754 1039 3815 silius
1056 3764 1072 3808 θ
1090 3751 1146 3818 δίας
1154 3754 1228 3828 ὑμῶν
1238 3753 1284 3811 ἐπι
1298 3750 1331 3810 τὰ
1343 3749 1423 3809 τέκνα
1437 3757 1526 3829 ὑμῶν,
1541 3755 1649 3832 μάθετε
1658 3758 1728 3816 Θεοῦ
1741 3754 1848 3831 μυστήρια

297 3844 410 3907 vestros,
428 3830 524 3889 discite
535 3829 586 3888 Dei
597 3829 736 3911 mysteria.
753 3829 794 3889 ldi
806 3853 877 3890 isum
890 3832 964 3910 quod
977 3855 1037 3913 por·
1090 3832 1161 3889 Αὐτὸ
1175 3831 1205 3889 τὸ
1219 3831 1371 3909 τελούμενα
1388 3841 1542 3929 μαρτυρεῖ,
1553 3833 1599 3893 ὅτι
1611 3835 1683 3901 Θεός
1693 3839 1760 3894 ἐστιν
1771 3835 1849 3893 coitus

297 3910 402 3983 ficitur,
423 3910 581 3969 testificatur
601 3912 691 3968 Deum
712 3928 769 3967 esse
785 3853 880 3986 iilum,
893 3912 969 3990 quia
986 3934 1038 3972 iion
1090 3912 1281 3989 ἀνυμνοόμενος
1291 3909 1342 3970 ὑπὸ
1356 3910 1506 3970 aaronem
1519 3915 1671 3991 γλωσσῶν.
1685 3914 1812 3993 Ἐρευνᾶτε
1820 3909 1849 3972 τίς

146 3989 399 4061 niisaoedociis
419 3989 520 4068 linguis
533 3989 571 4047 ita
585 3989 744 4048 celebratur.
768 3990 947 4059 Senitanuni
963 3993 1039 4051 Scri·
1091 3989 1216 4070 Γαρθς,
1238 3989 1324 4057 καθὼς
1340 3988 1471 4061 ἠκούσατε
1493 3991 1576 4075 παρθι
1600 3998 1649 4051 τοῦ
1675 3995 1807 4063 dieram
1823 3989 1850 4046 ’ἔτι

295 4082 407 4148 pluras,
423 4083 453 4127 ut
463 4068 576 4127 audistis
589 4068 743 4140 aDomino,
756 4068 820 4146 quia
829 4068 893 4149 ipsa
906 4086 969 4130 sunt
979 4093 1039 4149 quae
1091 4014 1168 4128 αόταί
1183 4074 1247 4130 εἰσιν
1257 4074 1284 4129 αἱ
1296 4072 1478 4168 μαρτυροῦσαι
1495 4072 1564 4151 περὶ
1574 4075 1670 4146 αὐτοῦ,
1684 4074 1729 4130 καὶ
1742 4076 1784 4131 οὐκ
1795 4075 1849 4148 α’γνο

297 4149 474 4207 testificantur
497 4147 533 4208 dc
552 4148 612 4222 iilo,
640 4168 688 4206 nec
712 4148 842 4226 ignoratis
866 4149 1036 4211 miraculum.
1091 4158 1143 4208 εῖτε
1161 4151 1191 4210 τὸ
1204 4155 1303 4227 θαῦμα.
1317 4148 1459 4209 Ἀκουσατε
1487 4154 1513 4209 ot
1536 4152 1700 4232 ἀχάριστοι,
1724 4153 1748 4210 τί
1767 4155 1849 4227 εὐαγγε-

297 4228 407 4302 Audite,
427 4227 538 4306 ingrati,
558 4226 625 4306 quid
638 4228 777 4286 annuntiet
796 4227 875 4295 vobis
898 4228 1040 4291 Zacharias
1090 4228 1191 4297 λίζεται
1203 4232 1265 4307 ὑμῖν
1277 4235 1291 4289 ὁ
1304 4227 1441 4310 προφήτης
1454 4221 1614 4310 Ζαχαρίας.
1629 4233 1709 4303 Φησὶ
1720 4233 1780 4313 γάρ,
1790 4232 1849 4309 heisa

148 4315 218 4358 zadi.
228 4330 251 4376 9.
262 4330 286 4377 9.
296 4308 427 4386 propheta
435 4330 444 4382 ρ
458 4307 497 4366 ait
506 4307 596 4367 enim:
613 4306 717 4366 Gaude
726 4307 939 4387 multam,filia
948 4310 1038 4369 Sion:
1092 4308 1206 4389 σφόδρα,
1227 4306 1337 4388 θιίγατερ
1358 4304 1444 4366 Σιών·
1463 4308 1521 4368 ἰδοὺ
1537 4315 1553 4368 ὁ
1568 4311 1700 4388 βασιλεύς
1714 4334 1756 4369 σοι
1771 4310 1851 4388 ἔρχπιί

297 4407 363 4444 ecce
378 4390 439 4444 Rex
454 4401 521 4447 tuiis
537 4392 620 4447 venit
634 4389 688 4445 tibi
698 4390 796 4467 justus
809 4400 837 4446 et
851 4389 979 4447 insidens
992 4410 1040 4448 sii-
1091 4410 1133 4446 σοι
1152 4387 1251 4455 δίκαιος
1265 4388 1312 4447 καὶ
1336 4385 1502 4459 ἐπιόεόηκὼς
1518 4390 1569 4450 ἐπί
1585 4394 1681 4450 πῶλον
1702 4391 1765 4450 ὄνου.
1783 4388 1850 4449 aar:

295 4467 474 4542 perpoliam
492 4471 592 4526 asinae.
608 4467 665 4525 Cur
687 4464 817 4544 gaudium
833 4466 977 4526 excutitis?
991 4490 1038 4528 cur
1091 4466 1239 4548 τήνχαρδν
1262 4464 1430 4537 άποοείεσθε;
1447 4465 1491 4524 διδ
1512 4467 1542 4526 τί
1570 4471 1652 4540 ἡλίου
1675 4467 1851 4535 aalma

297 4542 416 4621 fulgente
430 4545 498 4618 sole,
512 4546 633 4604 tenebras
644 4544 778 4623 diligitis?
791 4567 839 4604 cur
854 4561 945 4606 contra
960 4547 1038 4607 inex·
1091 4545 1182 4612 σκότος
1192 4550 1328 4625 ἀγαπᾶτες
1343 4545 1386 4605 διδ
1399 4543 1425 4602 τί
1439 4546 1506 4623 πρὸς
1521 4546 1575 4618 τὴν
1592 4530 1762 4625 ἀπολόμῇων
1773 4547 1851 4626 sigim

296 4621 471 4711 pugnabilcm
488 4646 581 4703 pacem
594 4624 699 4682 bellum
710 4623 894 4685 meditamini?
906 4626 936 4685 Si
950 4626 1041 4704 itaque
1091 4627 1219 4701 μελετᾶτε
1229 4625 1361 4703 πόλεμον,
1372 4625 1405 4684 Εἰ
1418 4623 1507 4684 τοίνυν
1521 4629 1580 4686 υἱοὶ
1595 4629 1671 4689 Σιών
1687 4633 1762 4698 ἐστι,
1776 4647 1850 4703 aim

297 4700 349 4758 filii
371 4699 435 4758 Sion
455 4703 533 4774 estis,
547 4723 611 4760 cum
629 4703 694 4761 siliis
709 4703 805 4762 vestris
821 4705 930 4764 choreas
943 4706 1014 4784 agite
1029 4731 1035 4763 ι
1092 4704 1201 4787 ρεύσατε
1216 4715 1271 4772 τοῖς
1284 4705 1383 4770 τίκνοις
1395 4706 1484 4781 ὑμῶν·
1501 4718 1597 4806 γαρᾶς
1615 4709 1728 4787 ἀφορμὴ
1741 4709 1802 4768 ἔστιν
1809 4711 1850 4780 ὑμῖν

296 4779 390 4856 gaudii
410 4779 512 4841 occasio
533 4781 568 4839 sit
591 4782 668 4840 vobis
687 4781 807 4841 filiorum
825 4785 918 4865 pietas.
933 4785 976 4844 hb
989 4786 1037 4845 illo
1090 4789 1107 4856 ἡ
1129 4788 1182 4844 τῶν
1202 4784 1300 4843 τέκνων
1317 4782 1460 4845 θεοσέόεια.
1474 4785 1590 4845 Μαθετε
1610 4793 1680 4868 παρ’
1697 4791 1786 4853 αὐτῶν,
1804 4784 1850 4848 τίτί

295 4859 402 4936 discite,
414 4858 476 4938 quis
492 4858 584 4918 docuit
594 4906 601 4934 ,
611 4861 672 4939 quis
690 4861 811 4941 collegit,
822 4886 837 4922 a
849 4887 901 4942 qiio
914 4865 1036 4926 doctrina
1090 4863 1212 4937 διδάξας,
1223 4863 1264 4933 τίς
1275 4869 1289 4923 ὁ
1304 4869 1383 4924 συναθ
1416 4863 1494 4936 ίσας,
1507 4866 1594 4926 πόθεν
1607 4866 1644 4927 τδι
1660 4861 1851 4945 διδάγματαίι

294 4939 416 5027 prodeat,
431 4960 491 5017 quie
503 4939 536 4998 sit
550 4960 618 4998 nova
637 4940 782 5020 theologia,
793 4957 818 5001 et
829 4958 906 5005 vetus
918 4945 1035 5035 prophe·
1053 4960 1073 5006 c
1089 4950 1106 5017 ἡ
1119 4942 1199 5013 καινὴ
1211 4943 1341 5022 θεολογία,
1352 4885 1514 5002 noioeane
1525 4946 1693 5044 προφητεία
1703 4949 1737 5007 Εἰ
1748 4940 1849 5020 δὲαθρθ

295 5030 342 5075 tia.
361 5018 443 5092 Quod
464 5018 487 5077 si
507 5018 597 5077 nullus
616 5020 697 5078 homo
714 5041 807 5078 corum
849 5023 894 5081 uid
916 5045 970 5083 iam
987 5024 1035 5084 do-
1089 5047 1145 5085 πων
1160 5023 1209 5162 gis
1224 5020 1393 5091 οὗδσίςούδίν
1410 5021 1512 5082 τούτων
1529 5025 1666 5097 ἐδίδαξεν,
1687 5022 1846 5103 αὐτόμστννεὲ

294 5097 370 5174 cuit,
396 5098 443 5156 sed
467 5120 501 5156 ex
531 5120 558 5157 se
587 5113 613 5158 et
640 5113 733 5191 sponte
765 5122 813 5158 sua
829 5045 946 5161 laudini
978 5126 1034 5164 mo·
1087 5103 1132 5164 τδν
1149 5126 1219 5161 ανον
1234 5101 1430 5180 ἀναμέλπουσι,
1452 5107 1540 5180 γνῶτε
1563 5108 1637 5165 Θεοῦ
1660 5097 1769 5165 εἶναιτὸ
1787 5104 1847 5182 ἔργον.

293 5173 433 5251 dulantur,
456 5179 590 5256 agnoscite
614 5180 664 5237 Dei
687 5200 754 5259 opus
778 5200 845 5254 osso,
869 5195 899 5240 iit
924 5183 951 5242 in
977 5183 1035 5264 lcgc
1087 5190 1123 5253 ὡς
1135 5187 1161 5244 ἐν
1173 5186 1211 5263 τῷ
1223 5181 1297 5263 νόμῳ
1310 5182 1473 5260 γέγραπται·
1490 5181 1547 5242 Ἐκ
1565 5185 1703 5265 στόματος
1719 5184 1807 5257 maiiiv
1816 5182 1845 5236 ¹²3

144 5263 208 5306 inii.
223 5260 245 5307 S.
261 5261 282 5308 3.
294 5257 425 5337 scriptum
438 5271 477 5315 ost
491 5283 496 5314 :
509 5260 557 5317 Ex
572 5280 620 5318 ore
641 5260 803 5337 informium
817 5274 845 5319 ct
863 5263 1034 5324 lactentium
1088 5262 1251 5337 θηλαζόντων
1271 5260 1422 5343 κατηρτίσω
1442 5251 1525 5322 αἶνον.
1542 5266 1750 5327 Διπλασιάιατε
1767 5253 1803 5321 σίν
1813 5260 1844 5326 tia
