3750 5940
193 424 263 499 368
526 450 557 500 s.
584 450 723 501 sotanis
747 448 933 501 curusosr.
961 445 1117 497 tuentur.
1144 444 1417 499 moestuosos.

190 573 270 633 rum?
288 571 334 632 Tu
354 592 419 634 vero
436 571 486 633 uhi
501 572 525 635 is
544 574 592 654 qui
613 574 686 657 rapit
706 574 836 657 punitur,
859 571 934 652 quod
984 594 1005 651 χ
1036 570 1182 645 adraldo
1200 571 1400 654 ἤρπασαςςοθκ
1416 572 1545 647 ιόδηλσιί

190 667 278 747 majus
290 678 331 726 est
342 664 457 725 honoras
461 689 471 743 3
490 666 537 725 ubi
549 680 640 727 autem
656 680 750 749 raptor
768 666 932 741 honoratur,
1020 669 1055 724 θα
1068 663 1130 725 ίνθα
1143 664 1352 749 μλνόόρπόζων
1361 666 1504 737 κολάζεται
1509 668 1545 743 ,π’

190 759 264 839 quod
275 759 364 840 majus
378 773 418 819 est
429 758 532 842 prodis.
551 760 634 835 Quod
650 758 674 819 si
687 757 815 837 utrinque
825 756 934 840 punitio
984 754 1046 815 ἔνθα
1061 754 1249 839 δίόόρπόζοιν
1259 768 1391 838 τιμᾶται,
1403 759 1536 840 aopsithe

189 866 270 929 esset,
290 873 378 912 aunon
389 851 428 912 ad
440 852 492 911 hoo
510 850 597 933 magis
614 850 754 912 venum?
771 850 824 910 llic
843 862 933 910 autem
984 845 1036 928 γὰρ
1055 848 1239 932 ἀμφοτέρωθεν
1254 851 1364 919 κόλασις
1378 841 1422 926 ἥν,
1441 855 1489 913 αλιι
1503 852 1537 913 ἂν

189 944 378 1021 nihiltaleost,
390 943 439 1004 sed
452 943 600 1004 beatitudo.
611 943 649 1003 Et
659 940 804 1022 quomodo,
818 939 932 1020 inquies,
983 940 1028 999 λον
1042 930 1136 1013 tto„
1158 941 1290 1003 Ἐνταῖθα
1316 941 1437 1004 dato
1461 949 1545 1015 ποιοῦν

189 1037 249 1120 rapi
265 1037 371 1119 potest?
385 1037 491 1119 Projioe
503 1058 535 1097 ea
549 1058 610 1116 quae
622 1056 678 1118 prae
695 1034 822 1096 manibus
839 1032 931 1093 habe.
941 1031 1030 1118 ⁸2¹ttol
1040 1032 1217 1114 μακαρισμός.
1231 1034 1351 1103 Kolonis<
1370 1035 1443 1096 ίστιν
1454 1035 1545 1117 ἃρσόσ

189 1128 368 1189 Donec-euim
379 1128 438 1189 lano
449 1129 579 1206 tenueris,
591 1127 639 1188 illa
659 1148 753 1211 rapere
772 1147 826 1187 non
843 1138 929 1207 potes.
948 1137 968 1182 Δ
983 1124 1031 1203 ψον
1054 1124 1089 1184 et
1099 1126 1163 1185 όντα
1176 1128 1204 1186 ἐν
1216 1125 1317 1208 χερσίν.
1329 1124 1404 1196 Ἕως
1416 1128 1491 1211 ’γὰρ
1503 1127 1536 1187 ἂν

189 1221 284 1301 Cogita
304 1222 398 1282 vuum
416 1235 528 1301 argento
545 1220 638 1303 plenas
656 1240 753 1280 manus
771 1217 930 1295 habentem3
982 1219 1070 1276 ἐκεῖνα
1085 1217 1205 1300 ἁρπάσαι
1219 1221 1249 1281 οὔ
1266 1219 1377 1302 δυνόση.
1389 1219 1545 1295 Ἐννόησον·

188 1336 254 1375 uum
266 1315 365 1397 poterit
376 1315 429 1375 hoo
439 1328 541 1375 retento
554 1335 654 1374 aunum
670 1333 777 1395 rapere,
792 1310 846 1371 nisi
861 1310 933 1371 illud
983 1309 1106 1392 ἀργυρίου
1117 1310 1164 1381 τίς
1176 1321 1268 1393 χεῖρας
1280 1312 1493 1393 πεπληρωμένας
1503 1312 1545 1397 ίχο

186 1407 264 1489 prius
280 1407 404 1489 projiciat
421 1408 449 1467 e't
464 1405 608 1489 expeditus
622 1405 681 1465 sit?
697 1406 844 1487 Raptorem
859 1402 931 1463 euim
982 1423 1071 1477 σιται,
1086 1403 1136 1473 Io<
1156 1402 1187 1464 ἂν
1201 1404 1303 1486 κατόχη
1314 1412 1406 1482 rotro,
1428 1404 1545 1490 όρπόσσι

186 1499 345 1581 expeditum
359 1519 416 1559 osse
430 1511 551 1580 oportet,
565 1518 599 1557 ne
609 1496 765 1556 reducatur.
783 1496 856 1555 Nam
867 1509 931 1554 sunt
981 1493 1018 1574 μὴ
1036 1495 1099 1579 ρίψη
1118 1497 1248 1558 αὐτὸκαὶ
1268 1495 1375 1567 εὔλυπος
1387 1497 1545 1579 γίνηταιςΊ

185 1591 311 1671 quedam
320 1591 482 1653 adversariae
494 1603 706 1671 potestatesque
720 1607 770 1647 nos
783 1584 930 1665 invadunt,
980 1591 1057 1657 ζοντα
1071 1588 1182 1658 εὔζωνον
1193 1580 1262 1651 εἶναι
1280 1592 1334 1667 δεῖ,
1346 1589 1418 1653 ὥστε
1428 1591 1467 1670 μὴ
1481 1615 1545 1653 κατι

186 1682 298 1743 utillud
310 1685 443 1744 auferant.
461 1681 517 1743 Sed
529 1682 668 1762 fugiamus
686 1679 765 1757 illas,
778 1679 930 1760 fugiamus,
980 1681 1032 1763 χλρ
1052 1683 1098 1743 eol
1116 1690 1162 1745 νῦν
1177 1687 1242 1745 εἰσιν
1253 1683 1371 1744 ἐναντίαι
1394 1685 1522 1764 δυνάμεις
1543 1711 1545 1744 ;

185 1766 289 1837 nullam
306 1775 490 1855 relinquamus
509 1774 575 1834 loris
589 1793 694 1843 ausam.
715 1772 805 1832 Funus
827 1769 931 1831 incida·
979 1776 1071 1853 ἡμῶν,
1083 1774 1127 1835 ίνα
1149 1774 1306 1857 ἀφέλωνται.
1322 1776 1403 1837 Ἀλλὰ
1427 1774 1545 1858 ρεόχυιρι

185 1890 246 1929 mus
251 1915 261 1947 ‚
274 1867 344 1930 nudi
353 1867 434 1928 rebus
443 1866 617 1927 saecularibus
626 1865 720 1925 simus.
731 1862 802 1936 Quis
813 1884 877 1924 usus
889 1878 930 1924 est
979 1890 1078 1947 γωμιν,
1093 1867 1225 1947 μηδεμίαν
1240 1868 1425 1949 ἐπισυρόμενοι
1444 1867 1533 1942 Indole

183 1960 335 2029 sericamm,
352 1958 488 2021 vestium?
510 1978 650 2038 quousque
669 1954 715 2016 lais
733 1954 860 2015 ridiculis
877 1953 931 2015 im·
980 1983 1072 2055 ρωρεν
1083 1959 1118 2020 τό
1136 1959 1256 2042 σχοινία,
1273 1960 1368 2041 γυμνοὶ
1384 1959 1545 2042 γενώμεθα·

89 2132 91 2136 Α
182 2054 368 2137 plicabimnr?
381 2073 523 2134 quousque
538 2074 637 2113 aurum
654 2050 842 2113 defodiamus?
857 2050 928 2115 Vel·
979 2051 1029 2120 Τίς
1054 2051 1132 2134 χρεία
1159 2057 1211 2112 τῶν
1234 2057 1350 2134 σηρικῶν
1370 2053 1504 2133 ίματίωνς
1525 2078 1545 2135 ρ

182 2150 306 2210 lemhaec
318 2162 449 2231 perpetuo
464 2146 575 2207 dicendi
591 2146 675 2207 linem
686 2146 777 2207 Iaoere
793 2168 801 2203 ι
819 2143 866 2205 sed
881 2166 929 2206 vos
979 2143 1084 2223 γίλωτα
1094 2148 1187 2214 τοῦςον
1201 2143 1389 2224 όνελίτεομιν,
1402 2144 1484 2228 μέχρι
1503 2146 1545 2207 πό

184 2263 238 2302 nou
246 2241 347 2317 sinitis,
363 2238 432 2299 miti
442 2260 547 2320 semper
558 2259 651 2298 ansam
664 2237 930 2320 prebentesllerum
946 2242 964 2289 Β
979 2235 1187 2319 κατορόττομενς
1206 2236 1373 2316 Ἐὅουλόρην
1391 2238 1545 2301 παύσασθαι

184 2356 256 2396 nuno
267 2333 378 2394 tandem
389 2332 566 2409 absistamus,
580 2346 610 2392 ut
620 2332 745 2414 exemplo
762 2330 830 2391 alios
847 2329 928 2391 insti
979 2330 1036 2391 όιί·
1053 2330 1113 2391 ἀλλ’
1126 2335 1201 2410 ὑμεῖς
1220 2333 1268 2390 οθκ
1280 2333 1354 2403 ltro,
1370 2328 1413 2390 tet
1433 2354 1481 2408 μοι
1493 2354 1545 2415 παρ

182 2442 287 2489 tuentes
297 2425 429 2509 promissa
439 2445 635 2504 consequamur
643 2425 725 2501 bona,
739 2422 825 2505 gratia
838 2437 865 2483 et
877 2423 927 2484 be-
979 2421 1032 2502 μόις
1048 2423 1096 2484 καλ
1109 2422 1253 2490 θποθίσεις.
1276 2422 1357 2483 Ἀλλὰ
1375 2430 1421 2485 νῦν
1442 2427 1545 2504 pou

182 2520 313 2601 nignitate
325 2514 437 2599 Domini
447 2517 532 2576 nostri
543 2520 608 2579 Jesu
617 2514 740 2592 Christi,
752 2537 890 2596 perquem
901 2527 927 2575 et
977 2515 1024 2575 καὶ
1040 2514 1143 2598 ἑτέρους
1157 2512 1202 2575 ut
1214 2520 1261 2574 τοῦ
1274 2514 1331 2592 βίον
1347 2513 1545 2591 παιδεύσαντες,

183 2635 245 2674 cum
265 2633 318 2693 quo
329 2609 405 2671 Patri
419 2607 516 2690 gloria,
533 2608 670 2689 simulque
683 2622 774 2669 aneto
794 2608 924 2691 Spiritui,
977 2606 1179 2689 όπηγγιλμένων
1199 2609 1316 2688 ἀγαθῶν,
1335 2606 1427 2688 χάριτι
1444 2607 1493 2668 καλ
1506 2610 1545 2690 qd

183 2729 255 2771 nune
270 2719 298 2768 et
316 2725 420 2788 semper
437 2715 464 2763 et
481 2703 511 2764 in
526 2704 626 2765 saeida
638 2702 808 2765 annulorum.
829 2706 924 2763 Amen
976 2699 1074 2782 Κυρίου
1093 2703 1171 2779 ἡμῶν
1194 2699 1283 2772 Ἰησοῦ
1301 2698 1436 2781 Χριστοῦ,
1454 2700 1491 2760 δι’
1513 2690 1544 2762 od

975 2797 1014 2875 τῷ
1031 2792 1121 2875 Πατρλ
1135 2798 1153 2866 ἡ
1168 2790 1246 2864 δόξα,
1262 2791 1320 2871 ἅμα
1333 2794 1373 2872 τῷ
1388 2791 1457 2875 ἃχίερ
1471 2792 1545 2854 Πνιθ

976 2885 1034 2963 ἀεὶ,
1047 2883 1093 2944 καλ
1104 2887 1140 2953 ιίς
1153 2882 1214 2954 sol<
1229 2886 1325 2954 αἰῶνας
1336 2887 1389 2945 τῶν
1403 2883 1545 2947 uisitetu’l

213 3100 652 3177 astronomum.

197 3281 1545 3320 m

429 3468 588 3530 Hormus
610 3471 671 3533 tv.
1262 3473 1469 3536 οΜ1Λ1Ανι’.

180 3653 248 3713 Can.
260 3653 337 3714 VIII.
351 3675 381 3714 v.
398 3653 448 3716 ό8.
463 3654 682 3735 Responderunt
702 3674 770 3736 ergo
783 3654 883 3714 Judoet'
896 3665 925 3714 el
973 3662 1163 3742 Ἀπεκρίθησαν
1183 3654 1228 3726 οὖν
1253 3670 1278 3726 σί
1303 3664 1427 3726 Ἰουδαῖοι
1450 3666 1499 3727 καί
1522 3656 1545 3728 al

218 3747 356 3807 όίσσηικι
366 3751 393 3806 ei
406 3772 415 3805 .-
426 3749 532 3807 Nonne
542 3751 614 3807 bene
626 3749 751 3808 dIoinuts
769 3768 833 3824 nos,
850 3750 925 3828 qnia
1012 3756 1101 3822 καλῶς
1119 3756 1230 3836 λέγομεν
1244 3762 1336 3835 ἡμεῖς,
1352 3756 1394 3817 ότι
1411 3758 1545 3839 Σαμαριί

215 3836 422 3898 Samaritanus
453 3860 483 3899 es
521 3852 570 3911 tu,
601 3851 630 3897 et
661 3839 840 3899 demonium
868 3839 957 3898 tar-c
1012 3847 1147 3926 δαιμόνιον
1170 3848 1253 3928 ἔχεις,
1282 3848 1422 3931 Ἀπεκρίθη
1437 3855 1452 3910 θ
1469 3851 1545 3925 ’lnce'

216 3933 264 3992 bes
280 3938 294 3990 Ρ
312 3933 361 3992 t9.
371 3933 533 4013 Respondit
542 3932 629 3992 Iesus
640 3954 650 3988 .·
662 3933 728 4012 Ego
745 3932 922 3991 &monium
1012 3938 1100 4017 μόνιον
1116 3942 1164 4000 οὐκ
1178 3941 1246 4021 όχω,
1262 3939 1330 4001 ἀλλὰ
1343 3945 1414 4019 τιμῶ
1427 3942 1475 4004 τὸν
1489 3944 1545 4022 Ilua

217 4044 277 4084 non
293 4026 397 4099 habeo,
419 4026 471 4085 sed
488 4024 649 4107 honorifico
666 4026 799 4085 Patrem.
1274 4049 1278 4055 ’

213 4216 241 4270 1.
262 4209 410 4292 lmpudeus
422 4211 600 4292 petulansque
611 4223 651 4269 est
663 4209 779 4288 malitia,
788 4231 920 4289 quaecum
1013 4218 1195 4298 Ἀναίσχυνιον
1210 4225 1229 4293 ἡ
1245 4220 1326 4280 κακία
1338 4221 1385 4280 καί
1398 4225 1504 4301 ἰταμὸν,
1524 4248 1545 4285 ιι

172 4304 326 4364 erubescere
340 4302 460 4380 deberet,
476 4303 563 4383 magis
570 4315 763 4385 exasperatur3
779 4305 920 4367 utJudaeis
972 4311 1077 4372 δύεσθαι
1112 4312 1169 4392 δίη,
1183 4311 1243 4373 τότε
1263 4315 1363 4391 μᾶλλον
1390 4319 1545 4399 ἅγριοῖπαι·

172 4417 223 4455 usu
237 4394 320 4456 veuit.
338 4396 408 4455 Cum
424 4396 586 4476 oportuisset
600 4394 673 4454 enlm
692 4415 728 4455 ex
740 4394 820 4455 dittis
840 4418 914 4458 oom·
970 4408 1022 4462 τῶν
1043 4402 1176 4463 Ἰουδαίων
1191 4405 1290 4484 γέγονε.
1304 4406 1368 4467 Δέον
1381 4408 1433 4491 γὰρ
1448 4411 1493 4470 ἐπὶ
1512 4436 1545 4474 το

170 4486 267 4567 pungi,
285 4499 311 4545 et
329 4484 460 4544 admirari
478 4486 620 4562 fiduciam,
637 4487 835 4568 verborumque
853 4512 916 4552 oon·
970 4499 1130 4574 τανυηῆναι,
1146 4496 1391 4573 θαυμάσανταςτλν
1408 4502 1545 4581 παρρησία

169 4575 346 4654 sequentiam,
362 4576 456 4636 Iesum
477 4575 645 4636 contumeliis
657 4577 806 4656 inoessunt,
820 4581 915 4640 Sama-
970 4587 1115 4666 είρημίνων
1133 4588 1300 4649 ἀκολουθίαν·
1314 4594 1339 4649 οἱ
1351 4591 1436 4652 δὲκαὶ
1451 4594 1545 4677 θθρίζο

169 4667 342 4746 titanumque
356 4687 388 4726 ao
406 4664 605 4727 daemoniacum
619 4682 732 4741 vocant,
748 4670 914 4752 dicuntque:
968 4702 1017 4751 την
1028 4681 1167 4748 καλοῦντες
1186 4680 1232 4741 καλ
1251 4682 1418 4760 δαιμονῶντα
1437 4685 1545 4767 λόχον-σι

169 4764 277 4824 Nonne
288 4762 359 4818 bene
369 4758 507 4829 ditt'mttS,
527 4762 599 4839 quia
612 4759 816 4822 Samritanits
827 4785 857 4824 es
870 4779 912 4840 tu,
933 4769 952 4814 ὓ
968 4770 1039 4851 Οὐχί
1063 4774 1149 4840 καλῶς
1173 4771 1307 4851 ἐλέγομεν,
1330 4774 1372 4834 ότι
1400 4777 1545 4860 Σαμαρείτ

167 4869 197 4917 et
224 4852 401 4913 demonium
423 4848 532 4908 labes?
553 4849 670 4921 Quando
700 4852 773 4912 enim
797 4855 915 4917 sublime
968 4863 1102 4941 δαιμόνιον
1117 4863 1201 4944 ἔχεις,
1222 4861 1310 4925 Ὅταν
1325 4863 1378 4948 γὰρ
1391 4868 1494 4947 θψηλόν
1511 4894 1541 4930 τι

165 4944 308 5029 quidpiam
319 4938 438 5015 dicebat,
454 4938 484 4998 id
496 4940 637 5000 luroreese
650 4941 686 5000 ab
699 4941 841 5005 insensatis
852 4949 912 5010 exi-
965 4961 1041 5014 τοῦτο
1054 4957 1124 5015 δοκεῖ
1137 4955 1212 5037 παρὰ
1226 4966 1281 5026 τοῖς
1296 4958 1357 5018 λίαν
1372 4961 1545 5036 ἀναισθήτοις

163 5039 334 5104 stimahutur.
356 5030 438 5113 Atqui
451 5052 585 5110 nusquam
603 5035 767 5114 evangeliste
784 5040 910 5100 antedi·
965 5070 995 5125 γε
1007 5047 1123 5124 οθδαμοῦ
1134 5052 1148 5106 θ
1161 5049 1350 5128 εὐαγγελισσλς
1366 5042 1438 5112 εἶπεν
1451 5051 1545 5137 {propo

162 5132 203 5192 xit
221 5133 313 5213 ipsum
325 5122 526 5188 Samaritanum
544 5124 712 5205 appellatum
723 5127 824 5204 fuisse3
843 5131 907 5192 hino
965 5137 1093 5218 μαριίτην
1109 5140 1252 5201 ἐκάλεσαν·
1267 5145 1325 5203 ἀλλ’
1336 5144 1406 5213 εἰκός
1418 5149 1451 5207 ἐκ
1464 5154 1516 5224 τῆς
1533 5157 1545 5236 η

160 5234 249 5282 tamen
267 5215 399 5281 credibile
416 5228 456 5274 est
472 5213 564 5296 ipsum
580 5234 650 5295 saepe
663 5214 715 5277 ltoe
733 5218 842 5282 nornine
855 5244 907 5283 νο·
963 5230 1091 5298 πολλάκις
1104 5236 1168 5313 παρ’
1181 5235 1267 5294 αὐτῶν
1277 5238 1398 5316 εἰρῆσθαι
1409 5246 1500 5303 ποῦσα
1518 5248 1545 5306 Δ
