3750 5940
49 479 55 500 .
84 448 215 501 cxxxv.
243 426 288 502 al.
314 448 458 503 mxiv.
491 527 496 537 .
565 383 568 390 -
773 427 843 528 577

49 621 52 647 ‚
103 574 194 636 dolere
206 591 233 637 et
253 576 434 658 patrocinium
446 594 571 654 quarm
592 574 654 656 jure
671 573 748 635 illam
763 575 846 637 disci·

49 715 52 739 ‚
104 669 169 748 pulo
190 668 274 729 tradit
294 669 387 728 dicens
400 692 407 725 ε
422 670 472 729 at.
496 670 574 727 Eece
590 680 685 728 mater
698 681 761 728 tua.
781 669 846 729 Hac

49 784 51 799 ·
67 773 87 820 1)
103 784 183 843 porro
202 762 321 839 dicebat,
334 764 405 843 ipsos
429 777 524 822 mutuo
539 761 702 841 conjungens
726 783 818 823 amore
835 786 843 820 ε

49 880 54 923 ς
104 855 177 933 quod
199 877 262 915 eum
285 855 445 935 intelligeret
459 853 619 935 discipulus,
634 854 721 934 ipsam
746 854 774 914 in
796 876 845 915 sua

49 972 53 1006 t
104 950 214 1031 accepit.
229 950 286 1008 Cur
296 963 387 1010 autem
399 948 504 1008 nullam
517 948 599 1007 aliam
611 949 772 1010 memoravit
784 970 846 1008 mu·

49 1065 53 1099 r
103 1043 207 1119 lierem,
219 1041 282 1101 licet
294 1042 348 1101 alia
359 1062 468 1120 quoque
477 1039 615 1100 adstaret?
629 1042 667 1101 Ut
679 1061 728 1100 nos
740 1039 848 1103 doceret

49 1157 53 1199 ;
103 1134 165 1215 plus
181 1133 353 1194 tribuendum
377 1133 510 1194 matribus
522 1154 588 1193 esse.
607 1135 646 1194 Ut
667 1133 741 1193 enim
752 1155 848 1215 paren-

48 1259 53 1270 ·
102 1241 152 1297 tes,
175 1247 237 1285 cum
257 1226 408 1308 spiritualia
430 1227 593 1309 impediunt,
613 1248 647 1286 ne
666 1227 846 1308 cognoscendi

103 1319 211 1398 quidem
222 1333 284 1380 sunt
300 1343 307 1377 ε
326 1319 366 1380 sie
380 1341 443 1379 eum
452 1342 505 1381 non
516 1343 547 1381 ea
558 1320 694 1398 cohibent,
709 1342 787 1382 omne
799 1319 848 1382 de·

49 1435 54 1478 ;
102 1412 672 1498 bitumestipsispraestandnm‚etaliissunt
685 1428 848 1497 anteponen-

49 1535 53 1544 ·
102 1504 140 1581 di,
155 1505 218 1583 quia
229 1527 278 1565 nos
289 1517 450 1585 genuerunt,
465 1505 625 1583 educarunt,
638 1505 765 1587 milleque
776 1507 848 1567 mala

49 1617 52 1640 t
103 1598 252 1657 subierunt.
269 1598 315 1657 Sic
335 1598 481 1658 Marcionis
501 1597 697 1679 impudentiam
714 1599 846 1682 reprimit.
856 1630 954 1676 naraon
964 1633 1000 1676 g,

49 1721 53 1731 ·
103 1690 132 1750 Si
152 1690 224 1749 enim
244 1690 392 1749 secundum
412 1711 519 1749 carnem
533 1704 611 1749 natus
632 1711 685 1750 non
704 1704 785 1766 esset,
798 1694 999 1751 „wattincurt-

49 1796 85 1844 ,Ε
103 1797 216 1843 matrem
238 1783 360 1859 haberet,
385 1803 435 1841 eur
457 1796 560 1842 tantam
578 1782 613 1842 de
630 1783 677 1843 illa
699 1783 756 1842 sola
778 1783 847 1864 gerit
856 1765 944 1862 iffi„
954 1772 1000 1861 {ff

49 1919 50 1928 ,
101 1896 193 1933 curam
205 1875 219 1933 ,⁹
233 1875 284 1936 28.
298 1878 407 1934 Postea
418 1878 512 1933 sciens
523 1877 621 1947 lesus,
636 1878 847 1956 quoniamp'arn
856 1882 889 1924 ri·
922 1889 1000 1925 aarum

49 2000 50 2014 .
100 1972 200 2026 omnia
212 1979 415 2026 consummata
428 1979 508 2036 sunt;
516 1965 603 2044 idest,
611 1966 683 2045 quod
697 1967 768 2027 nihil
777 1988 847 2029 oeco-
856 1957 912 1989 ‘⁸⁸²'

100 2059 195 2119 nomiae
209 2059 478 2138 desit.Ubiqueeuim
488 2058 624 2138 satagebat
632 2059 848 2120 ostenderehanc

100 2176 199 2214 novam
212 2175 268 2213 esse
282 2165 412 2212 mortem:
426 2151 561 2231 siquidem
582 2152 611 2211 in
633 2165 765 2233 potestate
785 2174 846 2213 mo-

101 2247 193 2306 rientis
207 2247 259 2306 sita
270 2245 360 2304 omnia
375 2259 459 2320 erant,
475 2244 646 2325 nequeprius
657 2267 731 2307 mors
740 2248 848 2328 corpori

49 2383 50 2388 κ
100 2338 219 2414 advenit,
240 2359 322 2418 quam
337 2337 396 2418 ipse
420 2335 526 2399 vellet:
550 2336 658 2397 volebat
671 2352 762 2399 autem
784 2361 848 2399 cum

56 2431 190 2519 menania
204 2431 347 2512 implesset.
361 2428 425 2488 ldeo
448 2429 573 2488 dicebat:
588 2430 771 2490 Potestatern
789 2433 845 2491 lsa-
855 2466 924 2511 toan.
945 2476 981 2512 ,0,

49 2555 50 2561 .
66 2541 86 2582 a
101 2529 153 2584 beo
160 2525 289 2605 ponendi
299 2526 431 2582 animam
444 2542 551 2594 meam,
562 2535 590 2581 et
599 2536 775 2602 potestatem
790 2526 845 2584 lra-
860 2527 896 2577 18-

49 2648 50 2654 .
101 2622 152 2676 beo
173 2622 278 2677 iterum
303 2617 438 2676 sumendi
448 2636 522 2673 earn.
546 2614 639 2674 Sciens
664 2637 728 2697 ergo
756 2617 847 2678 omnia

49 2732 51 2760 ι
101 2723 293 2780 consummata,
314 2707 363 2781 ait,
383 2707 466 2766 Sitia.
483 2706 535 2765 Hic
553 2728 663 2765 rursum
677 2708 848 2788 prophetiam

49 2820 51 2841 t
100 2803 251 2883 implet.Tu
266 2822 330 2861 vero
341 2800 408 2858 mihi
418 2799 553 2880 perpende
566 2800 725 2858 sceleratum
735 2799 846 2860 adstan-

49 2924 51 2932 >
100 2896 169 2954 tium
179 2895 311 2953 animum.
326 2892 441 2951 Etiamsi
453 2891 525 2951 enim
535 2891 690 2951 innumeros
700 2891 848 2954 habeamus

49 3031 50 3039 .
100 2988 233 3064 inimicos,
250 3002 276 3047 et
289 2985 470 3046 intolerabilia
489 2985 525 3044 ab
549 2985 587 3045 eis
609 2985 727 3066 perpessi
748 2985 846 3065 simus,

100 3081 208 3161 qnando
228 3079 353 3139 videmus
381 3100 426 3138 eos
449 3077 563 3137 interfici
574 3124 584 3156 ‚
613 3078 791 3158 plangimus:
815 3080 846 3139 hi

98 3195 225 3234 veronen
237 3173 301 3232 llexi
320 3185 382 3232 sunt
395 3192 457 3251 erga
473 3170 562 3248 illum,
579 3191 664 3250 neque
674 3169 719 3229 his
734 3192 846 3252 conspe·

98 3265 148 3324 ctis
168 3265 287 3324 mitiores
305 3263 369 3322 sacti
388 3277 467 3341 sunt;
483 3261 529 3321 sed
545 3262 632 3340 magis
655 3261 845 3341 efferabantur,
895 3320 900 3329 ,

98 3372 124 3417 et
138 3358 288 3417 irrisionem
311 3356 454 3436 augebant,
468 3355 496 3413 in
518 3354 630 3436 spongia
649 3355 790 3414 offerentes
803 3354 846 3414 illi

97 3466 224 3511 acetum·
252 3451 291 3509 sic
314 3450 356 3509 illi
378 3464 473 3530 potum
499 3447 642 3523 dederunt,
657 3461 688 3507 ut
711 3448 847 3510 damnatis

98 3543 263 3623 porrigitur:
280 3564 342 3601 uam
355 3542 491 3623 hyssopus
504 3541 564 3601 ideo
575 3542 697 3602 offertur.
710 3544 757 3603 50.
771 3545 847 3604 Cum

64 3641 255 3715 Baccepisset
277 3648 376 3693 antem
398 3635 475 3693 dixit
485 3679 495 3706 ,
526 3635 769 3694 Consummatum
790 3649 845 3695 est.

98 3727 230 3789 Vidistin'
252 3748 313 3786 eum
328 3725 556 3807 imperturbatum
575 3748 637 3785 cum
648 3740 779 3807 potestate
788 3726 848 3787 liae

98 3820 201 3896 sacere;
227 3819 301 3897 quod
324 3840 358 3877 ex
388 3818 563 3896 sequentihus
589 3817 749 3877 ostenditur.
776 3819 847 3879 Cum

97 3910 169 3969 enim
210 3909 299 3969 omnia
330 3922 515 3967 consummata
553 3922 669 3985 essent,
695 3910 847 3970 Inclinato

97 4008 192 4082 eapite
204 4006 213 4077 (
223 4023 275 4061 noa
291 4001 362 4059 enim
377 3999 446 4059 illud
458 4000 543 4060 clavis
555 4015 612 4059 erat
623 4000 769 4078 affixum),
781 4015 843 4061 tra-

97 4096 172 4152 didit
195 4098 340 4173 spiritam,
361 4092 413 4151 hoc
428 4105 485 4167 est,
504 4091 664 4171 exspiravit.
688 4092 773 4170 atqui
791 4114 844 4154 nou

98 4199 157 4266 post
171 4185 331 4244 inclinatum
353 4197 434 4264 eaput
450 4182 604 4263 exspiratur
609 4206 618 4260 3
632 4182 678 4242 hie
703 4205 768 4243 vero
782 4205 845 4245 oon-

97 4278 211 4336 trarium
226 4276 352 4335 efficitur.
367 4277 426 4334 Non
442 4287 584 4355 postquam
597 4275 781 4355 exspiraverat
801 4299 845 4336 ca-

97 4385 146 4450 put
160 4370 309 4444 inelinavit,
321 4382 351 4426 ut
376 4368 450 4449 apud
463 4388 511 4426 nes
529 4367 588 4425 fieri
610 4367 693 4445 solet;
709 4366 756 4428 sed
770 4383 845 4450 post·

97 4484 180 4541 quam
203 4463 388 4533 inclinaverat,
409 4459 568 4542 exspiravit.
595 4459 703 4532 Quibus
717 4462 845 4523 omnibus

96 4555 246 4617 declaravit
265 4553 440 4634 evangelista,
464 4552 554 4633 ipsum
575 4552 765 4615 universorum
789 4576 846 4616 esse

98 4647 257 4706 Dominum.

60 4762 79 4809 C
137 4757 167 4813 5.
191 4755 226 4812 lt
249 4751 338 4814 ludaei
358 4772 478 4828 rursum,
491 4749 538 4828 qui
559 4749 691 4810 camelum
713 4750 939 4832 deglutio-Maur.
952 4749 994 4808 23.

95 4847 161 4906 bant
172 4861 198 4905 et
210 4845 325 4905 culicem
342 4844 512 4919 excolahaut‚
523 4856 627 4903 tantum
646 4844 798 4925 eclanensi,
810 4845 844 4905 de
852 4821 891 4878 ’ξ’

95 4940 141 5000 die
169 4937 330 4998 consultant.
351 4937 401 4996 at.
428 4937 506 5013 Quia
526 4937 692 4994 Parascere
720 4950 793 5009 erat,
811 4949 843 4995 nt

96 5055 155 5092 non
166 5042 349 5090 remanerent
364 5031 398 5086 in
416 5048 502 5086 cruce
518 5048 651 5107 corpora,
667 5042 843 5107 rogaverunt

95 5127 239 5193 Pilatum,
254 5135 286 5182 ut
300 5123 510 5201 frangerentur
521 5140 620 5179 eorum
635 5140 730 5179 ernrn.
740 5119 841 5181 Vidcn’

94 5241 174 5298 qnam
200 5217 276 5276 sortis
299 5214 332 5275 sit
354 5195 534 5275 veritasiler
558 5211 646 5273 studia
665 5233 757 5272 eorum
780 5234 843 5295 pro·
