3750 5940
175 433 245 480 210
510 426 541 476 S·
566 425 703 477 101111118
727 425 910 478 enormen.
938 441 945 474 1

173 576 254 633 aqua,
270 573 324 613 non
339 551 453 613 bibituri
473 551 495 612 si
511 550 593 611 aliam
605 549 744 610 meliorem
752 548 920 610 habuissent.

173 647 218 705 Ex
227 647 278 707 hac
287 646 372 727 igitur
386 665 435 705 nec
450 658 480 704 tu
491 644 590 726 poteris
603 643 669 704 dare
677 668 687 723 3
700 643 782 704 aliam
791 663 855 706 vero
865 664 920 702 me·

171 737 267 799 liorem
283 738 382 798 babere
399 758 451 799 non
463 750 549 820 potes,
564 736 617 797 nisi
632 751 659 797 te
673 737 775 799 Jacobo
790 737 920 817 majorem
935 752 945 799 1

171 831 331 912 profitearis.
340 830 420 893 Unde
430 832 515 912 igitur
523 852 606 910 quam
613 844 639 890 tc
648 829 776 890 daturum
783 828 920 910 polliceris

171 945 269 1003 aquam
282 924 381 984 babere
393 923 499 1006 possis?
510 927 545 982 111
554 921 643 984 Judaei
654 942 706 993 non
717 936 772 982 tam
784 921 845 981 miti
856 942 919 981 cum

170 1016 220 1076 illo
238 1038 361 1078 sermone
375 1031 499 1092 utuntur,
515 1037 579 1077 cum
597 1016 691 1077 eadem
704 1014 739 1076 de
752 1037 781 1075 re
797 1015 918 1094 loquere-

172 1121 228 1183 tur,
239 1110 359 1190 ejusdem
371 1131 448 1190 aque
462 1109 598 1169 mentione
612 1109 683 1169 sacta
694 1133 701 1168 ε
711 1107 759 1169 sed
772 1108 842 1168 nihil
853 1108 917 1167 binc

170 1197 242 1259 lucri
252 1201 409 1310 consequuti
422 1215 495 1262 sunt.
507 1200 624 1273 Quando
634 1215 725 1261 autem
733 1200 849 1260 Abrabae
860 1221 917 1259 me·

42 1319 106 1362 Sem
107 1321 159 1363 rita-
170 1296 259 1375 minit,
272 1298 362 1380 ipsum
376 1297 539 1381 lapidibus
531 1312 659 1379 impetere
672 1296 761 1358 conati
770 1309 842 1356 sunt.
854 1298 915 1359 Ve-

17 1396 50 1424 ¹¹²
95 1380 157 1427 ⁰¹³⁸0·
135 1398 231 1448 ο11111
240 1411 292 1450 non
301 1390 339 1450 ita
350 1390 447 1450 mulier
455 1411 518 1450 cum
526 1389 654 1470 illoagi13
646 1387 783 1449 ·scdcum
792 1407 915 1448 mansue·

34 1445 117 1488 Μ’
168 1481 289 1542 tudine
281 1503 309 1542 m
320 1495 394 1542 tanto
415 1495 492 1558 estu,
504 1481 532 1540 in
541 1480 667 1560 meridie,
676 1479 766 1540 omnia
783 1477 916 1560 patienter

167 1574 315 1635 admodum
327 1589 354 1635 et
368 1574 437 1635 dicit
449 1588 476 1635 et
488 1573 573 1649 audit,
585 1587 610 1632 et
624 1572 694 1634 nibil
707 1591 802 1632 eorum
815 1570 915 1650 cogitat

166 1688 228 1745 quae
246 1667 336 1731 Judrei
351 1666 536 1729 verisimiliter
548 1665 718 1742 dixissent,'
710 1685 801 1747 ipsum
819 1683 915 1745 nempe

165 1759 290 1820 insanam
304 1773 331 1821 et
346 1773 436 1819 mente
455 1772 566 1840 captum
582 1778 649 1835 esse,
661 1757 710 1837 qui
731 1778 759 1820 sc
773 1755 913 1816 deluderet

165 1852 236 1912 eirca
252 1853 352 1913 sontem
367 1866 395 1912 et
406 1864 527 1933 puteum,
539 1871 588 1912 nec
604 1848 754 1930 quidquam
765 1861 945 1930 praestaretc

163 1944 211 2005 sed
224 1945 406 2026 jactabundus
420 1944 584 2024 loqueretur.
594 1943 647 2003 Illa
660 1964 725 2004 vero
740 1961 912 2024 perseveran-

163 2049 204 2096 ter
214 2038 358 2115 auscultat,
370 2036 438 2096 dum
452 2034 525 2116 quod
536 2034 635 2115 quaerit
644 2034 775 2096 inveniat.

203 2137 231 2196 5.
252 2137 283 2197 Si
296 2157 360 2198 vero
378 2136 477 2197 mulier
487 2137 655 2197 Samaritana
673 2149 779 2196 tannim
797 2135 911 2195 adhibet

162 2222 294 2298 studium,
308 2223 417 2305 utquid
431 2225 499 2284 utile
513 2224 625 2300 ediscat,
637 2239 663 2284 et
677 2224 786 2284 Christo
799 2221 909 2297 assidet,

162 2315 266 2375 etiamsi
280 2316 359 2400 illum
373 2337 426 2376 non
439 2329 550 2393 noscat,
563 2337 646 2396 quam
659 2337 707 2377 nos
726 2316 834 2378 veniam
846 2334 907 2374 cou-

161 2427 312 2486 sequemur‚
324 2407 371 2487 qui
386 2409 476 2489 ipsum
488 2407 624 2482 novimus,
638 2408 686 2486 qui
699 2429 752 2468 non
765 2430 840 2471 secus
854 2434 907 2493 pu·

159 2513 243 2575 teum,
259 2522 311 2561 non
323 2502 350 2561 in
364 2501 469 2562 deserto
482 2517 595 2574 stamus,
608 2522 661 2562 non
676 2503 705 2562 in
717 2503 840 2581 meridie,
852 2526 906 2566 non

158 2590 249 2652 adusti
259 2592 392 2652 solaribus
411 2593 514 2672 radiis;
527 2591 574 2653 sed
589 2594 641 2652 sub
657 2614 773 2672 aurora,
792 2597 844 2656 sub
854 2597 907 2658 boe

158 2697 227 2743 tecto
240 2685 337 2744 umbra
359 2685 477 2745 fruimur
496 2699 523 2745 et
535 2685 654 2747 suaviter
674 2687 797 2766 agimus,
821 2708 906 2769 noque

157 2775 289 2856 patienter
307 2777 434 2837 aodimus
449 2777 606 2859 quidpiam,
623 2776 671 2838 sed
690 2778 794 2839 desidia
815 2794 941 2863 torpe-n

157 2867 240 2926 mus?
261 2869 321 2928 Non
341 2869 381 2928 sic
404 2868 452 2928 illa
462 2893 472 2948 ;
494 2868 599 2930 sedita
619 2868 701 2930 dictis
722 2871 852 2950 attendit,
875 2887 906 2934 111

157 2957 238 3019 etiam
256 2959 325 3020 alios
343 2958 466 3021 advocet.
482 2958 573 3028 Judai
591 2981 656 3023 vero
673 2982 727 3023 non
746 2964 829 3025 modo
850 2986 905 3025 non

157 3051 344 3131 advocabant,
359 3055 408 3114 ted
427 3053 508 3114 etiam
529 3075 574 3114 eos
590 3076 638 3134 qur
630 3054 782 3116 accedere
806 3058 905 3119 vellent

6 3160 147 3222 lapte
158 3144 361 3227 impediebant·
351 3191 362 3224 ,
385 3147 561 3225 quamobrem
580 3146 731 3208 dicebant·
724 3152 831 3210 ·Num
848 3153 905 3212 ali·

6 3175 222 3317 99111111
239 3241 466 3318 exprincipibus
483 3240 603 3297 credit
591 3261 624 3296 111
644 3246 731 3299 eum?
745 3243 802 3301 Sed
817 3246 904 3303 turbu

158 3330 221 3388 boec
240 3349 305 3409 quoe
326 3349 386 3387 non
407 3332 487 3387 novit
516 3330 624 3409 legem,
650 3331 800 3392 maledicti
821 3347 900 3394 sunt.

157 3419 299 3478 Imitemur
315 3439 379 3498 ergo
402 3418 618 3478 Samaritauam:
634 3419 820 3499 colloquamur
840 3445 903 3483 cum

157 3510 275 3571 Christo.
293 3513 364 3571 Nam
377 3530 449 3570 nunc
463 3509 545 3569 etiam
558 3510 586 3568 in
600 3509 689 3570 medio
701 3526 822 3573 nostrum
838 3531 901 3593 stat,

156 3624 205 3685 per
217 3604 372 3686 propbetas,
388 3625 438 3685 per
452 3601 601 3684 discipulos
620 3624 669 3664 nos
680 3604 829 3684 alloquens.
848 3614 903 3669 lu-

156 3695 265 3756 diamus
276 3716 341 3777 ergo
354 3710 380 3756 et
397 3696 619 3778 obtemperemus.
634 3698 782 3778 Usquequo
803 3702 902 3763 frustra

156 3801 182 3847 et
192 3787 324 3850 inutiliter
332 3788 478 3851 vivemus?
488 3791 558 3849 Nam
568 3788 616 3848 illa
626 3809 704 3869 agere
713 3813 773 3870 quae
785 3794 842 3855 Deo
849 3817 901 3856 non

156 3882 281 3960 placent,
301 3882 373 3943 illud
385 3895 425 3942 est
437 3881 570 3941 inutiliter
581 3882 689 3959 vivere3
707 3884 763 3945 imo
776 3907 829 3947 non
844 3902 902 3948 tan-
916 3894 937 3944 B

156 3989 215 4035 tum
227 3975 371 4052 inutiliter,
389 3973 437 4034 sed
454 3975 484 4033 iu
497 3973 637 4035 damnum.
653 3976 724 4036 Cum
739 3978 811 4039 enim
824 3981 902 4041 nobis

155 4068 249 4128 datum
261 4081 366 4149 tempus
379 4066 511 4127 inutiliter
521 4089 631 4149 prorsus
641 4070 901 4151 impendimusbine

152 4160 335 4262 migrabimus
347 4173 481 4220 extremas
490 4157 581 4219 daturi
592 4181 684 4262 poenas
695 4161 828 4223 inutiliter
839 4186 901 4224 con-

156 4250 238 4308 sumti
252 4252 390 4355 temporis
406 4251 504 4309 Cum
496 4271 520 4311 rs
551 4250 600 4329 qui
627 4252 754 4332 pecunias
766 4253 816 4313 ad
809 4275 901 4334 nego-

157 4340 280 4400 tiandum
291 4343 400 4444 recepit,
414 4356 440 4402 et
453 4364 497 4402 eas
510 4343 636 4402 insumsit
648 4357 676 4403 et
688 4343 838 4417 devoravit,
852 4370 945 4432 111-183

155 4430 255 4490 tionem
275 4431 298 4490 ei
318 4453 366 4511 qur
358 4433 433 4491 sibi
453 4433 569 4494 credidit
589 4433 704 4495 daturus
717 4436 771 4495 sit.
788 4437 812 4496 is
831 4454 902 4499 certe
918 4450 937 4495 Α

154 4543 202 4600 qur
194 4521 283 4581 banc
296 4523 381 4582 vitam
395 4524 527 4584 inutiliter
535 4525 681 4607 impendit,
691 4548 746 4587 non
756 4528 900 4611 eritasup-

154 4613 237 4694 plicio
250 4613 329 4673 liber.
350 4615 411 4674 Non
432 4615 492 4675 ideo
515 4637 563 4676 nos
584 4618 710 4678 Deusin
729 4619 900 4683 1111111111]

153 4704 286 4785 protulit,
299 4705 469 4784 animamque
486 4706 582 4782 dedit,
597 4723 627 4768 ut
646 4710 768 4790 prasenti
791 4726 896 4773 tantum

154 4799 276 4857 fruamur
292 4797 361 4875 vita,
375 4796 423 4856 sed
438 4811 469 4856 ut
484 4820 533 4879 pro
546 4801 637 4860 lutura
654 4801 710 4863 vita
720 4805 894 4882 negotiemur.

152 4889 237 4949 Bruta
250 4889 373 4970 praesenti
387 4901 492 4948 tantum
505 4889 567 4948 vitae
581 4892 642 4951 usui
655 4908 736 4971 sunt,
748 4915 795 4954 nos
805 4912 895 4956 autem

185 5070 199 5108 b
214 5064 325 5131 Quidam
337 5069 427 5123 11111111-
435 5064 526 5130 [Supra
534 5063 609 5117 Savil.
620 5077 645 5117 et
654 5065 737 5126 Codd.
747 5072 828 5121 nostri
838 5080 910 5126 111111

151 5171 175 5213 γε
187 5148 242 5212 iro]

184 5234 193 5257 ·
205 5224 318 5287 Quidam
329 5234 482 5282 ἀποινοῦντις.

183 5301 376 5356 ἀ1111111111111
397 5299 474 5353 Paulo
494 5312 551 5367 post
575 5301 678 5368 quidam
700 5304 758 5358 liss,
780 5315 906 5361 tm’mem
