3750 5940
616 423 649 468 ut
674 422 803 470 Pascua
829 422 864 468 V.

61 556 69 606 l
83 544 256 626 φαινόμενον,
271 544 364 602 ταύτὸν
375 541 402 601 δί
415 541 484 601 κατὰ
495 542 538 601 τόν
553 543 723 623 ὑποκείμενον

1459 400 1528 493 947

777 544 868 622 imago
882 541 1054 619 umbratilis,
1068 540 1187 621 idipsum
1197 540 1318 614 veroid,
1333 542 1408 620 quud
1421 563 1470 623 per
1482 565 1529 602 co-

61 623 155 702 ιίιμασι
175 626 343 703 χαρακτῆρα.
374 621 474 681 Σκόπει
498 622 529 695 δή
550 647 595 699 μοι
614 623 657 683 διὰ
670 628 723 682 τῶν
742 634 760 681 n
778 623 848 684 lores
867 635 1080 705 representatur.
1098 623 1149 681 Per
1166 621 1276 680 umbras
1294 641 1358 700 ergo
1373 643 1434 682 vera
1459 623 1528 684 mihi

61 703 84 764 :d
102 702 229 774 ἀληθινά,
251 702 296 761 καί
310 701 402 782 θεώρει
417 701 461 761 διά
474 700 563 761 τύπων
578 701 612 761 τά
625 704 723 775 δηλού-

61 783 91 842 ‚ul
104 788 134 843 ἐκ
145 788 198 841 τῶν
212 786 313 864 μικρῶν
325 783 389 864 πρὸς
400 781 434 841 τὰ
447 782 549 862 μεγαλα
563 781 667 864 πρόϊθι·
680 781 725 840 καί

79 864 141 943 περὶ
155 866 205 941 γῆν
224 860 382 941 ἀπομείνῃς,
406 862 551 942 ἐλευθερίας
570 861 656 929 ἔθνους
670 862 726 928 ἑνδς

61 943 80 1002 :b
91 941 233 1023 τυράννου,
253 942 299 999 καί
313 941 445 1019 σωτηρίας
457 941 570 999 παιδίων
583 945 630 1012 τῆς
644 963 725 1022 προσ·

61 1063 67 1092 ,
87 1024 133 1080 καί
153 1020 287 1099 μετοικίας
297 1025 345 1093 τῆς
356 1019 409 1079 ἀπὸ
423 1025 471 1098 γῆς
485 1024 521 1086 εἰς
533 1025 582 1098 γῆν
599 1022 726 1079 ἐπιτελῶν

64 1125 145 1179 ματα.
167 1099 237 1160 Οὐδὲ
257 1099 309 1179 γάρ
327 1100 374 1166 τὰς
389 1098 526 1170 Ἑλλήνων
540 1097 632 1181 ἑορτδις
652 1099 725 1179 εύρή·

61 1181 102 1240 ίνυ
123 1205 150 1237 τι
162 1184 215 1238 τῶν
236 1178 358 1256 τοιούτων
379 1177 553 1258 ἀφεστηκυίας
568 1179 726 1256 ὑπομνημά-

61 1260 203 1338 Ι,ομτοίζουσι
213 1259 264 1338 γάρ
274 1283 316 1318 τοι
328 1257 372 1317 καί
383 1260 475 1318 ἐκεῖνοι
486 1256 567 1316 νόσων
579 1258 725 1338 ἀποφυγὰς,

61 1338 173 1398 αννίδων
185 1340 272 1396 ἐλευθε
299 1336 375 1408 ’σεις,
391 1337 513 1404 ἀποικίας
523 1361 550 1397 τε
566 1338 611 1397 καί
624 1337 727 1398 πόλεων

61 1459 66 1487 ,
77 1417 124 1476 καί
134 1417 208 1484 νίκας
217 1419 269 1476 πολ
285 1440 350 1494 μων,
361 1416 407 1476 καί
418 1416 452 1476 τὰ
464 1425 581 1490 τοιαῦτα,
592 1416 728 1497 dous-ilua

61 1496 185 1578 ρόοιιαιρα
211 1495 391 1573 λαμόάνοντες
414 1501 449 1563 εἰς
473 1496 594 1556 ὑπόθεσιν
617 1500 726 1575 ἑορτῶν.

61 1574 83 1634 ,ἀ
104 1575 207 1654 μεγάλα
230 1581 379 1653 μνησθῆναι
401 1577 456 1649 δεῖ,
470 1577 504 1636 τά
518 1581 575 1634 θεῖα
589 1575 634 1635 καί
648 1577 728 1643 όντως

61 1659 138 1735 Ιῶρα,
160 1655 204 1712 καί
226 1655 345 1732 μεγάλην
364 1655 413 1727 τὴν
433 1654 540 1714 αἰωνίαν
564 1655 727 1736 ἑορτάζουσιν

61 1782 63 1797 .
76 1735 244 1812 ἐλευθέρωσιν
257 1739 287 1793 ἐκ
300 1735 430 1812 δαιμόνων
446 1734 631 1812 ἀντικειμένων
650 1735 728 1792 πολε·

61 1837 80 1871 ιν
98 1813 162 1893 πρὸς
175 1812 206 1871 τὸ
224 1812 333 1892 ἀγαθὸν,
353 1815 517 1894 ἀφελκόντων
532 1812 585 1873 ἀπὸ
596 1819 642 1885 τῆς
658 1817 727 1873 Θεοῦ

60 1891 106 1959 ίας,
120 1892 252 1970 σωτηρίαν
266 1896 296 1951 οὐ
308 1893 372 1973 πρὸς
384 1893 484 1974 βραχύν
496 1917 555 1952 τινα
570 1891 643 1970 βίον,
659 1893 728 1952 ἀλλά

61 1971 144 2031 ίωνίαν
160 1971 303 2049 διαμονὴν,
323 1973 457 2051 μετοικίαν
472 1973 525 2032 ἀπὸ
537 1977 585 2052 γῆς
598 1975 634 2039 εἰς
649 1975 726 2051 ούρα-

61 2050 86 2109 τά
106 2050 153 2122 τὴν
175 2058 310 2131 παροῦσαν
333 2052 477 2125 πολιτείαν,
497 2051 541 2111 καὶ
563 2054 599 2118 εἰς
620 2049 728 2109 αἰωνίαν

79 2129 147 2188 κατὰ
168 2128 216 2202 τὴν
240 2129 385 2207 μελλουσιιν
407 2131 559 2190 ἀνάστασιν.
598 2130 729 2209 Αἴγυπτος
746 2139 764 2184 C
783 2132 1013 2192 resurrectionem.
1040 2129 1176 2210 AEgyptus
1198 2128 1314 2186 vexabat

61 2236 62 2248 ι
75 2208 215 2276 Ἰουδαίους
229 2210 375 2289 ελευθέρους
387 2211 463 2277 ὄντας
474 2213 504 2270 ἐκ
515 2209 651 2292 πατέρων,
665 2213 728 2270 ὓπο-

62 2313 79 2346 α
90 2282 208 2354 δουλείας
222 2292 309 2367 ζυγῷ,
323 2292 503 2369 πλινθουργεῖν
517 2289 563 2348 καί
576 2289 665 2356 πόλεις
682 2313 729 2347 κα-

62 2368 132 2435 τίζειν
155 2368 349 2446 ἀναγκάζουσα.
377 2369 515 2448 Σύμὸυλον
530 2373 606 2427 τοῦτο
619 2369 730 2448 θλίψεως

60 2452 109 2521 ῆς,
130 2452 155 2506 ἐν
172 2439 190 2525 ᾗ
203 2456 371 2506 κατεπονεῖτο
384 2449 414 2507 τὸ
425 2448 499 2528 γάνος
511 2448 541 2507 rb
555 2447 729 2528 ἀνθρώπινον,

61 2530 96 2585 τὸν
118 2531 164 2607 τῆς
187 2529 260 2606 παρὰ
273 2530 343 2586 Θεοῦ
361 2534 459 2610 τρυφῆς
472 2552 500 2586 τε
515 2527 561 2587 καὶ
575 2526 730 2606 ἐλευθερίας,

61 2605 94 2678 ὴν
118 2607 214 2685 γηίνων
236 2607 360 2686 ἐργασίαν
377 2608 584 2686 διαπονούμενοι
597 2649 604 2676 ,
618 2608 664 2666 καὶ
684 2605 730 2673 τὰς

61 2684 281 2764 ῑάπολλυμμὲνας
301 2688 511 2754 κατασκευάζον·
526 2685 567 2746 ότι
582 2686 664 2762 μηδὲν
677 2690 730 2744 τῶν

61 2763 157 2845 ριθπυις
181 2764 290 2842 μόνιμον
312 2765 378 2842 μηδὲ
401 2765 530 2868 ἀσφαλὲς,
553 2765 621 2824 ἀλλά
642 2764 730 2824 πάντα

61 2868 121 2902 ιενα
134 2850 231 2924 χειρῶν
245 2845 414 2923 ἀνθρωπίνων
429 2868 501 2925 εργα,
516 2845 561 2902 καί
574 2845 667 2924 χρόνου
679 2868 731 2903 πα-

61 2922 153 2999 ίματα.
181 2925 375 3002 Ἐλευθερῶσαι
393 2930 440 2997 τῆς
460 2924 576 2991 δουλείας
601 2923 699 2996 ταύτης
717 2928 731 2983 ὁ

61 3002 189 3077 ἰούλεται,
211 3004 439 3081 καταπονούμενον
458 3004 489 3062 τὸ
506 3003 609 3080 ποίημα
623 3003 654 3062 τὸ
666 3004 730 3062 ίδιον

61 3106 106 3154 ιας,
121 3083 211 3162 ὥσπερ
224 3073 275 3141 εἰδε
285 3082 332 3154 τὴν
347 3084 464 3143 κάκωσιν
476 3089 527 3142 τῶν
537 3087 601 3141 υἱῶν
612 3082 732 3162 Ἰσραὴλ,

778 702 956 784 ρεηιουάε,ει
967 723 1015 783 per
1028 702 1130 780 figuras
1143 722 1184 778 ea,
1198 721 1257 778 quae
1267 700 1321 759 illis
1336 717 1528 781 repraesentan·

779 796 834 858 tur,
848 781 998 860 considera,
1010 795 1091 859 atque
1104 803 1143 840 ex,
1153 778 1245 860 partis
1257 778 1292 838 ad
1306 800 1402 858 magna
1416 781 1526 843 accede:

779 884 812 921 ne
822 861 896 921 circa
907 877 1006 921 terram
1019 861 1133 919 verseris
1139 882 1149 937 ;
1163 880 1247 937 neque
1258 860 1415 917 memoriam
1428 863 1530 922 recolas

779 943 864 1020 gentis
877 962 893 999 a
907 956 1024 1022 tyranrm
1038 940 1167 1017 liberatae,
1181 938 1277 997 salutis
1290 939 1411 999 filiorum
1422 955 1529 1021 ternpo-

779 1042 877 1096 raneae,
904 1019 1146 1098 transmigrationis
1160 1040 1174 1076 a
1190 1030 1259 1076 terra
1276 1018 1303 1076 in
1324 1032 1424 1078 terram
1437 1019 1528 1079 aliam.

779 1102 872 1179 Neque
886 1101 958 1159 enim
982 1098 1122 1179 gentilium
1139 1097 1305 1156 celebritates
1321 1098 1356 1155 ab
1373 1097 1529 1177 hujusmodi

782 1175 1307 1239 commemorationibusmultumdt'stare
1317 1178 1472 1257 comperies
1482 1180 1531 1238 Ce-

782 1257 1012 1318 lebrantenimilli
1021 1257 1175 1315 morborum
1188 1256 1348 1333 curationes,
1361 1258 1532 1336 atyrannide

782 1335 1227 1416 liberationes,transmigrationes,
1236 1334 1530 1414 urbiumfundationes‚

783 1418 910 1478 victorias
922 1433 948 1477 et
959 1416 1070 1493 similia,
1080 1430 1182 1474 terrena
1193 1428 1220 1473 et
1232 1429 1403 1495 temporanea
1413 1415 1440 1474 in
1452 1418 1532 1476 sesto-

783 1519 870 1556 ruma
906 1509 1044 1555 umentum
1057 1506 1228 1554 assumentes.
1240 1497 1301 1554 Jarn
1314 1514 1421 1572 magna,
1436 1494 1531 1555 divina

784 1591 808 1635 et
819 1519 948 1635 Dodona
959 1595 1168 1634 commemorare
1176 1586 1281 1652 oportet
1290 1574 1397 1651 eosqui
1405 1595 1446 1631 ma
1469 1595 1531 1633 nam

784 1670 809 1715 et
823 1671 948 1715 aeternam
961 1655 1096 1714 celebrant
1111 1652 1312 1729 solennitatem,
1324 1673 1420 1733 nempe
1431 1595 1531 1712 libera·

784 1736 882 1795 tionem
895 1757 911 1794 a
924 1734 1092 1793 damonibus
1106 1731 1277 1807 adversariis,
1291 1731 1337 1809 qui
1348 1731 1419 1790 bono
1429 1732 1531 1792 bellum

783 1815 911 1889 inserunt,
928 1815 975 1892 qui
1001 1835 1016 1871 a
1041 1812 1090 1871 Dei
1115 1832 1196 1890 regno
1218 1812 1530 1871 avertuntecelebrauda

783 1908 822 1954 est
831 1895 904 1953 salus
913 1914 966 1952 non
979 1890 1056 1951 brevi
1070 1905 1198 1971 tempore,
1207 1889 1255 1948 sed
1264 1891 1293 1948 iu
1307 1904 1437 1949 aeternum
1448 1891 1529 1950 dura·

783 1988 854 2051 tura,
872 1971 1071 2051 transmigratio
1085 1992 1100 2028 a
1116 1984 1185 2029 terra
1200 1969 1227 2026 in
1242 1970 1336 2027 caelum
1359 1971 1386 2028 in
1409 1972 1531 2049 prasenti

783 2054 851 2128 vita,
866 2067 892 2111 et
905 2053 932 2110 iu
950 2050 1143 2132 possessionem
1157 2063 1314 2129 perpetuam
1355 2063 1395 2108 ost
1412 2050 1531 2109 suturam

1335 2071 1459 2204 ledeos,
1483 2130 1530 2207 qui

783 2212 861 2271 liberi
875 2225 951 2270 erant
970 2232 1004 2268 ex
1023 2223 1133 2289 paterna
1153 2208 1327 2281 successione,
1345 2208 1462 2286 illosque
1480 2209 1532 2266 sub

785 2291 921 2350 servitutis
930 2291 997 2371 jugo
1011 2289 1127 2360 tenebat,
1143 2307 1240 2365 cogens
1251 2287 1312 2345 illos
1325 2288 1442 2346 lateritio
1457 2288 1531 2366 operi

785 2371 939 2430 incumbere
952 2383 977 2429 et
990 2369 1068 2426 urbes
1082 2380 1241 2429 construere.
1257 2366 1482 2446 Symbolnmboc
1493 2380 1533 2426 est

786 2471 967 2510 erumnarum
981 2446 1088 2521 mundi,
1105 2446 1180 2524 queis
1194 2446 1367 2525 premebatur
1380 2466 1465 2523 genus
1479 2445 1531 2503 hu-

786 2547 905 2605 manum,
918 2527 991 2608 quod
1004 2528 1040 2585 ab
1053 2547 1083 2585 ea
1097 2547 1157 2603 quae
1172 2525 1319 2584 secundum
1331 2527 1420 2583 Deum
1433 2538 1472 2584 est
1485 2546 1532 2584 vo

784 2610 887 2689 luptate
900 2622 926 2667 et
939 2631 955 2667 a
969 2608 1093 2666 libertate
1110 2603 1257 2675 exciderat,
1274 2618 1300 2662 et
1313 2605 1425 2662 terrenis
1444 2626 1460 2662 o
1481 2606 1532 2662 eri·

785 2689 836 2747 bus
850 2687 1004 2758 insudabat,
1019 2707 1050 2744 ac
1069 2685 1191 2764 peritura
1212 2683 1383 2743 tabernacula
1398 2626 1529 2762 parabat:

784 2767 848 2845 quia
863 2766 933 2826 nihil
950 2764 1024 2846 apud
1047 2763 1169 2822 homines
1192 2763 1288 2820 stabile
1309 2763 1353 2820 vel
1375 2777 1466 2821 tutum
1480 2777 1531 2838 est,

785 2845 832 2904 sed
846 2846 935 2904 omnia
949 2845 1128 2903 humanarum
1142 2863 1272 2901 manuum
1285 2862 1366 2920 opera
1378 2863 1393 2899 a
1413 2855 1466 2899 tem
1476 2863 1533 2900 tore

786 2925 974 2984 absumuntur.
988 2923 1030 2982 tt>
1039 2923 1090 2981 hac
1104 2943 1152 2981 nos
1163 2921 1293 2979 servitute
1306 2920 1367 2980 vult
1378 2923 1452 2980 Deus
1464 2863 1533 2979 libe-

786 3025 864 3080 rare,
877 3025 940 3083 erga
954 3025 1022 3085 opus
1036 3023 1117 3061 suum
1138 3001 1230 3059 labore
1249 3021 1408 3091 oppressum
1424 2999 1533 3058 misera-

786 3084 859 3142 tione
869 3083 978 3151 ductus,
994 3096 1024 3140 ut
1037 3082 1101 3139 olim
1116 3078 1211 3139 videns
1224 3079 1397 3138 afflictionem
1411 3079 1532 3138 liliorum

61 3171 94 3220 νοῐ
110 3163 153 3222 διὰ
169 3162 293 3234 κτήσεως.
310 3161 455 3231 Ἑκουσίως
469 3162 520 3243 γὰρ
534 3165 570 3228 εἰς
581 3163 650 3222 Θεὸν
665 3166 730 3222 ε’πα-
750 3179 769 3225 l)
788 3163 879 3238 lsrael,
893 3163 965 3243 ipsos
975 3161 1102 3220 liberavit
1115 3181 1163 3250 per
1178 3174 1254 3218 terrae
1274 3158 1410 3239 promissae
1431 3180 1532 3239 posses-

61 3269 62 3282 *
84 3242 121 3300 δεῖ
138 3241 196 3310 τοίις
212 3240 335 3308 ἑκουσίοις
349 3243 581 3315 ἀποπηδήσαντας.
603 3241 731 3320 Πὲμπον·

61 3322 111 3380 ῖλοι
125 3321 203 3399 νόμον
223 3322 387 3398 κομίζοντες,
403 3321 447 3381 διὰ
460 3321 541 3399 νόμου
554 3321 619 3400 πρὸς
634 3322 733 3380 δικαιο-

69 3403 295 3479 παρακαλοῦντες,
321 3400 365 3459 διὰ
390 3400 554 3471 δικαιοσύνης
577 3402 642 3480 πρθς
665 3399 733 3460 θεὸν

63 3503 128 3552 ντες,
139 3480 235 3559 μικρθις
248 3479 285 3538 ἔτι
300 3480 420 3548 κολάσεις
428 3490 484 3548 ταῖς
492 3479 734 3558 ἀντικειμέναιςδυ-

61 3584 77 3616 ,ν
89 3560 238 3638 ἐπάγοντες,
254 3557 327 3617 υύπω
335 3559 421 3618 τέλεον
429 3561 533 3640 όλιθρον
542 3563 568 3617 ἐν
580 3557 733 3638 μὲρεικυμί-

62 3685 70 3712 ,
93 3638 151 3704 τοὺς
177 3638 279 3705 ἀσεθεῖς
303 3638 376 3697 οὔπω
396 3642 530 3706 παντελῶς
546 3638 732 3719 ἐξαλείφοντες,

73 3717 124 3819 γάρ
144 3718 302 3797 ἐφυλάττετο
324 3721 359 3796 τῇ
381 3725 426 3778 τοῦ
449 3718 583 3778 Δεσπότου
603 3717 734 3797 παρουσίᾳ

61 3819 111 3863 ,ους
132 3797 235 3863 δούλους
246 3798 464 3875 παραγινομένου.
485 3797 572 3857 Τύποι
588 3796 616 3857 δὲ
635 3797 734 3857 τούτων

61 3874 173 3953 ίμόολα,
197 3879 313 3948 Μωϋσῆς
335 3876 558 3953 ἀποστελλόμενος
581 3877 646 3956 πρὸς
670 3876 736 3936 ’ίου-

71 3955 138 4031 μετὰ
149 3955 247 4034 Ἀαρὼν
261 3962 306 4014 τοῦ
322 3958 442 4037 ἀδελφοῦ,
456 3958 544 4014 καλῶν
556 3957 599 4014 ἐπὶ
612 3955 735 4035 λατρείαν

83 4039 217 4112 μαστιγῶν
241 4038 372 4114 Αἴγυπτον
391 4038 505 4113 πληγαῖς
529 4045 649 4113 μερικαῑς
669 4033 735 4113 θπὲρ

61 4113 196 4188 ιλουμένου
209 4114 252 4171 καί
265 4114 418 4192 θλιόυμένου
427 4118 501 4174 λαοῦ.
524 4113 604 4173 Ἀλλά
614 4113 666 4193 γὰρ
676 4111 736 4172 τού-

61 4192 195 4270 ινομίνων,
220 4193 258 4251 ἔτι
274 4194 320 4252 καί
333 4199 347 4251 θ
363 4193 473 4274 Ἰσραὴλ
487 4197 514 4252 ἰν
529 4194 672 4273 Αἰγύπτῳ,
691 4193 736 4252 καί

61 4272 117 4338 λεθς
131 4277 183 4329 τῶν
196 4273 345 4350 Αἰγυπτίων
356 4273 446 4354 χώραν
461 4266 516 4353 elye
530 4279 576 4333 τοῦ
588 4279 736 4354 θεομαχεῖν.

61 4376 65 4408 t
80 4351 196 4428 πληγαί,
210 4352 255 4409 καί
267 4352 339 4418 τέλος
353 4353 427 4412 ούπω
438 4358 482 4412 τοῦ
497 4353 662 4434 πράγματος.
679 4352 737 4423 Τὴν

62 4429 121 4488 αίαν
137 4434 285 4510 ἐπαχθῆναι
297 4433 335 4490 δεῖ
345 4432 394 4503 τὴν
407 4437 458 4490 τῶν
470 4431 644 4512 πρωτστόκων
660 4431 738 4491 ἀναί-

787 3242 899 3302 sionem.
921 3241 1082 3302 Voluntarie
1097 3260 1169 3297 emm
1182 3239 1218 3297 ad
1233 3242 1321 3297 Deum
1335 3239 1433 3298 reverti
1452 3260 1532 3318 opor-

788 3335 824 3381 tet
835 3343 888 3397 eos,
900 3321 947 3400 qui
960 3319 1113 3378 voluntarie
1124 3318 1284 3377 resilierunt.
1300 3317 1449 3376 Mittuntur
1461 3318 1532 3377 servi

787 3401 874 3480 legem
886 3401 1035 3466 afferentes,
1045 3420 1095 3479 per
1108 3399 1193 3477 legem
1204 3398 1240 3456 ad
1248 3397 1384 3477 justitiam
1395 3411 1531 3474 vocantes,

788 3482 837 3561 per'
845 3479 981 3560 justitiam
996 3478 1032 3537 ad
1055 3481 1143 3536 Deum
1164 3475 1301 3550 ducentes,
1323 3497 1407 3556 parva
1425 3477 1532 3548 interim

789 3559 920 3640 supplicia
935 3557 1098 3617 adversariis
1114 3558 1293 3637 potestatibus
1306 3557 1456 3631 inferentes,
1471 3578 1533 3615 nec·

787 3637 854 3698 dum
869 3639 1014 3719 perfectam
1031 3637 1191 3718 perniciem,
1209 3637 1256 3695 sed
1270 3642 1304 3695 eir
1321 3650 1397 3715 parte
1414 3649 1531 3711 tantum,

788 3718 960 3794 adducentes,
983 3718 1081 3797 impios
1094 3716 1213 3774 nondum
1228 3715 1358 3796 planede
1375 3716 1463 3774 medio
1479 3716 1532 3775 tol-

788 3797 879 3858 lentes.
897 3798 955 3856 Hoe
970 3797 1040 3854 euim
1057 3796 1245 3853 reservabatur
1259 3794 1367 3851 Domini
1388 3793 1533 3869 adventui,

788 3878 835 3955 qui
849 3891 909 3957 post
922 3896 1013 3934 servos
1027 3875 1083 3932 suis
1096 3873 1191 3931 adfuit.
1211 3872 1315 3928 Horum
1336 3887 1425 3930 autem
1439 3873 1534 3950 figurae

789 3970 814 4013 et
828 3955 952 4036 symbola
966 3967 1054 4024 erant,
1070 3955 1179 4032 Moyses
1191 3951 1287 4009 missus
1300 3950 1334 4008 ad
1349 3954 1366 4011 J
1369 3951 1458 4009 udaeos
1471 3973 1533 4009 cum

791 4039 896 4093 barone
915 4034 1008 4109 fratre,
1023 4032 1060 4091 ad
1074 4032 1178 4089 cultum
1191 4029 1241 4088 Dei
1255 4050 1370 4105 uocans,
1386 4030 1473 4110 plagis
1486 4052 1535 4110 per
1580 4054 1583 4062 ·

790 4128 878 4194 partes
891 4111 1018 4171 immissis
1041 4110 1184 4192 AEgyptios
1200 4109 1342 4168 verberans
1356 4123 1465 4189 propter
1482 4131 1533 4188 po-

790 4192 887 4284 pulum
895 4192 922 4252 in
931 4192 1086 4252 servitutem
1095 4189 1231 4248 redactum
1240 4202 1265 4247 ct
1275 4189 1418 4248 afflictum.
1430 4191 1536 4250 Verum

791 4272 824 4331 tis
842 4273 879 4331 ita
899 4271 996 4352 gestis,
1011 4271 1101 4329 adbuc
1121 4270 1204 4329 lsrail
1221 4268 1248 4327 in
1269 4268 1390 4351 AEgypto
1403 4281 1469 4338 erat,
1487 4290 1536 4329 rex

792 4352 983 4434 AEgyptiorum
1003 4372 1066 4409 cum
1088 4351 1145 4407 Deo
1164 4349 1254 4407 adhuc
1274 4368 1396 4428 pugnare
1406 4360 1533 4484 <poterat.

792 4433 882 4509 Plaga
904 4452 1002 4490 novem
1022 4429 1148 4488 immissae
1168 4430 1284 4501 fuerant,
1304 4441 1330 4486 et
1353 4448 1405 4485 non
1427 4448 1473 4485 um
1494 4449 1536 4486 res

78 4510 123 4568 καί
137 4509 193 4583 άμα
210 4509 292 4589 ταύτῃ
307 4510 402 4578 ἐξιέναι
418 4510 462 4569 τὸν
473 4512 591 4592 Ἰσραήλ.
609 4513 739 4570 Ἐνταῦθα
756 4524 774 4570 E
793 4509 908 4592 perfecta
921 4524 987 4569 erat.
1005 4512 1169 4569 Postremam
1194 4507 1286 4565 inferri
1306 4507 1457 4587 oportebat,
1479 4507 1536 4596 pri-

60 4612 103 4647 τον
136 4589 241 4658 θύεται,
270 4591 315 4649 καί
338 4595 365 4650 αἱ
384 4595 437 4650 τῶν
460 4595 547 4651 οἰκιῶν
570 4589 665 4651 εἰσοδοι
686 4594 738 4648 τῶν

61 4669 121 4726 ῐκῶν
141 4673 179 4748 τῷ
203 4668 297 4746 αἵματι
318 4669 458 4751 χρίονται,
474 4671 520 4729 καί
539 4670 572 4730 ed
585 4670 739 4750 πρωτότοκα

61 4747 180 4807 ίουδαίων
193 4747 314 4828 ἐκφεύγει
329 4749 378 4820 τὴν
391 4755 437 4809 τοῦ
451 4750 562 4809 θανάτου
576 4750 682 4829 πληγὴν
697 4748 739 4808 διθ

73 4826 183 4904 αἵματος
195 4827 335 4905 σύμόολον.
347 4829 480 4889 Ἐσθίουσι
491 4831 521 4890 τὸ
532 4829 663 4910 πρόόατον
675 4831 739 4888 Ἴου·

61 4905 100 4964 abu
113 4907 219 4982 ἀζύμοις
231 4908 275 4964 καὶ
287 4909 413 4988 πικρίσιν.
429 4907 546 4976 Ἐζίασιν
556 4908 583 4977 ἑξ
597 4908 739 4987 Αἰγύπτου·

61 5009 107 5043 ικει
122 4986 227 5065 Φαραὼ
249 4987 294 5045 καί
312 4992 335 5046 ol
354 4986 504 5064 λειπόμενοι
517 4992 569 5047 τῶν
580 4986 741 5065 Αἰγυπτίων·

61 5067 84 5135 ἢν
105 5065 238 5124 θάλασσαν
255 5067 376 5145 ἔρχονται
392 5066 439 5138 τὴν
459 5071 471 5126 ἐ
488 5074 518 5127 υθ
536 5069 576 5129 ἀν.
594 5066 668 5137 Αύτη
695 5067 741 5127 δέ·

63 5141 110 5219 μίν
122 5145 165 5202 τὸν
179 5147 230 5203 τῶν
244 5144 377 5225 Ἑόραίων
394 5092 503 5226 στρατδν
519 5092 676 5227 διαιρεθεῖσα
692 5149 706 5206 δ
724 5182 743 5193 -

71 5227 158 5294 Θεοῦ,
180 5226 225 5282 καί
246 5226 335 5304 ῥαίόδιρ
348 5226 499 5292 Μωϋσὲως·
516 5225 700 5294 καταποντίζει
715 5227 741 5286 δὲ

794 4590 990 4670 mogenitorum
1003 4588 1149 4664 interitum,
1161 4601 1187 4644 et
1218 4600 1290 4645 ostea
1305 4586 1431 4646 lsraelem
1448 4607 1532 4645 extre.

794 4670 846 4728 Hic
859 4690 944 4760 agnus
957 4669 1121 4742 immolatur,
1133 4681 1158 4726 et
1169 4609 1270 4724 aedium
1281 4665 1456 4726 Hebraeorum
1466 4666 1536 4724 fores

793 4770 923 4829 sanguine
940 4762 1092 4885 ungpntur,
1106 4767 1138 4804 ac
1157 4767 1206 4826 per
1228 4745 1365 4882 sauguinis
1380 4745 1536 4825 symbolum

793 4829 881 4909 primo
901 4827 965 4887 eniti
1007 4828 1156 4886 ebraeorum
1176 4825 1248 4883 necis
1263 4847 1372 4906 pagam
1391 4824 1444 4882 effu
1465 4823 1533 4882 iunt.

795 4848 945 4968 Comedunt
967 4927 1068 4985 agnum
1089 4904 1178 4966 lrtdaei
1197 4925 1259 4962 cnm
1275 4903 1379 4995 azymis
1400 4844 1537 4961 celabis

795 4986 902 5046 amaris.
909 4987 1017 5045 Exeunt
1026 5007 1060 5044 ex
1069 4983 1356 5121 AEpypt03insmuttm
1364 4980 1466 5039 Pharao
1474 5003 1536 5040 cum

1077 5086 1092 5122 a

796 5066 906 5146 reliquis
916 5065 1066 5156 AEgyptiis,
1120 5083 1193 5121 mare
1204 5064 1328 5121 Rubrum
1338 5060 1537 5139 veniunt,quod

796 5147 915 5205 diuisum
923 5167 969 5225 per
976 5156 1104 5203 utrtutem
1114 5142 1164 5213 Dei
1171 5157 1197 5200 ct
1205 5141 1309 5220 virgam
1316 5138 1538 5220 Moysis‘cxcipit

796 5217 1538 5305 quidmuexcrcitumHebraorum,sedingressamAEgy-
