<?xml version="1.0" encoding="UTF-8"?>
<!DOCTYPE html PUBLIC "-//W3C//DTD XHTML 1.0 Transitional//EN"
    "http://www.w3.org/TR/xhtml1/DTD/xhtml1-transitional.dtd">
<html xmlns="http://www.w3.org/1999/xhtml" xml:lang="en" lang="en">
 <head>
  <title>
</title>
<meta http-equiv="Content-Type" content="text/html;charset=utf-8" />
  <meta name='ocr-system' content='tesseract 3.04.00' />
  <meta name='ocr-capabilities' content='ocr_page ocr_carea ocr_par ocr_line ocrx_word'/>
</head>
<body>
  <div class='ocr_page' id='page_1' title='image "./sanctipatrisnos02chrygoog_0700.png"; bbox 0 0 3750 5940; ppageno 0'>
   <div class='ocr_carea' id='block_1_1' title="bbox 60 427 847 531">
    <p class='ocr_par' dir='ltr' id='par_1_1' title="bbox 60 427 847 531">
     <span class='ocr_line' id='line_1_1' title="bbox 60 427 847 531; baseline -0.003 -27"><span class='ocrx_word' id='word_1_1' title='bbox 60 453 272 504; x_wconf 72' lang='lat' dir='ltr'>edessenunt.</span> <span class='ocrx_word' id='word_1_2' title='bbox 780 427 847 531; x_wconf 69' lang='lat'>671</span> 
     </span>
    </p>
   </div>
   <div class='ocr_carea' id='block_1_2' title="bbox 69 573 990 2465">
    <p class='ocr_par' dir='ltr' id='par_1_2' title="bbox 107 573 854 905">
     <span class='ocr_line' id='line_1_2' title="bbox 107 573 853 666; baseline -0.001 -30"><span class='ocrx_word' id='word_1_3' title='bbox 107 591 194 637; x_wconf 86' lang='lat' dir='ltr'>torem</span> <span class='ocrx_word' id='word_1_4' title='bbox 208 573 356 636; x_wconf 82' lang='lat' dir='ltr'>reddamus</span> <span class='ocrx_word' id='word_1_5' title='bbox 365 576 518 634; x_wconf 76' lang='lat' dir='ltr'>Creatorem</span> <span class='ocrx_word' id='word_1_6' title='bbox 525 575 690 666; x_wconf 74' lang='lat' dir='ltr'>,neilladie</span> <span class='ocrx_word' id='word_1_7' title='bbox 806 575 853 636; x_wconf 86' lang='lat' dir='ltr'>de·</span> 
     </span>
     <span class='ocr_line' id='line_1_3' title="bbox 107 653 854 736; baseline 0.001 -22"><span class='ocrx_word' id='word_1_8' title='bbox 107 676 185 715; x_wconf 84' lang='lat' dir='ltr'>mm:</span> <span class='ocrx_word' id='word_1_9' title='bbox 196 675 318 714; x_wconf 82' lang='lat' dir='ltr'>ememus</span> <span class='ocrx_word' id='word_1_10' title='bbox 333 653 454 736; x_wconf 79' lang='lat' dir='ltr'>pecuniis</span> <span class='ocrx_word' id='word_1_11' title='bbox 469 653 547 714; x_wconf 77' lang='lat' dir='ltr'>nobis</span> <span class='ocrx_word' id='word_1_12' title='bbox 560 667 678 714; x_wconf 81' lang='lat' dir='ltr'>oratores</span> <span class='ocrx_word' id='word_1_13' title='bbox 703 654 854 715; x_wconf 76' lang='lat' dir='ltr'>utmosad</span> 
     </span>
     <span class='ocr_line' id='line_1_4' title="bbox 108 732 853 815; baseline 0.003 -21"><span class='ocrx_word' id='word_1_14' title='bbox 108 756 164 794; x_wconf 89' lang='lat' dir='ltr'>rem</span> <span class='ocrx_word' id='word_1_15' title='bbox 171 732 333 814; x_wconf 77' lang='lat' dir='ltr'>ejuscemodi</span> <span class='ocrx_word' id='word_1_16' title='bbox 339 732 564 814; x_wconf 83' lang='lat' dir='ltr'>oonseqoendam:</span> <span class='ocrx_word' id='word_1_17' title='bbox 575 732 658 793; x_wconf 82' lang='lat' dir='ltr'>habes</span> <span class='ocrx_word' id='word_1_18' title='bbox 666 733 768 815; x_wconf 80' lang='lat' dir='ltr'>quippe</span> <span class='ocrx_word' id='word_1_19' title='bbox 775 755 853 796; x_wconf 83' lang='lat' dir='ltr'>amo·</span> 
     </span>
     <span class='ocr_line' id='line_1_5' title="bbox 108 812 854 905; baseline 0.003 -32"><span class='ocrx_word' id='word_1_20' title='bbox 108 815 146 873; x_wconf 87' lang='lat' dir='ltr'>ris</span> <span class='ocrx_word' id='word_1_21' title='bbox 159 835 222 905; x_wconf 75' lang='lat' dir='ltr'>erpa</span> <span class='ocrx_word' id='word_1_22' title='bbox 233 834 277 873; x_wconf 87' lang='lat' dir='ltr'>me</span> <span class='ocrx_word' id='word_1_23' title='bbox 287 826 380 873; x_wconf 88' lang='lat' dir='ltr'>testem</span> <span class='ocrx_word' id='word_1_24' title='bbox 392 834 555 895; x_wconf 86' lang='lat' dir='ltr'>pauperem:</span> <span class='ocrx_word' id='word_1_25' title='bbox 565 812 618 877; x_wconf 81' lang='lat' dir='ltr'>scis</span> <span class='ocrx_word' id='word_1_26' title='bbox 628 833 711 873; x_wconf 75' lang='lat' dir='ltr'>mena</span> <span class='ocrx_word' id='word_1_27' title='bbox 721 833 781 892; x_wconf 74' lang='lat' dir='ltr'>que</span> <span class='ocrx_word' id='word_1_28' title='bbox 789 827 854 875; x_wconf 87' lang='lat' dir='ltr'>sont</span> 
     </span>
    </p>

    <p class='ocr_par' dir='ltr' id='par_1_3' title="bbox 69 890 855 974">
     <span class='ocr_line' id='line_1_6' title="bbox 69 890 855 974; baseline 0.001 -22"><span class='ocrx_word' id='word_1_29' title='bbox 69 925 94 965; x_wconf 66' lang='grc' dir='ltr'><strong>η</strong></span> <span class='ocrx_word' id='word_1_30' title='bbox 108 893 292 953; x_wconf 78' lang='lat' dir='ltr'>mendicorum</span> <span class='ocrx_word' id='word_1_31' title='bbox 313 892 383 953; x_wconf 90' lang='lat' dir='ltr'>mihi</span> <span class='ocrx_word' id='word_1_32' title='bbox 410 895 518 974; x_wconf 88' lang='lat' dir='ltr'>propria</span> <span class='ocrx_word' id='word_1_33' title='bbox 538 913 651 953; x_wconf 85' lang='lat' dir='ltr'>oensere.</span> <span class='ocrx_word' id='word_1_34' title='bbox 679 890 855 972; x_wconf 56' lang='lat' dir='ltr'>&amp;osonum</span> 
     </span>
    </p>

    <p class='ocr_par' dir='ltr' id='par_1_4' title="bbox 71 971 990 2465">
     <span class='ocr_line' id='line_1_7' title="bbox 71 971 853 1054; baseline 0.003 -22"><span class='ocrx_word' id='word_1_35' title='bbox 71 981 89 1025; x_wconf 84' lang='grc' dir='ltr'><strong>Α</strong></span> <span class='ocrx_word' id='word_1_36' title='bbox 108 973 249 1053; x_wconf 88' lang='lat' dir='ltr'>peooribus</span> <span class='ocrx_word' id='word_1_37' title='bbox 267 971 333 1031; x_wconf 89' lang='lat' dir='ltr'>oriri</span> <span class='ocrx_word' id='word_1_38' title='bbox 342 973 427 1053; x_wconf 85' lang='lat' dir='ltr'>jubeo</span> <span class='ocrx_word' id='word_1_39' title='bbox 433 1017 442 1048; x_wconf 93' lang='lat'>,</span> <span class='ocrx_word' id='word_1_40' title='bbox 458 986 484 1033; x_wconf 91' lang='lat' dir='ltr'>et</span> <span class='ocrx_word' id='word_1_41' title='bbox 494 972 620 1033; x_wconf 77' lang='lat' dir='ltr'>omnibus</span> <span class='ocrx_word' id='word_1_42' title='bbox 628 971 853 1054; x_wconf 75' lang='lat' dir='ltr'>praebeoeibum:</span> 
     </span>
     <span class='ocr_line' id='line_1_8' title="bbox 107 1052 854 1136; baseline 0.001 -25"><span class='ocrx_word' id='word_1_43' title='bbox 107 1065 133 1111; x_wconf 90' lang='lat' dir='ltr'>et</span> <span class='ocrx_word' id='word_1_44' title='bbox 143 1067 229 1112; x_wconf 86' lang='lat' dir='ltr'>tamen</span> <span class='ocrx_word' id='word_1_45' title='bbox 239 1052 469 1133; x_wconf 82' lang='lat' dir='ltr'>teeleemosynam</span> <span class='ocrx_word' id='word_1_46' title='bbox 478 1053 656 1132; x_wconf 68' lang='lat' dir='ltr'>facienteego</span> <span class='ocrx_word' id='word_1_47' title='bbox 665 1072 854 1136; x_wconf 81' lang='lat' dir='ltr'>compaupere</span> 
     </span>
     <span class='ocr_line' id='line_1_9' title="bbox 109 1131 990 1225; baseline 0.007 -36"><span class='ocrx_word' id='word_1_48' title='bbox 109 1153 217 1192; x_wconf 87' lang='lat' dir='ltr'>manum</span> <span class='ocrx_word' id='word_1_49' title='bbox 226 1131 353 1206; x_wconf 85' lang='lat' dir='ltr'>extendo,</span> <span class='ocrx_word' id='word_1_50' title='bbox 362 1147 388 1192; x_wconf 88' lang='lat' dir='ltr'>et</span> <span class='ocrx_word' id='word_1_51' title='bbox 397 1131 632 1225; x_wconf 82' lang='lat' dir='ltr'>obolumereipio.</span> <span class='ocrx_word' id='word_1_52' title='bbox 644 1131 782 1193; x_wconf 70' lang='lat' dir='ltr'>Antietus</span> <span class='ocrx_word' id='word_1_53' title='bbox 791 1153 853 1195; x_wconf 82' lang='lat' dir='ltr'>sum</span> <span class='ocrx_word' id='word_1_54' title='bbox 862 1147 929 1192; x_wconf 65' lang='lat' dir='ltr'>Prae.</span> <span class='ocrx_word' id='word_1_55' title='bbox 948 1145 990 1195; x_wconf 70' lang='lat' dir='ltr'>rot</span> 
     </span>
     <span class='ocr_line' id='line_1_10' title="bbox 110 1211 885 1350; baseline 0.004 -80"><span class='ocrx_word' id='word_1_56' title='bbox 110 1212 219 1271; x_wconf 74' lang='lat' dir='ltr'>himine</span> <span class='ocrx_word' id='word_1_57' title='bbox 229 1215 303 1272; x_wconf 84' lang='lat' dir='ltr'>sicut</span> <span class='ocrx_word' id='word_1_58' title='bbox 317 1216 505 1281; x_wconf 75' lang='lat' dir='ltr'>vestiment05</span> <span class='ocrx_word' id='word_1_59' title='bbox 518 1226 560 1288; x_wconf 89' lang='lat' dir='ltr'>et,</span> <span class='ocrx_word' id='word_1_60' title='bbox 572 1232 598 1272; x_wconf 82' lang='lat' dir='ltr'>st</span> <span class='ocrx_word' id='word_1_61' title='bbox 606 1211 695 1273; x_wconf 82' lang='lat' dir='ltr'>solum</span> <span class='ocrx_word' id='word_1_62' title='bbox 705 1231 852 1350; x_wconf 57' lang='lat' dir='ltr'>1:qu</span> <span class='ocrx_word' id='word_1_63' title='bbox 862 1223 885 1256; x_wconf 83' lang='lat'>²·</span> 
     </span>
     <span class='ocr_line' id='line_1_11' title="bbox 109 1290 851 1365; baseline 0.005 -16"><span class='ocrx_word' id='word_1_64' title='bbox 109 1290 230 1365; x_wconf 69' lang='lat' dir='ltr'>oseriae,</span> <span class='ocrx_word' id='word_1_65' title='bbox 275 1312 292 1351; x_wconf 93' lang='lat' dir='ltr'>o</span> <span class='ocrx_word' id='word_1_66' title='bbox 309 1291 394 1351; x_wconf 89' lang='lat' dir='ltr'>sentio</span> <span class='ocrx_word' id='word_1_67' title='bbox 407 1292 530 1351; x_wconf 86' lang='lat' dir='ltr'>calorem.</span> <span class='ocrx_word' id='word_1_68' title='bbox 549 1290 609 1352; x_wconf 88' lang='lat' dir='ltr'>Seis</span> <span class='ocrx_word' id='word_1_69' title='bbox 627 1290 705 1351; x_wconf 77' lang='lat' dir='ltr'>ineae</span> <span class='ocrx_word' id='word_1_70' title='bbox 752 1311 799 1351; x_wconf 88' lang='lat' dir='ltr'>me</span> <span class='ocrx_word' id='word_1_71' title='bbox 810 1314 851 1353; x_wconf 86' lang='lat' dir='ltr'>se-</span> 
     </span>
     <span class='ocr_line' id='line_1_12' title="bbox 109 1313 852 1451; baseline 0.001 -22"><span class='ocrx_word' id='word_1_72' title='bbox 109 1313 173 1430; x_wconf 60' lang='lat' dir='ltr'>dlere</span> <span class='ocrx_word' id='word_1_73' title='bbox 188 1392 252 1430; x_wconf 90' lang='lat' dir='ltr'>cum</span> <span class='ocrx_word' id='word_1_74' title='bbox 287 1385 344 1429; x_wconf 86' lang='lat' dir='ltr'>etre</span> <span class='ocrx_word' id='word_1_75' title='bbox 358 1371 453 1445; x_wconf 86' lang='lat' dir='ltr'>:et,si</span> <span class='ocrx_word' id='word_1_76' title='bbox 467 1369 603 1431; x_wconf 78' lang='lat' dir='ltr'>solumad</span> <span class='ocrx_word' id='word_1_77' title='bbox 618 1391 682 1451; x_wconf 80' lang='lat' dir='ltr'>eos,</span> <span class='ocrx_word' id='word_1_78' title='bbox 697 1369 745 1449; x_wconf 87' lang='lat' dir='ltr'>qui</span> <span class='ocrx_word' id='word_1_79' title='bbox 757 1370 852 1432; x_wconf 83' lang='lat' dir='ltr'>incar·</span> 
     </span>
     <span class='ocr_line' id='line_1_13' title="bbox 110 1449 853 1531; baseline 0.004 -22"><span class='ocrx_word' id='word_1_80' title='bbox 110 1471 169 1510; x_wconf 89' lang='lat' dir='ltr'>cere</span> <span class='ocrx_word' id='word_1_81' title='bbox 181 1464 253 1526; x_wconf 88' lang='lat' dir='ltr'>sunt,</span> <span class='ocrx_word' id='word_1_82' title='bbox 267 1449 417 1510; x_wconf 78' lang='lat' dir='ltr'>visitandos</span> <span class='ocrx_word' id='word_1_83' title='bbox 426 1450 586 1531; x_wconf 75' lang='lat' dir='ltr'>perrexeris,</span> <span class='ocrx_word' id='word_1_84' title='bbox 600 1449 774 1513; x_wconf 79' lang='lat' dir='ltr'>inveniesne</span> <span class='ocrx_word' id='word_1_85' title='bbox 784 1452 853 1512; x_wconf 87' lang='lat' dir='ltr'>inter</span> 
     </span>
     <span class='ocr_line' id='line_1_14' title="bbox 110 1528 852 1612; baseline 0.003 -23"><span class='ocrx_word' id='word_1_86' title='bbox 110 1529 218 1593; x_wconf 78' lang='lat' dir='ltr'>vincula</span> <span class='ocrx_word' id='word_1_87' title='bbox 236 1528 395 1589; x_wconf 85' lang='lat' dir='ltr'>residentem</span> <span class='ocrx_word' id='word_1_88' title='bbox 407 1529 498 1608; x_wconf 84' lang='lat' dir='ltr'>:quod</span> <span class='ocrx_word' id='word_1_89' title='bbox 516 1530 540 1589; x_wconf 90' lang='lat' dir='ltr'>si</span> <span class='ocrx_word' id='word_1_90' title='bbox 552 1529 590 1589; x_wconf 87' lang='lat' dir='ltr'>ad</span> <span class='ocrx_word' id='word_1_91' title='bbox 600 1542 713 1610; x_wconf 75' lang='lat' dir='ltr'>egrotos</span> <span class='ocrx_word' id='word_1_92' title='bbox 725 1551 852 1612; x_wconf 84' lang='lat' dir='ltr'>propera·</span> 
     </span>
     <span class='ocr_line' id='line_1_15' title="bbox 110 1608 852 1688; baseline 0.004 -21"><span class='ocrx_word' id='word_1_93' title='bbox 110 1610 198 1682; x_wconf 87' lang='lat' dir='ltr'>veris,</span> <span class='ocrx_word' id='word_1_94' title='bbox 211 1631 227 1668; x_wconf 87' lang='lat' dir='ltr'>a</span> <span class='ocrx_word' id='word_1_95' title='bbox 242 1608 311 1668; x_wconf 82' lang='lat' dir='ltr'>lecto</span> <span class='ocrx_word' id='word_1_96' title='bbox 327 1630 380 1668; x_wconf 92' lang='lat' dir='ltr'>non</span> <span class='ocrx_word' id='word_1_97' title='bbox 398 1609 505 1669; x_wconf 84' lang='lat' dir='ltr'>absum.</span> <span class='ocrx_word' id='word_1_98' title='bbox 521 1608 632 1688; x_wconf 80' lang='lat' dir='ltr'>Ubique</span> <span class='ocrx_word' id='word_1_99' title='bbox 644 1631 705 1670; x_wconf 88' lang='lat' dir='ltr'>sum</span> <span class='ocrx_word' id='word_1_100' title='bbox 717 1609 805 1688; x_wconf 88' lang='lat' dir='ltr'>enim,</span> <span class='ocrx_word' id='word_1_101' title='bbox 826 1626 852 1670; x_wconf 89' lang='lat' dir='ltr'>et</span> 
     </span>
     <span class='ocr_line' id='line_1_16' title="bbox 109 1686 851 1770; baseline 0.004 -24"><span class='ocrx_word' id='word_1_102' title='bbox 109 1688 207 1766; x_wconf 88' lang='lat' dir='ltr'>iie,qui</span> <span class='ocrx_word' id='word_1_103' title='bbox 234 1689 541 1764; x_wconf 80' lang='lat' dir='ltr'>remunturneeeeeiute,</span> <span class='ocrx_word' id='word_1_104' title='bbox 549 1710 684 1750; x_wconf 78' lang='lat' dir='ltr'>succurro.</span> <span class='ocrx_word' id='word_1_105' title='bbox 693 1686 776 1762; x_wconf 89' lang='lat' dir='ltr'>Quod</span> <span class='ocrx_word' id='word_1_106' title='bbox 784 1712 851 1770; x_wconf 83' lang='lat' dir='ltr'>pau-</span> 
     </span>
     <span class='ocr_line' id='line_1_17' title="bbox 110 1765 850 1927; baseline 0.004 -21"><span class='ocrx_word' id='word_1_107' title='bbox 110 1765 850 1927; x_wconf 48' lang='lat' dir='ltr'>rm„</span> 
     </span>
     <span class='ocr_line' id='line_1_18' title="bbox 110 1893 852 2009; baseline 0.004 -25"><span class='ocrx_word' id='word_1_108' title='bbox 110 1939 136 1984; x_wconf 91' lang='lat' dir='ltr'>et</span> <span class='ocrx_word' id='word_1_109' title='bbox 159 1946 202 1985; x_wconf 88' lang='lat' dir='ltr'>me</span> <span class='ocrx_word' id='word_1_110' title='bbox 214 1947 262 2007; x_wconf 86' lang='lat' dir='ltr'>per</span> <span class='ocrx_word' id='word_1_111' title='bbox 278 1927 368 2008; x_wconf 83' lang='lat' dir='ltr'>ipsum</span> <span class='ocrx_word' id='word_1_112' title='bbox 387 1926 462 1986; x_wconf 93' lang='lat' dir='ltr'>domi</span> <span class='ocrx_word' id='word_1_113' title='bbox 486 1941 539 1987; x_wconf 82' lang='lat' dir='ltr'>tuae</span> <span class='ocrx_word' id='word_1_114' title='bbox 561 1893 708 2009; x_wconf 70' lang='lat' dir='ltr'>suieipias,</span> <span class='ocrx_word' id='word_1_115' title='bbox 723 1928 782 1987; x_wconf 81' lang='lat' dir='ltr'>haee</span> <span class='ocrx_word' id='word_1_116' title='bbox 801 1928 852 1988; x_wconf 86' lang='lat' dir='ltr'>tibi</span> 
     </span>
     <span class='ocr_line' id='line_1_19' title="bbox 110 2005 853 2147; baseline 0.005 -84"><span class='ocrx_word' id='word_1_117' title='bbox 110 2005 163 2063; x_wconf 87' lang='lat' dir='ltr'>tria</span> <span class='ocrx_word' id='word_1_118' title='bbox 158 2005 302 2144; x_wconf 51' lang='lat' dir='ltr'>t(pdroebebo</span> <span class='ocrx_word' id='word_1_119' title='bbox 307 2006 472 2146; x_wconf 50' lang='lat' dir='ltr'>,teffiertptrpr</span> <span class='ocrx_word' id='word_1_120' title='bbox 483 2006 607 2146; x_wconf 59' lang='lat' dir='ltr'>augehp13</span> <span class='ocrx_word' id='word_1_121' title='bbox 610 2007 853 2147; x_wconf 59' lang='lat' dir='ltr'>·⁰²&#39;d⁰m⁰„¹;¹1‚i‚⁰⁸i¹</span> 
     </span>
     <span class='ocr_line' id='line_1_20' title="bbox 109 2106 853 2247; baseline 0.005 -25"><span class='ocrx_word' id='word_1_122' title='bbox 109 2106 183 2223; x_wconf 63' lang='lat' dir='ltr'>iiiiii</span> <span class='ocrx_word' id='word_1_123' title='bbox 195 2106 289 2224; x_wconf 54' lang='lat' dir='ltr'>:iside</span> <span class='ocrx_word' id='word_1_124' title='bbox 297 2106 596 2244; x_wconf 50' lang='lat' dir='ltr'>dufugitlomirsiudolor</span> <span class='ocrx_word' id='word_1_125' title='bbox 607 2107 759 2226; x_wconf 42' lang='lat' dir='ltr'>nepti-{pem</span> <span class='ocrx_word' id='word_1_126' title='bbox 768 2179 794 2226; x_wconf 87' lang='lat' dir='ltr'>et</span> <span class='ocrx_word' id='word_1_127' title='bbox 805 2109 853 2247; x_wconf 69' lang='lat' dir='ltr'>gin</span> 
     </span>
     <span class='ocr_line' id='line_1_21' title="bbox 112 2243 853 2328; baseline 0.004 -25"><span class='ocrx_word' id='word_1_128' title='bbox 112 2243 194 2303; x_wconf 89' lang='lat' dir='ltr'>mitus</span> <span class='ocrx_word' id='word_1_129' title='bbox 211 2269 217 2302; x_wconf 73' lang='grc' dir='ltr'><strong>ε</strong></span> <span class='ocrx_word' id='word_1_130' title='bbox 235 2244 263 2303; x_wconf 92' lang='lat' dir='ltr'>in</span> <span class='ocrx_word' id='word_1_131' title='bbox 276 2245 332 2305; x_wconf 87' lang='lat' dir='ltr'>Deo</span> <span class='ocrx_word' id='word_1_132' title='bbox 345 2247 432 2322; x_wconf 80' lang='lat' dir='ltr'>Patre,</span> <span class='ocrx_word' id='word_1_133' title='bbox 447 2245 531 2306; x_wconf 86' lang='lat' dir='ltr'>simul</span> <span class='ocrx_word' id='word_1_134' title='bbox 545 2266 609 2305; x_wconf 90' lang='lat' dir='ltr'>oum</span> <span class='ocrx_word' id='word_1_135' title='bbox 626 2246 732 2328; x_wconf 82' lang='lat' dir='ltr'>Spiritu</span> <span class='ocrx_word' id='word_1_136' title='bbox 745 2259 853 2321; x_wconf 72' lang='lat' dir='ltr'>noeto,</span> 
     </span>
     <span class='ocr_line' id='line_1_22' title="bbox 111 2322 855 2465; baseline 0.008 -85"><span class='ocrx_word' id='word_1_137' title='bbox 111 2322 258 2462; x_wconf 57' lang='lat' dir='ltr'>cuiffioma</span> <span class='ocrx_word' id='word_1_138' title='bbox 279 2336 304 2463; x_wconf 63' lang='lat' dir='ltr'>elt</span> <span class='ocrx_word' id='word_1_139' title='bbox 324 2337 458 2465; x_wconf 54' lang='lat' dir='ltr'>potestemsn,</span> <span class='ocrx_word' id='word_1_140' title='bbox 486 2336 606 2386; x_wconf 80' lang='lat' dir='ltr'>nuncet</span> <span class='ocrx_word' id='word_1_141' title='bbox 625 2346 749 2407; x_wconf 81' lang='lat' dir='ltr'>temper,</span> <span class='ocrx_word' id='word_1_142' title='bbox 775 2339 801 2386; x_wconf 82' lang='lat' dir='ltr'>et</span> <span class='ocrx_word' id='word_1_143' title='bbox 827 2325 855 2386; x_wconf 87' lang='lat' dir='ltr'>in</span> 
     </span>
     <span class='ocr_line' id='line_1_23' title="bbox 111 2423 496 2465; baseline 0.01 -4"><span class='ocrx_word' id='word_1_144' title='bbox 111 2423 162 2461; x_wconf 78' lang='lat' dir='ltr'>sec</span> <span class='ocrx_word' id='word_1_145' title='bbox 219 2424 388 2465; x_wconf 72' lang='lat' dir='ltr'>saeuorum.</span> <span class='ocrx_word' id='word_1_146' title='bbox 453 2425 496 2465; x_wconf 87' lang='lat' dir='ltr'>en.</span> 
     </span>
    </p>
   </div>
   <div class='ocr_carea' id='block_1_3' title="bbox 77 2748 1006 2829">
    <p class='ocr_par' dir='ltr' id='par_1_5' title="bbox 77 2748 1006 2829">
     <span class='ocr_line' id='line_1_24' title="bbox 77 2748 1006 2829; baseline 0.012 -11"><span class='ocrx_word' id='word_1_147' title='bbox 77 2748 95 2794; x_wconf 63' lang='grc' dir='ltr'><strong><em>Β</em></strong></span> <span class='ocrx_word' id='word_1_148' title='bbox 251 2764 289 2820; x_wconf 86' lang='lat' dir='ltr'>In</span> <span class='ocrx_word' id='word_1_149' title='bbox 303 2765 482 2823; x_wconf 78' lang='lat' dir='ltr'>meretricem</span> <span class='ocrx_word' id='word_1_150' title='bbox 492 2765 724 2824; x_wconf 77' lang='lat' dir='ltr'>etharisoeum.</span> <span class='ocrx_word' id='word_1_151' title='bbox 869 2770 955 2829; x_wconf 55' lang='lat' dir='ltr'>seseq.</span> <span class='ocrx_word' id='word_1_152' title='bbox 967 2768 1006 2828; x_wconf 79' lang='lat'>³7·</span> 
     </span>
    </p>
   </div>
   <div class='ocr_carea' id='block_1_4' title="bbox 216 2932 755 3017">
    <p class='ocr_par' dir='ltr' id='par_1_6' title="bbox 216 2932 755 3017">
     <span class='ocr_line' id='line_1_25' title="bbox 216 2932 755 3017; baseline 0.007 -24"><span class='ocrx_word' id='word_1_153' title='bbox 216 2932 249 2993; x_wconf 85' lang='lat' dir='ltr'>ln</span> <span class='ocrx_word' id='word_1_154' title='bbox 272 2946 362 2994; x_wconf 82' lang='lat' dir='ltr'>sancta</span> <span class='ocrx_word' id='word_1_155' title='bbox 386 2947 413 2994; x_wconf 90' lang='lat' dir='ltr'>et</span> <span class='ocrx_word' id='word_1_156' title='bbox 436 2954 536 3017; x_wconf 75' lang='lat' dir='ltr'>magna</span> <span class='ocrx_word' id='word_1_157' title='bbox 558 2935 626 2996; x_wconf 81' lang='lat' dir='ltr'>ieris</span> <span class='ocrx_word' id='word_1_158' title='bbox 648 2950 755 3017; x_wconf 79' lang='lat' dir='ltr'>quarta.</span> 
     </span>
    </p>
   </div>
   <div class='ocr_carea' id='block_1_5' title="bbox 62 3098 1012 5168">
    <p class='ocr_par' dir='ltr' id='par_1_7' title="bbox 114 3098 951 3342">
     <span class='ocr_line' id='line_1_26' title="bbox 155 3098 951 3186; baseline 0.01 -29"><span class='ocrx_word' id='word_1_159' title='bbox 155 3103 184 3157; x_wconf 85' lang='grc'>1.</span> <span class='ocrx_word' id='word_1_160' title='bbox 207 3100 319 3180; x_wconf 88' lang='lat' dir='ltr'>Semper</span> <span class='ocrx_word' id='word_1_161' title='bbox 335 3098 447 3179; x_wconf 86' lang='lat' dir='ltr'>quidem</span> <span class='ocrx_word' id='word_1_162' title='bbox 466 3100 652 3182; x_wconf 69' lang='lat' dir='ltr'>peecatoribus</span> <span class='ocrx_word' id='word_1_163' title='bbox 666 3103 752 3176; x_wconf 84' lang='lat' dir='ltr'>Deus,</span> <span class='ocrx_word' id='word_1_164' title='bbox 767 3118 859 3186; x_wconf 81' lang='lat' dir='ltr'>utpote</span> <span class='ocrx_word' id='word_1_165' title='bbox 949 3179 951 3182; x_wconf 16' lang='grc' dir='ltr'>Ι</span> 
     </span>
     <span class='ocr_line' id='line_1_27' title="bbox 114 3178 921 3270; baseline 0.012 -34"><span class='ocrx_word' id='word_1_166' title='bbox 114 3178 255 3258; x_wconf 78' lang='lat' dir='ltr'>benignus,</span> <span class='ocrx_word' id='word_1_167' title='bbox 276 3193 381 3262; x_wconf 90' lang='lat' dir='ltr'>tempus</span> <span class='ocrx_word' id='word_1_168' title='bbox 401 3179 437 3238; x_wconf 90' lang='lat' dir='ltr'>nd</span> <span class='ocrx_word' id='word_1_169' title='bbox 452 3179 639 3270; x_wconf 73' lang='lat' dir='ltr'>penitentiam</span> <span class='ocrx_word' id='word_1_170' title='bbox 652 3181 792 3261; x_wconf 80' lang='lat' dir='ltr'>concedit3</span> <span class='ocrx_word' id='word_1_171' title='bbox 809 3187 858 3246; x_wconf 90' lang='lat' dir='ltr'>sed</span> <span class='ocrx_word' id='word_1_172' title='bbox 916 3238 921 3245; x_wconf 93' lang='lat'><strong>.</strong></span> 
     </span>
     <span class='ocr_line' id='line_1_28' title="bbox 114 3258 855 3342; baseline 0.013 -26"><span class='ocrx_word' id='word_1_173' title='bbox 114 3258 232 3317; x_wconf 87' lang='lat' dir='ltr'>animam</span> <span class='ocrx_word' id='word_1_174' title='bbox 245 3279 323 3317; x_wconf 85' lang='lat' dir='ltr'>suom</span> <span class='ocrx_word' id='word_1_175' title='bbox 335 3259 405 3320; x_wconf 84' lang='lat' dir='ltr'>virn</span> <span class='ocrx_word' id='word_1_176' title='bbox 439 3259 525 3340; x_wconf 77' lang='lat' dir='ltr'>lugens</span> <span class='ocrx_word' id='word_1_177' title='bbox 538 3260 746 3342; x_wconf 85' lang='lat' dir='ltr'>persoeordiam</span> <span class='ocrx_word' id='word_1_178' title='bbox 781 3274 784 3279; x_wconf 84' lang='lat'>&#39;</span> <span class='ocrx_word' id='word_1_179' title='bbox 825 3265 855 3326; x_wconf 83' lang='lat' dir='ltr'>&#39;t.</span> 
     </span>
    </p>

    <p class='ocr_par' dir='ltr' id='par_1_8' title="bbox 62 3279 1012 5168">
     <span class='ocr_line' id='line_1_29' title="bbox 116 3279 858 3406; baseline 0.013 -10"><span class='ocrx_word' id='word_1_180' title='bbox 116 3337 223 3398; x_wconf 87' lang='lat' dir='ltr'>Etenim</span> <span class='ocrx_word' id='word_1_181' title='bbox 243 3338 323 3398; x_wconf 80' lang='lat' dir='ltr'>rebus</span> <span class='ocrx_word' id='word_1_182' title='bbox 342 3279 470 3399; x_wconf 51' lang='lat' dir='ltr'>inanius</span> <span class='ocrx_word' id='word_1_183' title='bbox 482 3351 509 3398; x_wconf 89' lang='lat' dir='ltr'>et</span> <span class='ocrx_word' id='word_1_184' title='bbox 525 3339 637 3401; x_wconf 77' lang='lat' dir='ltr'>caducis</span> <span class='ocrx_word' id='word_1_185' title='bbox 651 3339 719 3401; x_wconf 88' lang='lat' dir='ltr'>dum</span> <span class='ocrx_word' id='word_1_186' title='bbox 767 3341 858 3406; x_wconf 75' lang='lat' dir='ltr'>deus</span> 
     </span>
     <span class='ocr_line' id='line_1_30' title="bbox 115 3417 858 3500; baseline 0.008 -23"><span class='ocrx_word' id='word_1_187' title='bbox 115 3431 163 3493; x_wconf 84' lang='lat' dir='ltr'>est,</span> <span class='ocrx_word' id='word_1_188' title='bbox 185 3417 262 3476; x_wconf 89' lang='lat' dir='ltr'>bonis</span> <span class='ocrx_word' id='word_1_189' title='bbox 286 3417 436 3478; x_wconf 79' lang='lat' dir='ltr'>oelestibus</span> <span class='ocrx_word' id='word_1_190' title='bbox 461 3417 588 3500; x_wconf 75' lang='lat' dir='ltr'>privatur</span> <span class='ocrx_word' id='word_1_191' title='bbox 611 3444 618 3479; x_wconf 74' lang='grc' dir='ltr'><strong><em>ε</em></strong></span> <span class='ocrx_word' id='word_1_192' title='bbox 640 3433 666 3480; x_wconf 83' lang='lat' dir='ltr'>et</span> <span class='ocrx_word' id='word_1_193' title='bbox 691 3420 741 3500; x_wconf 90' lang='lat' dir='ltr'>qni</span> <span class='ocrx_word' id='word_1_194' title='bbox 766 3444 858 3483; x_wconf 85' lang='lat' dir='ltr'>rerum</span> 
     </span>
     <span class='ocr_line' id='line_1_31' title="bbox 115 3497 859 3584; baseline 0.012 -29"><span class='ocrx_word' id='word_1_195' title='bbox 115 3497 236 3557; x_wconf 89' lang='lat' dir='ltr'>omnium</span> <span class='ocrx_word' id='word_1_196' title='bbox 245 3497 372 3557; x_wconf 87' lang='lat' dir='ltr'>dominus</span> <span class='ocrx_word' id='word_1_197' title='bbox 379 3519 479 3577; x_wconf 79' lang='lat' dir='ltr'>rexque</span> <span class='ocrx_word' id='word_1_198' title='bbox 487 3498 646 3559; x_wconf 83' lang='lat' dir='ltr'>constitutus</span> <span class='ocrx_word' id='word_1_199' title='bbox 657 3515 698 3560; x_wconf 86' lang='lat' dir='ltr'>est</span> <span class='ocrx_word' id='word_1_200' title='bbox 706 3500 743 3560; x_wconf 87' lang='lat' dir='ltr'>ab</span> <span class='ocrx_word' id='word_1_201' title='bbox 752 3501 859 3584; x_wconf 84' lang='lat' dir='ltr'>Opiiioe</span> 
     </span>
     <span class='ocr_line' id='line_1_32' title="bbox 115 3577 856 3652; baseline 0.009 -17"><span class='ocrx_word' id='word_1_202' title='bbox 115 3597 164 3636; x_wconf 86' lang='lat' dir='ltr'>suo</span> <span class='ocrx_word' id='word_1_203' title='bbox 173 3598 205 3636; x_wconf 87' lang='lat' dir='ltr'>ac</span> <span class='ocrx_word' id='word_1_204' title='bbox 218 3579 285 3652; x_wconf 88' lang='lat' dir='ltr'>Deo,</span> <span class='ocrx_word' id='word_1_205' title='bbox 301 3577 337 3636; x_wconf 89' lang='lat' dir='ltr'>ob</span> <span class='ocrx_word' id='word_1_206' title='bbox 350 3577 488 3637; x_wconf 76' lang='lat' dir='ltr'>secularia</span> <span class='ocrx_word' id='word_1_207' title='bbox 502 3577 640 3639; x_wconf 76' lang='lat' dir='ltr'>desideria</span> <span class='ocrx_word' id='word_1_208' title='bbox 648 3579 736 3640; x_wconf 76' lang='lat' dir='ltr'>saeuus</span> <span class='ocrx_word' id='word_1_209' title='bbox 748 3595 788 3641; x_wconf 83' lang='lat' dir='ltr'>est</span> <span class='ocrx_word' id='word_1_210' title='bbox 800 3604 856 3642; x_wconf 82' lang='lat' dir='ltr'>eer-</span> 
     </span>
     <span class='ocr_line' id='line_1_33' title="bbox 115 3656 857 3746; baseline 0.009 -32"><span class='ocrx_word' id='word_1_211' title='bbox 115 3677 167 3716; x_wconf 81' lang='lat' dir='ltr'>vus</span> <span class='ocrx_word' id='word_1_212' title='bbox 181 3656 292 3746; x_wconf 84' lang='lat' dir='ltr'>peceati.</span> <span class='ocrx_word' id='word_1_213' title='bbox 313 3657 497 3729; x_wconf 80' lang='lat' dir='ltr'>Quamobrem</span> <span class='ocrx_word' id='word_1_214' title='bbox 510 3657 545 3718; x_wconf 90' lang='lat' dir='ltr'>de</span> <span class='ocrx_word' id='word_1_215' title='bbox 555 3658 599 3733; x_wconf 91' lang='lat' dir='ltr'>iis,</span> <span class='ocrx_word' id='word_1_216' title='bbox 613 3659 660 3738; x_wconf 91' lang='lat' dir='ltr'>qui</span> <span class='ocrx_word' id='word_1_217' title='bbox 674 3660 732 3718; x_wconf 75' lang='lat' dir='ltr'>hee</span> <span class='ocrx_word' id='word_1_218' title='bbox 745 3660 857 3737; x_wconf 80' lang='lat' dir='ltr'>iaciunt,</span> 
     </span>
     <span class='ocr_line' id='line_1_34' title="bbox 115 3734 1007 3830; baseline 0.01 -37"><span class='ocrx_word' id='word_1_219' title='bbox 115 3735 202 3814; x_wconf 78' lang='lat' dir='ltr'>inquit</span> <span class='ocrx_word' id='word_1_220' title='bbox 215 3734 305 3796; x_wconf 84' lang='lat' dir='ltr'>David</span> <span class='ocrx_word' id='word_1_221' title='bbox 318 3760 324 3794; x_wconf 93' lang='lat'><strong>:</strong></span> <span class='ocrx_word' id='word_1_222' title='bbox 339 3739 521 3810; x_wconf 76' lang='lat' dir='ltr'>Nescierunr,</span> <span class='ocrx_word' id='word_1_223' title='bbox 534 3760 627 3830; x_wconf 73' lang='lat' dir='ltr'>oeque</span> <span class='ocrx_word' id='word_1_224' title='bbox 636 3739 857 3811; x_wconf 63' lang='lat' dir='ltr'>intellexeram</span> <span class='ocrx_word' id='word_1_225' title='bbox 868 3771 1007 3821; x_wconf 44' lang='grc' dir='ltr'>ρηιω,</span> 
     </span>
     <span class='ocr_line' id='line_1_35' title="bbox 115 3816 856 3898; baseline 0.007 -24"><span class='ocrx_word' id='word_1_226' title='bbox 115 3818 147 3874; x_wconf 86' lang='lat' dir='ltr'>in</span> <span class='ocrx_word' id='word_1_227' title='bbox 159 3819 282 3875; x_wconf 78' lang='lat' dir='ltr'>tenebris</span> <span class='ocrx_word' id='word_1_228' title='bbox 293 3817 458 3876; x_wconf 81' lang='lat' dir='ltr'>ambulant.</span> <span class='ocrx_word' id='word_1_229' title='bbox 468 3816 505 3875; x_wconf 88' lang='lat' dir='ltr'>Et</span> <span class='ocrx_word' id='word_1_230' title='bbox 516 3818 639 3877; x_wconf 79' lang='lat' dir='ltr'>chnstus</span> <span class='ocrx_word' id='word_1_231' title='bbox 648 3831 799 3898; x_wconf 77' lang='lat' dir='ltr'>peccatores</span> <span class='ocrx_word' id='word_1_232' title='bbox 811 3820 856 3879; x_wconf 89' lang='lat' dir='ltr'>iu·</span> 
     </span>
     <span class='ocr_line' id='line_1_36' title="bbox 116 3895 1009 3975; baseline 0.007 -22"><span class='ocrx_word' id='word_1_233' title='bbox 116 3916 199 3954; x_wconf 89' lang='lat' dir='ltr'>nuens</span> <span class='ocrx_word' id='word_1_234' title='bbox 212 3895 268 3954; x_wconf 86' lang='lat' dir='ltr'>ait:</span> <span class='ocrx_word' id='word_1_235' title='bbox 281 3897 350 3954; x_wconf 85' lang='lat' dir='ltr'>Non</span> <span class='ocrx_word' id='word_1_236' title='bbox 365 3900 488 3955; x_wconf 80' lang='lat' dir='ltr'>veniunt</span> <span class='ocrx_word' id='word_1_237' title='bbox 506 3898 548 3954; x_wconf 85' lang='lat' dir='ltr'>ad</span> <span class='ocrx_word' id='word_1_238' title='bbox 561 3897 666 3968; x_wconf 82' lang='lat' dir='ltr'>lucem,</span> <span class='ocrx_word' id='word_1_239' title='bbox 682 3909 716 3956; x_wconf 88' lang='lat' dir='ltr'>ut</span> <span class='ocrx_word' id='word_1_240' title='bbox 735 3918 795 3956; x_wconf 83' lang='lat' dir='ltr'>non</span> <span class='ocrx_word' id='word_1_241' title='bbox 808 3920 857 3958; x_wconf 87' lang='lat' dir='ltr'>ar·</span> <span class='ocrx_word' id='word_1_242' title='bbox 866 3928 956 3975; x_wconf 69' lang='lat' dir='ltr'>loeus</span> <span class='ocrx_word' id='word_1_243' title='bbox 970 3938 1009 3972; x_wconf 67' lang='lat'>20,</span> 
     </span>
     <span class='ocr_line' id='line_1_37' title="bbox 112 3978 858 4058; baseline 0.005 -25"><span class='ocrx_word' id='word_1_244' title='bbox 112 3988 244 4056; x_wconf 78' lang='lat' dir='ltr'>guantur</span> <span class='ocrx_word' id='word_1_245' title='bbox 257 3995 344 4055; x_wconf 86' lang='lat' dir='ltr'>opera</span> <span class='ocrx_word' id='word_1_246' title='bbox 363 3996 463 4034; x_wconf 85' lang='lat' dir='ltr'>eorum</span> <span class='ocrx_word' id='word_1_247' title='bbox 479 3999 488 4030; x_wconf 82' lang='lat'>.-</span> <span class='ocrx_word' id='word_1_248' title='bbox 504 3979 599 4035; x_wconf 84' lang='lat' dir='ltr'>omnis</span> <span class='ocrx_word' id='word_1_249' title='bbox 612 3979 690 4034; x_wconf 84' lang='lat' dir='ltr'>enim</span> <span class='ocrx_word' id='word_1_250' title='bbox 707 3979 759 4058; x_wconf 80' lang='lat' dir='ltr'>qui</span> <span class='ocrx_word' id='word_1_251' title='bbox 775 3978 858 4037; x_wconf 79' lang='lat' dir='ltr'>mola</span> 
     </span>
     <span class='ocr_line' id='line_1_38' title="bbox 116 4052 982 4135; baseline 0.003 -22"><span class='ocrx_word' id='word_1_252' title='bbox 116 4058 188 4135; x_wconf 82' lang='lat' dir='ltr'>ogit,</span> <span class='ocrx_word' id='word_1_253' title='bbox 202 4054 263 4112; x_wconf 84' lang='lat' dir='ltr'>odit</span> <span class='ocrx_word' id='word_1_254' title='bbox 279 4055 381 4114; x_wconf 84' lang='lat' dir='ltr'>locem.</span> <span class='ocrx_word' id='word_1_255' title='bbox 396 4053 433 4112; x_wconf 82' lang='lat' dir='ltr'>Et</span> <span class='ocrx_word' id='word_1_256' title='bbox 444 4074 538 4113; x_wconf 88' lang='lat' dir='ltr'>rursus</span> <span class='ocrx_word' id='word_1_257' title='bbox 555 4052 624 4114; x_wconf 87' lang='lat' dir='ltr'>dicit</span> <span class='ocrx_word' id='word_1_258' title='bbox 641 4078 648 4112; x_wconf 73' lang='grc' dir='ltr'><strong>ε</strong></span> <span class='ocrx_word' id='word_1_259' title='bbox 666 4055 748 4115; x_wconf 85' lang='lat' dir='ltr'>Dum</span> <span class='ocrx_word' id='word_1_260' title='bbox 763 4055 857 4118; x_wconf 80' lang='lat' dir='ltr'>lucem</span> <span class='ocrx_word' id='word_1_261' title='bbox 869 4089 929 4132; x_wconf 57' lang='lat' dir='ltr'>m„</span> <span class='ocrx_word' id='word_1_262' title='bbox 947 4098 982 4131; x_wconf 75' lang='lat' dir='ltr'>ra.</span> 
     </span>
     <span class='ocr_line' id='line_1_39' title="bbox 117 4133 907 4208; baseline 0 -15"><span class='ocrx_word' id='word_1_263' title='bbox 117 4135 241 4205; x_wconf 75' lang='lat' dir='ltr'>habetis,</span> <span class='ocrx_word' id='word_1_264' title='bbox 257 4134 409 4193; x_wconf 81' lang='lat' dir='ltr'>ambulate</span> <span class='ocrx_word' id='word_1_265' title='bbox 421 4134 454 4191; x_wconf 81' lang='lat' dir='ltr'>in</span> <span class='ocrx_word' id='word_1_266' title='bbox 465 4133 539 4208; x_wconf 82' lang='lat' dir='ltr'>luce,</span> <span class='ocrx_word' id='word_1_267' title='bbox 552 4146 585 4193; x_wconf 86' lang='lat' dir='ltr'>ut</span> <span class='ocrx_word' id='word_1_268' title='bbox 594 4138 787 4195; x_wconf 83' lang='lat' dir='ltr'>nontenebroe</span> <span class='ocrx_word' id='word_1_269' title='bbox 801 4156 857 4196; x_wconf 81' lang='lat' dir='ltr'>vos</span> <span class='ocrx_word' id='word_1_270' title='bbox 866 4147 907 4198; x_wconf 75' lang='lat'>35.</span> 
     </span>
     <span class='ocr_line' id='line_1_40' title="bbox 80 4214 983 4308; baseline 0.007 -38"><span class='ocrx_word' id='word_1_271' title='bbox 80 4218 98 4266; x_wconf 80' lang='lat' dir='ltr'>C</span> <span class='ocrx_word' id='word_1_272' title='bbox 117 4214 379 4293; x_wconf 68' lang='lat' dir='ltr'>comprehendent,-</span> <span class='ocrx_word' id='word_1_273' title='bbox 390 4225 416 4271; x_wconf 87' lang='lat' dir='ltr'>et</span> <span class='ocrx_word' id='word_1_274' title='bbox 428 4232 534 4290; x_wconf 89' lang='lat' dir='ltr'>rursus,</span> <span class='ocrx_word' id='word_1_275' title='bbox 556 4215 622 4308; x_wconf 64' lang='lat' dir='ltr'>Epo</span> <span class='ocrx_word' id='word_1_276' title='bbox 644 4218 716 4273; x_wconf 78' lang='lat' dir='ltr'>uerti</span> <span class='ocrx_word' id='word_1_277' title='bbox 728 4216 762 4274; x_wconf 80' lang='lat' dir='ltr'>in</span> <span class='ocrx_word' id='word_1_278' title='bbox 773 4235 859 4275; x_wconf 80' lang='lat' dir='ltr'>murt·</span> <span class='ocrx_word' id='word_1_279' title='bbox 869 4243 930 4290; x_wconf 64' lang='lat' dir='ltr'>lm,</span> <span class='ocrx_word' id='word_1_280' title='bbox 946 4255 983 4287; x_wconf 64' lang='lat'>10,</span> 
     </span>
     <span class='ocr_line' id='line_1_41' title="bbox 117 4291 1012 4374; baseline -0.003 -23"><span class='ocrx_word' id='word_1_281' title='bbox 117 4295 197 4364; x_wconf 65' lang='lat' dir='ltr'>dem,</span> <span class='ocrx_word' id='word_1_282' title='bbox 211 4305 304 4352; x_wconf 88' lang='lat' dir='ltr'>utnon</span> <span class='ocrx_word' id='word_1_283' title='bbox 325 4305 445 4374; x_wconf 85' lang='lat' dir='ltr'>pereant,</span> <span class='ocrx_word' id='word_1_284' title='bbox 457 4291 504 4351; x_wconf 88' lang='lat' dir='ltr'>sed</span> <span class='ocrx_word' id='word_1_285' title='bbox 516 4305 548 4353; x_wconf 86' lang='lat' dir='ltr'>ut</span> <span class='ocrx_word' id='word_1_286' title='bbox 560 4306 657 4352; x_wconf 79' lang='lat' dir='ltr'>ostam</span> <span class='ocrx_word' id='word_1_287' title='bbox 675 4294 817 4366; x_wconf 60' lang='lat' dir='ltr'>taem</span> <span class='ocrx_word' id='word_1_288' title='bbox 832 4309 859 4355; x_wconf 88' lang='lat' dir='ltr'>et</span> <span class='ocrx_word' id='word_1_289' title='bbox 871 4319 907 4352; x_wconf 85' lang='grc' dir='ltr'>ιο.</span> <span class='ocrx_word' id='word_1_290' title='bbox 928 4315 950 4350; x_wconf 67' lang='grc' dir='ltr'>οι</span> <span class='ocrx_word' id='word_1_291' title='bbox 975 4316 1012 4349; x_wconf 68' lang='lat'>12.</span> 
     </span>
     <span class='ocr_line' id='line_1_42' title="bbox 62 4369 1010 4477; baseline 0.003 -48"><span class='ocrx_word' id='word_1_292' title='bbox 62 4404 64 4414; x_wconf 92' lang='lat'><em>·</em></span> <span class='ocrx_word' id='word_1_293' title='bbox 118 4393 221 4445; x_wconf 85' lang='lat' dir='ltr'>rursus,</span> <span class='ocrx_word' id='word_1_294' title='bbox 234 4373 303 4431; x_wconf 85' lang='lat' dir='ltr'>Non</span> <span class='ocrx_word' id='word_1_295' title='bbox 315 4375 386 4431; x_wconf 81' lang='lat' dir='ltr'>oeni</span> <span class='ocrx_word' id='word_1_296' title='bbox 401 4384 432 4431; x_wconf 88' lang='lat' dir='ltr'>ut</span> <span class='ocrx_word' id='word_1_297' title='bbox 444 4373 576 4452; x_wconf 76' lang='lat' dir='ltr'>judicem</span> <span class='ocrx_word' id='word_1_298' title='bbox 591 4374 743 4448; x_wconf 70' lang='lat' dir='ltr'>mundrein,</span> <span class='ocrx_word' id='word_1_299' title='bbox 765 4375 817 4435; x_wconf 82' lang='lat' dir='ltr'>sed</span> <span class='ocrx_word' id='word_1_300' title='bbox 826 4388 859 4435; x_wconf 86' lang='lat' dir='ltr'>ut</span> <span class='ocrx_word' id='word_1_301' title='bbox 869 4369 908 4477; x_wconf 63' lang='lat' dir='ltr'>ip</span> <span class='ocrx_word' id='word_1_302' title='bbox 929 4375 952 4412; x_wconf 76' lang='lat'>⁶¹</span> <span class='ocrx_word' id='word_1_303' title='bbox 974 4380 1010 4412; x_wconf 86' lang='lat'>¹⁰·</span> 
     </span>
     <span class='ocr_line' id='line_1_43' title="bbox 118 4444 1000 4553; baseline 0.005 -42"><span class='ocrx_word' id='word_1_304' title='bbox 118 4452 233 4511; x_wconf 82' lang='lat' dir='ltr'>salvum</span> <span class='ocrx_word' id='word_1_305' title='bbox 241 4453 366 4530; x_wconf 65' lang='lat' dir='ltr'>faciam</span> <span class='ocrx_word' id='word_1_306' title='bbox 376 4465 402 4511; x_wconf 87' lang='lat' dir='ltr'>et</span> <span class='ocrx_word' id='word_1_307' title='bbox 412 4472 517 4528; x_wconf 89' lang='lat' dir='ltr'>rursus,</span> <span class='ocrx_word' id='word_1_308' title='bbox 527 4450 672 4512; x_wconf 74' lang='lat' dir='ltr'>Animum</span> <span class='ocrx_word' id='word_1_309' title='bbox 678 4472 774 4513; x_wconf 82' lang='lat' dir='ltr'>meam</span> <span class='ocrx_word' id='word_1_310' title='bbox 782 4475 860 4536; x_wconf 81' lang='lat' dir='ltr'>porto</span> <span class='ocrx_word' id='word_1_311' title='bbox 871 4444 925 4539; x_wconf 38' lang='grc' dir='ltr'>’ὦ</span> <span class='ocrx_word' id='word_1_312' title='bbox 939 4505 961 4552; x_wconf 37' lang='grc'>7,</span> <span class='ocrx_word' id='word_1_313' title='bbox 972 4489 1000 4553; x_wconf 84' lang='lat'>³7</span> 
     </span>
     <span class='ocr_line' id='line_1_44' title="bbox 62 4529 862 4612; baseline 0.008 -23"><span class='ocrx_word' id='word_1_314' title='bbox 62 4579 64 4595; x_wconf 84' lang='lat'>.</span> <span class='ocrx_word' id='word_1_315' title='bbox 117 4553 171 4612; x_wconf 87' lang='lat' dir='ltr'>pro</span> <span class='ocrx_word' id='word_1_316' title='bbox 190 4535 304 4591; x_wconf 80' lang='lat' dir='ltr'>ovibus.</span> <span class='ocrx_word' id='word_1_317' title='bbox 323 4531 387 4589; x_wconf 81' lang='lat' dir='ltr'>Haee</span> <span class='ocrx_word' id='word_1_318' title='bbox 404 4530 487 4591; x_wconf 78' lang='lat' dir='ltr'>rerba</span> <span class='ocrx_word' id='word_1_319' title='bbox 502 4551 564 4590; x_wconf 89' lang='lat' dir='ltr'>eum</span> <span class='ocrx_word' id='word_1_320' title='bbox 578 4529 707 4592; x_wconf 82' lang='lat' dir='ltr'>audiisset</span> <span class='ocrx_word' id='word_1_321' title='bbox 723 4535 862 4610; x_wconf 83' lang='lat' dir='ltr'>meretrix,</span> 
     </span>
     <span class='ocr_line' id='line_1_45' title="bbox 62 4608 863 4692; baseline 0.007 -24"><span class='ocrx_word' id='word_1_322' title='bbox 62 4656 65 4668; x_wconf 93' lang='lat'><em>.</em></span> <span class='ocrx_word' id='word_1_323' title='bbox 119 4608 863 4692; x_wconf 78' lang='lat' dir='ltr'>tamquamaromatanndequaquedivulgata,etomni·</span> 
     </span>
     <span class='ocr_line' id='line_1_46' title="bbox 62 4688 864 4771; baseline 0.006 -23"><span class='ocrx_word' id='word_1_324' title='bbox 62 4714 66 4738; x_wconf 74' lang='grc' dir='ltr'><strong><em>ν</em></strong></span> <span class='ocrx_word' id='word_1_325' title='bbox 120 4691 182 4767; x_wconf 86' lang='lat' dir='ltr'>bus,</span> <span class='ocrx_word' id='word_1_326' title='bbox 195 4691 241 4769; x_wconf 85' lang='lat' dir='ltr'>qui</span> <span class='ocrx_word' id='word_1_327' title='bbox 253 4689 330 4768; x_wconf 76' lang='lat' dir='ltr'>digni</span> <span class='ocrx_word' id='word_1_328' title='bbox 346 4704 428 4766; x_wconf 87' lang='lat' dir='ltr'>erant,</span> <span class='ocrx_word' id='word_1_329' title='bbox 439 4688 548 4750; x_wconf 82' lang='lat' dir='ltr'>odorem</span> <span class='ocrx_word' id='word_1_330' title='bbox 559 4690 622 4751; x_wconf 74' lang='lat' dir='ltr'>vite</span> <span class='ocrx_word' id='word_1_331' title='bbox 635 4691 788 4771; x_wconf 74' lang='lat' dir='ltr'>fundentia3</span> <span class='ocrx_word' id='word_1_332' title='bbox 802 4714 864 4753; x_wconf 92' lang='lat' dir='ltr'>cum</span> 
     </span>
     <span class='ocr_line' id='line_1_47' title="bbox 62 4769 865 4850; baseline 0.006 -23"><span class='ocrx_word' id='word_1_333' title='bbox 62 4795 67 4827; x_wconf 75' lang='grc' dir='ltr'><strong>ι</strong></span> <span class='ocrx_word' id='word_1_334' title='bbox 122 4770 162 4829; x_wconf 83' lang='lat' dir='ltr'>illi</span> <span class='ocrx_word' id='word_1_335' title='bbox 184 4770 255 4829; x_wconf 84' lang='lat' dir='ltr'>mala</span> <span class='ocrx_word' id='word_1_336' title='bbox 273 4790 354 4849; x_wconf 87' lang='lat' dir='ltr'>opera</span> <span class='ocrx_word' id='word_1_337' title='bbox 372 4790 421 4828; x_wconf 87' lang='lat' dir='ltr'>sua</span> <span class='ocrx_word' id='word_1_338' title='bbox 435 4769 462 4829; x_wconf 90' lang='lat' dir='ltr'>in</span> <span class='ocrx_word' id='word_1_339' title='bbox 476 4782 593 4830; x_wconf 89' lang='lat' dir='ltr'>mentem</span> <span class='ocrx_word' id='word_1_340' title='bbox 612 4770 758 4850; x_wconf 71' lang='lat' dir='ltr'>venissent,</span> <span class='ocrx_word' id='word_1_341' title='bbox 771 4793 801 4832; x_wconf 80' lang='lat' dir='ltr'>es</span> <span class='ocrx_word' id='word_1_342' title='bbox 816 4771 865 4832; x_wconf 88' lang='lat' dir='ltr'>da·</span> 
     </span>
     <span class='ocr_line' id='line_1_48' title="bbox 62 4848 866 4940; baseline 0.006 -33"><span class='ocrx_word' id='word_1_343' title='bbox 62 4874 68 4907; x_wconf 85' lang='lat' dir='ltr'>t</span> <span class='ocrx_word' id='word_1_344' title='bbox 123 4850 238 4925; x_wconf 82' lang='lat' dir='ltr'>mnavit,</span> <span class='ocrx_word' id='word_1_345' title='bbox 251 4851 371 4931; x_wconf 88' lang='lat' dir='ltr'>ipsorum</span> <span class='ocrx_word' id='word_1_346' title='bbox 384 4848 528 4940; x_wconf 80' lang='lat' dir='ltr'>deplorans</span> <span class='ocrx_word' id='word_1_347' title='bbox 541 4849 688 4924; x_wconf 73' lang='lat' dir='ltr'>infamiam,</span> <span class='ocrx_word' id='word_1_348' title='bbox 702 4872 764 4911; x_wconf 90' lang='lat' dir='ltr'>eum</span> <span class='ocrx_word' id='word_1_349' title='bbox 776 4873 866 4912; x_wconf 87' lang='lat' dir='ltr'>seeum</span> 
     </span>
     <span class='ocr_line' id='line_1_49' title="bbox 64 4928 868 5009; baseline 0.004 -20"><span class='ocrx_word' id='word_1_350' title='bbox 64 4952 69 4964; x_wconf 93' lang='lat'>·</span> <span class='ocrx_word' id='word_1_351' title='bbox 124 4930 252 5009; x_wconf 77' lang='lat' dir='ltr'>cogitaret</span> <span class='ocrx_word' id='word_1_352' title='bbox 267 4944 367 5007; x_wconf 82' lang='lat' dir='ltr'>quanta</span> <span class='ocrx_word' id='word_1_353' title='bbox 384 4928 437 4987; x_wconf 79' lang='lat' dir='ltr'>sihr</span> <span class='ocrx_word' id='word_1_354' title='bbox 452 4928 489 4987; x_wconf 93' lang='lat' dir='ltr'>ob</span> <span class='ocrx_word' id='word_1_355' title='bbox 506 4928 565 4988; x_wconf 79' lang='lat' dir='ltr'>hmo</span> <span class='ocrx_word' id='word_1_356' title='bbox 584 4929 682 4989; x_wconf 77' lang='lat' dir='ltr'>seelera</span> <span class='ocrx_word' id='word_1_357' title='bbox 699 4929 868 4992; x_wconf 88' lang='lat' dir='ltr'>imminerent</span> 
     </span>
     <span class='ocr_line' id='line_1_50' title="bbox 63 5007 871 5087; baseline 0.002 -19"><span class='ocrx_word' id='word_1_358' title='bbox 63 5032 72 5074; x_wconf 88' lang='lat' dir='ltr'>t</span> <span class='ocrx_word' id='word_1_359' title='bbox 126 5010 195 5068; x_wconf 85' lang='lat' dir='ltr'>mala</span> <span class='ocrx_word' id='word_1_360' title='bbox 219 5033 226 5066; x_wconf 74' lang='lat' dir='ltr'><em>z</em></span> <span class='ocrx_word' id='word_1_361' title='bbox 253 5008 338 5069; x_wconf 84' lang='lat' dir='ltr'>multa</span> <span class='ocrx_word' id='word_1_362' title='bbox 363 5007 436 5068; x_wconf 91' lang='lat' dir='ltr'>enim</span> <span class='ocrx_word' id='word_1_363' title='bbox 463 5007 584 5085; x_wconf 85' lang='lat' dir='ltr'>tristitia,</span> <span class='ocrx_word' id='word_1_364' title='bbox 611 5008 766 5087; x_wconf 86' lang='lat' dir='ltr'>multusque</span> <span class='ocrx_word' id='word_1_365' title='bbox 791 5008 871 5070; x_wconf 83' lang='lat' dir='ltr'>dolor</span> 
     </span>
     <span class='ocr_line' id='line_1_51' title="bbox 62 5085 872 5168; baseline 0.006 -23"><span class='ocrx_word' id='word_1_366' title='bbox 62 5112 73 5145; x_wconf 77' lang='grc' dir='ltr'>ι</span> <span class='ocrx_word' id='word_1_367' title='bbox 127 5089 184 5149; x_wconf 89' lang='lat' dir='ltr'>illic</span> <span class='ocrx_word' id='word_1_368' title='bbox 197 5110 252 5167; x_wconf 86' lang='lat' dir='ltr'>eos,</span> <span class='ocrx_word' id='word_1_369' title='bbox 271 5088 318 5168; x_wconf 87' lang='lat' dir='ltr'>qui</span> <span class='ocrx_word' id='word_1_370' title='bbox 337 5087 486 5147; x_wconf 83' lang='lat' dir='ltr'>meretricie</span> <span class='ocrx_word' id='word_1_371' title='bbox 507 5087 615 5164; x_wconf 84' lang='lat' dir='ltr'>vivont,</span> <span class='ocrx_word' id='word_1_372' title='bbox 628 5085 743 5149; x_wconf 86' lang='lat' dir='ltr'>invadit.</span> <span class='ocrx_word' id='word_1_373' title='bbox 766 5088 872 5150; x_wconf 87' lang='lat' dir='ltr'>Horum</span> 
     </span>
    </p>
   </div>
   <div class='ocr_carea' id='block_1_6' title="bbox 145 5245 834 5316">
    <p class='ocr_par' dir='ltr' id='par_1_9' title="bbox 145 5245 834 5316">
     <span class='ocr_line' id='line_1_52' title="bbox 145 5245 834 5316; baseline -0.001 -15"><span class='ocrx_word' id='word_1_374' title='bbox 145 5253 157 5289; x_wconf 77' lang='lat'>¹³</span> <span class='ocrx_word' id='word_1_375' title='bbox 176 5251 222 5301; x_wconf 81' lang='lat' dir='ltr'>Hic</span> <span class='ocrx_word' id='word_1_376' title='bbox 235 5246 351 5316; x_wconf 67' lang='lat' dir='ltr'>predum</span> <span class='ocrx_word' id='word_1_377' title='bbox 363 5264 433 5298; x_wconf 82' lang='lat' dir='ltr'>secus</span> <span class='ocrx_word' id='word_1_378' title='bbox 446 5248 527 5312; x_wconf 81' lang='lat' dir='ltr'>posita</span> <span class='ocrx_word' id='word_1_379' title='bbox 537 5262 568 5297; x_wconf 75' lang='lat' dir='ltr'>er</span> <span class='ocrx_word' id='word_1_380' title='bbox 580 5246 638 5297; x_wconf 67' lang='lat' dir='ltr'>lise.</span> <span class='ocrx_word' id='word_1_381' title='bbox 656 5245 834 5305; x_wconf 76' lang='lat' dir='ltr'>emendantur.</span> 
     </span>
    </p>
   </div>
   <div class='ocr_carea' id='block_1_7' title="bbox 0 0 1891 5940">
    <p class='ocr_par' dir='ltr' id='par_1_10' title="bbox 0 0 1891 5940">
     <span class='ocr_line' id='line_1_53' title="bbox 0 0 1891 5940; baseline 0 0"><span class='ocrx_word' id='word_1_382' title='bbox 0 0 1891 5940; x_wconf 95' lang='lat' dir='ltr'> </span> 
     </span>
    </p>
   </div>
  </div>
 </body>
</html>
