3750 5940
46 442 93 491 mr
120 439 251 486 oneris
276 437 366 499 uns,
391 436 469 483 erc.
768 409 841 509 649

97 565 151 622 tibi
199 564 263 618 atio
270 579 335 617 mea
342 583 354 627 ;
365 579 436 617 nam
448 562 544 617 virtus
553 577 618 616 mea
626 561 657 615 in
668 557 842 697 iffrrur'tote

96 581 257 722 perfiiitur.
273 638 392 728 Sufficit
409 640 462 696 tibi
476 641 575 718 gratia
588 657 663 694 mea.
707 635 765 695 ides
781 656 841 727 quae
910 696 915 703 ,

98 719 215 801 pateris,
230 739 282 777 uon
298 717 375 776 vides
388 739 447 796 quae
461 716 525 775 facis
538 740 545 773 ε
558 737 618 795 quae
638 729 730 774 contra
744 729 771 774 te
788 715 840 774 rni·
909 730 915 737 '

99 799 163 858 mici
175 798 277 856 iaciunt
290 797 378 869 vides,
389 817 450 874 quie
463 816 513 875 ego
526 795 555 855 in
568 809 594 854 te
604 794 674 854 facio
686 814 740 854 non
755 793 840 853 vides.

99 879 145 938 llli
164 892 190 937 te
211 877 360 957 flagellant,
378 896 427 955 ego
444 875 480 939 do
499 875 626 955 gratiam.
649 873 793 934 Intrastinc
814 874 841 932 in

99 979 241 1032 caroerern,
254 977 342 1016 annon
356 955 482 1015 intrasti?
495 955 609 1033 Intravi,
624 968 650 1014 et
661 968 687 1014 te
700 973 776 1032 rugo.
788 953 842 1014 vi-

100 1037 166 1097 disti
187 1036 244 1096 illic
263 1036 390 1115 angelum
409 1051 524 1109 samue,
549 1035 654 1095 necne?
674 1033 742 1096 Vidi
761 1053 841 1109 eum,

101 1117 149 1196 qui
170 1136 213 1175 rne
236 1116 285 1175 illo
303 1115 470 1196 conjiciebat.
487 1115 585 1176 Vinnit
600 1129 643 1191 te,
659 1135 695 1173 an
715 1135 768 1173 non
782 1113 843 1174 vin-

49 1249 51 1259 ,
103 1199 144 1255 xit
154 1197 167 1254 l
179 1195 246 1274 quid
256 1217 305 1274 ego
315 1195 388 1254 leci?
403 1215 490 1254 annon
502 1216 594 1255 muros
604 1194 745 1254 concussi?
755 1214 843 1252 annon

49 1332 51 1337 ,
102 1278 171 1335 sores
183 1276 300 1356 aperui?
314 1295 401 1334 annon
416 1274 526 1334 vincula
535 1274 635 1334 solvi?
650 1294 740 1333 annon
757 1285 844 1333 custo·

103 1357 163 1414 dem
180 1356 293 1414 carceris
303 1355 442 1471 captivum
455 1354 506 1413 tibi
524 1353 643 1414 tradidi?
654 1375 721 1413 num
739 1367 766 1412 te
778 1351 846 1411 laesit

102 1435 213 1515 angelus
234 1449 347 1494 sewun.
371 1455 458 1493 annon
474 1433 560 1513 gratia
575 1455 633 1493 mea
653 1433 704 1492 tibi
723 1432 845 1515 proluit?

102 1536 189 1573 erinon
209 1514 371 1572 miraculum
389 1513 458 1571 illud
476 1527 503 1572 te
526 1513 735 1595 splendidiorem
753 1512 846 1572 reddi-

67 1594 162 1661 ndit?
186 1594 303 1730 Suppcr't
327 1596 380 1650 tihi
400 1597 499 1673 gratio
522 1615 596 1652 urea.
610 1592 645 1652 Et
668 1593 726 1652 haec
752 1607 778 1651 et
798 1590 845 1650 illa

102 1672 219 1751 queris?
258 1694 292 1730 ou
306 1671 348 1730 vis
362 1671 479 1751 flagella,
499 1694 548 1731 cur
562 1673 661 1751 quaeris
678 1672 774 1752 signa?
793 1691 846 1730 non

101 1753 144 1811 vis
157 1753 287 1832 pericula,
303 1773 352 1810 cur
365 1751 463 1830 quaeris
477 1752 630 1815 miracula?
642 1754 711 1812 Cum
728 1750 847 1841 flagella·

102 1832 155 1908 ris,
175 1831 271 1908 vides;
290 1852 351 1890 cum
372 1845 509 1892 mortuum
525 1832 658 1902 suscitas,
682 1852 735 1891 non
748 1829 846 1891 vides?

103 1932 165 1969 cunr
179 1911 336 1970 vestimenta
345 1924 390 1969 tua
406 1911 487 1969 scissa
501 1911 676 1988 sunt,vidist;
691 1932 753 1969 cum
764 1910 847 1970 verba

104 2005 150 2048 tua
162 1991 269 2049 morbos
281 1991 420 2069 sugerunt,
432 2010 483 2049 uon
499 1990 615 2049 vidisti?
629 2011 691 2049 cum
701 1989 807 2050 rinctus
819 1990 846 2048 iu

103 2070 241 2150 judicium
253 2069 388 2142 veniebas,
396 2068 576 2143 vidisti3cum
592 2071 686 2129 Festus
701 2069 775 2128 dixit
787 2070 847 2144 tibi,

103 2153 141 2207 In
155 2150 267 2208 modico
289 2151 394 2208 suades
416 2171 461 2208 me
479 2151 682 2208 Christianum
694 2150 778 2231 fieri,
794 2171 847 2208 non
860 2171 913 2214 Aa,
947 2172 983 2217 26.

105 2228 217 2287 vidisti?
230 2228 346 2318 Sufficit
358 2231 412 2285 tibi
421 2233 601 2308 gratiamca.
610 2230 743 2308 Magnum
755 2229 848 2310 cepisti
861 2230 898 2278 28-

104 2307 198 2385 telum,
213 2307 332 2388 Spiritus
345 2307 485 2381 virtutem,
501 2330 560 2386 quae
576 2307 661 2368 vincit
675 2307 798 2380 insidias,
813 2322 850 2368 te

105 2408 157 2466 que
189 2385 399 2468 splendidiorem
426 2386 526 2446 reddit.
551 2386 628 2463 Quid
652 2387 722 2446 vis?
746 2387 851 2447 nihilne

106 2467 188 2547 pati?
214 2465 249 2524 Et
273 2465 408 2545 quomodo
437 2466 524 2526 virtus
556 2487 615 2525 mea
641 2465 850 2526 ostenderetur?

107 2546 298 2604 ostenderetur
308 2544 430 2624 quidem,
445 2545 491 2605 sod
501 2567 553 2605 non
563 2559 594 2605 ut
607 2567 678 2605 nune
691 2546 849 2606 ostenditur.

107 2629 170 2699 Quo
190 2625 289 2706 pacto?
308 2624 378 2695 Quia
401 2625 472 2684 enim
494 2625 595 2685 Paulus
608 2625 703 2686 dolens
725 2625 849 2685 dieebnt:

107 2708 156 2766 Vae
170 2705 247 2781 mihi,
257 2705 332 2784 regni
369 2726 436 2763 raeoo
447 2727 519 2781 sum,
529 2705 630 2765 Christi
641 2706 801 2786 discipulus,
810 2728 852 2767 res

107 2784 272 2843 immortales
285 2726 420 2864 predic03
434 2798 461 2844 et
480 2785 612 2864 flagellor,
624 2785 793 2845 contumeliis
812 2787 851 2844 as·

107 2865 195 2940 licior,
210 2863 330 2922 abducor
342 2887 348 2920 ε
361 2885 394 2922 ne
406 2877 545 2944 propterea
555 2865 646 2924 animo
659 2864 778 2936 deficias,
792 2865 851 2926 haec

107 2957 133 3002 te
154 2942 365 3024 splendidiorem
387 2941 529 3002 reddunt:
548 2943 598 3003 nisi
623 2944 681 3004 haee
700 2944 847 3025 patereris,

71 3044 160 3099 cnon
179 3025 217 3081 ita
238 3043 301 3082 cous
322 3023 398 3082 ieuus
415 3043 493 3082 esses.
515 3024 547 3082 ln
566 3045 700 3083 carcerem
716 3024 847 3084 instrasti.

108 3104 167 3162 Nisi
181 3103 286 3162 vinctus
300 3045 403 3178 linsses,
418 3102 479 3161 etsi
496 3115 601 3162 tautum
621 3104 757 3184 ingressus
772 3125 850 3180 esses,

107 3196 133 3241 tc
154 3183 201 3241 ille
215 3181 390 3258 detinuisset,
406 3194 432 3239 et
454 3181 614 3241 eduxisset:
633 3184 692 3263 jam
710 3204 774 3243 vem
789 3205 851 3243 cum

107 3262 213 3320 vinctus
232 3283 317 3334 essee,
330 3274 356 3320 te
374 3259 497 3319 vinetum
512 3262 599 3322 solvit.
615 3262 700 3323 Pedes
714 3262 789 3344 ligno
805 3264 851 3323 de·

107 3343 172 3400 tenti
191 3355 276 3432 erent?
293 3354 319 3399 et
338 3339 423 3419 gratia
442 3362 533 3400 muros
552 3342 694 3401 concussit.
708 3342 772 3405 Haee
789 3343 851 3403 dico

108 3422 208 3500 nequis
220 3421 255 3479 dc
263 3420 370 3480 insidiis
386 3433 478 3479 contra
488 3441 536 3480 nos
548 3422 657 3481 stmetis
668 3422 847 3506 obstupescat.

108 3502 170 3559 llaee
183 3500 312 3577 dicimus,
331 3520 384 3559 non
396 3500 482 3559 Paulo
494 3521 542 3560 nos
555 3515 725 3581 exequentes
745 3508 756 3578 (
767 3524 851 3583 neque

107 3582 179 3639 cuim
198 3581 266 3639 adeo
290 3579 365 3639 stulti
389 3586 523 3657 sumus),
545 3580 592 3640 sod
616 3595 646 3640 ut
669 3580 850 3660 ostendamus,

109 3663 196 3720 Deum
211 3660 361 3719 humilibus
376 3659 428 3717 hoc
441 3660 531 3750 ipsum
547 3660 652 3720 inferre.
664 3663 782 3742 Sufficit
797 3667 851 3722 tibi

106 3746 206 3820 gratia
220 3761 293 3800 mea.
309 3741 368 3798 Nou
385 3739 462 3818 ejecti
481 3761 581 3798 sumus.
600 3740 656 3800 Ubi
671 3741 778 3821 gratia?
793 3743 848 3801 Ubi

107 3821 226 3879 sexcenti
251 3819 354 3879 inimici
390 3817 502 3878 insidias
531 3832 695 3881 struxerunt.
719 3820 773 3880 Ubi
801 3821 849 3880 illa

107 3901 216 3980 gratia?
238 3901 333 3958 Plures
348 3911 481 3957 amatores
497 3898 616 3975 suerunt,
657 3899 685 3958 ui
709 3919 751 3958 me
764 3921 780 3958 a
794 3918 846 3959 vo-

107 3983 149 4039 his
173 3979 289 4060 separari
312 3976 464 4036 noluerunt.
486 3977 542 4036 Ubi
557 3977 656 4056 gratia.
685 3977 776 4037 Etiam
798 3981 847 4040 Ju-

106 4062 177 4120 daeos
190 4059 268 4118 nobis
278 4056 446 4116 addiderunt.
462 4057 579 4138 Sufficit
595 4060 649 4116 tihi
658 4061 756 4138 gratia
769 4079 847 4129 utem·

71 4167 90 4212 Ι)
108 4163 177 4200 rrum
191 4143 286 4198 virtus
301 4158 366 4196 mea
384 4141 415 4194 iu
433 4137 608 4218 infirmitate
624 4138 785 4217 perficitur.
807 4140 848 4199 Ne

106 4243 169 4301 ergo
189 4233 217 4279 te
234 4230 358 4278 moueant
380 4236 517 4285 erumnae,
531 4237 590 4294 quae
602 4215 630 4275 in
643 4214 774 4296 evangelii
790 4239 847 4277 sor-

108 4318 161 4361 tem
178 4300 247 4358 datae
266 4310 336 4357 sunt.
351 4297 469 4377 Sufrcit
485 4298 539 4354 tibi
559 4300 658 4375 gratia
678 4318 760 4366 ntem
776 4318 847 4356 nam

107 4388 202 4441 curtus
218 4400 282 4438 mea
301 4381 378 4435 inin
401 4379 520 4434 rmitate
551 4376 689 4455 erficitur.
702 4375 846 4448 Quomodo

107 4460 261 4541 flagellaris,
274 4471 301 4516 et
319 4456 482 4535 flagellantes
495 4397 661 4514 submoves?
675 4453 782 4515 insidiis
799 4478 847 4538 ap

109 4541 216 4626 peteris,
231 4554 257 4598 et
271 4537 426 4596 insidiantes
439 4533 570 4615 superas?
583 4534 662 4593 Nam
673 4539 770 4596 uirtus
783 4558 849 4596 mea

109 4633 141 4685 r'n
155 4622 327 4703 infirmitate
345 4615 505 4698 perficitur.
518 4611 597 4686 Quod
612 4635 675 4694 ergo
688 4616 789 4675 Paulus
805 4637 850 4676 au·

110 4704 191 4779 divit,
208 4702 259 4759 hoc
272 4712 302 4756 tu
316 4697 381 4756 vis?
401 4695 452 4754 hoe
466 4693 516 4752 tibi
532 4693 596 4753 satis
609 4694 669 4753 cst?
681 4696 720 4755 Ut
735 4695 850 4776 flagellis

110 4785 207 4858 eaedar,
222 4778 351 4839 dedecore
368 4790 393 4834 ct
411 4773 558 4854 ignominia
579 4773 694 4851 afficiar,
709 4773 762 4834 hoc
774 4776 847 4835 volo.

112 4870 236 4943 Propter
244 4858 323 4939 quod
330 4856 433 4936 placeo
444 4855 516 4914 milti
527 4857 559 4913 iu
571 4854 803 4937 infirmitatibus,
821 4858 853 4913 in
864 4889 886 4920 2,
899 4871 952 4916 cnr.
967 4876 1001 4907 ιι.

871 4949 906 4983 to.

132 5069 144 5105 b
162 5065 299 5130 [κατήχευσί
311 5079 334 5110 oe
345 5052 422 5107 Set‘il.
436 5050 462 5104 in
475 5052 567 5115 teatin]
667 5099 672 5105 ,

135 5147 146 5172 r
166 5139 284 5207 Perplexa
296 5131 428 5187 sententia.
