3750 5940
35 429 40 474 ι
66 426 292 491 neronianis,
321 424 400 472 ure.
768 398 843 500 659

36 585 43 596 ·
97 549 205 610 fluentis
227 570 303 628 aquae
325 568 464 606 murmure
488 545 595 628 placido
608 545 771 623 delectetur,
785 547 845 607 lieri

36 653 46 696 t
98 633 191 708 nequit
207 628 264 688 ullo
281 625 369 700 modo,
396 626 462 705 quin
488 627 545 706 ejus
567 626 676 686 animus
699 646 846 706 sensusque

37 733 46 774 t
100 709 187 767 omnis
202 707 237 766 ad
258 706 453 766 humanitatem
476 704 650 781 traducatur,
667 705 846 784 omnibusque

37 813 46 844 ν
100 810 157 846 sese
167 787 304 846 affabilem
317 786 434 866 qtraebeat
449 809 456 842 :
473 785 510 844 ita
523 807 572 844 uos
584 806 730 863 quoquesn
780 785 845 861 ‘ori-

37 892 48 924 r
101 866 152 925 bus
164 866 260 926 diebus
272 865 466 943 benignitates
488 865 567 923 iritus
580 864 718 935 commoti,
748 885 764 923 e
779 863 845 924 elce·

40 989 48 1017 ‚
102 968 214 1026 urosyna
239 965 387 1003 sermonem
411 966 425 1002 a
448 888 485 1003 ud
512 965 560 1004 vos
585 943 759 1002 habebamus.
789 943 847 1003 Ubi

38 1052 48 1084 ν
103 1047 165 1085 vero
186 1025 328 1084 stultitiam
344 966 460 1082 Herodis
486 1022 657 1102 evangelium
696 1021 846 1100 raedieavit,

39 1107 49 1164 l
104 1105 300 1182 mulierumque
311 1102 498 1185 petulantiam,
508 1046 848 1162 conviviumdelirautium

39 1222 48 1231 -
102 1185 232 1258 virorum,
244 1183 435 1242 exsecrandam
446 1204 576 1259 mensam,
593 1181 697 1241 donum
709 1181 846 1260 iniquum,

39 1294 48 1324 ν
67 1281 84 1327 13
103 1286 169 1345 optus
184 1265 325 1343 injustum,
342 1277 367 1322 et
380 1263 506 1340 exequias
516 1261 636 1342 eorporis
652 1262 725 1321 omni
738 1282 850 1320 venera·

41 1383 49 1391 -
102 1346 173 1402 tioue
187 1341 385 1423 prosequendi,
403 1342 510 1431 penitus
524 1343 682 1400 immutatus
696 1362 767 1400 sum.
784 1343 849 1399 Mu-

103 1438 146 1481 tus
168 1423 241 1481 enim
258 1424 305 1495 llo,
318 1421 498 1499 dilectissimi,
510 1444 573 1481 cum
585 1421 651 1480 meis
671 1420 849 1480 observantur

102 1502 188 1561 oculis
198 1502 332 1582 praeterita
344 1501 460 1561 Herodis
476 1502 556 1575 laeta,
569 1501 612 1562 vel
628 1500 848 1582 potiusvulnera,

40 1621 49 1631 .
104 1582 174 1640 stude
188 1595 241 1640 tam
265 1581 394 1639 immania
419 1581 571 1662 spectacula
593 1594 795 1658 consequantur.
811 1573 868 1671 In¹

102 1662 166 1733 illo,
183 1660 278 1739 inquit,
290 1674 417 1740 ternpore
432 1663 545 1721 audivit
557 1663 689 1719 Herodes
699 1662 849 1719 tetrarcha
877 1660 882 1672 '

99 1744 217 1821 samma
227 1742 310 1811 lesu,
324 1745 405 1799 erait
420 1745 516 1820 pueris
527 1745 586 1800 suis
600 1765 608 1799 ε
627 1743 685 1799 Hie
697 1752 740 1798 est
754 1742 849 1798 loan-

41 1851 50 1892 ς
105 1843 153 1878 nes
179 1824 326 1899 Baptista,
344 1841 429 1899 quem
443 1841 494 1899 ego
519 1821 665 1879 decollavi
675 1844 687 1888 ;
709 1823 770 1900 ipse
786 1841 850 1878 sur-

42 1941 48 1950 .
104 1904 178 1958 rexit
199 1922 219 1958 a
240 1904 372 1972 mortuis,
384 1913 412 1957 et
428 1902 493 1957 ideo
508 1905 626 1959 uirtutes
647 1913 805 1978 operaretur
817 1904 850 1958 in

103 2002 146 2038 eo.
165 1980 316 2037 Confitetur
329 1979 428 2038 caedem
438 1980 673 2068 proplietae,quam
688 1999 784 2059 negare
796 1999 849 2037 nou

42 2100 50 2108 -
105 2073 208 2138 potest,
228 2072 271 2135 et,
287 2080 367 2136 quem
391 2059 504 2129 occidit,
520 2059 594 2118 norit
608 2059 768 2140 prophetam
784 2079 850 2135 esse,

104 2139 248 2216 uirumque
259 2140 373 2218 justum.
389 2139 448 2198 Nisi
461 2138 534 2197 enim
550 2152 650 2214 nosset,
671 2136 745 2196 haud
772 2137 851 2197 illum

43 2260 50 2268 -
103 2217 203 2276 diceret
226 2239 241 2275 a
265 2217 378 2277 mortuis
402 2219 574 2292 surrexisse,
598 2217 710 2296 ideoque
737 2216 852 2276 virtutes

44 2339 51 2349 .
103 2297 210 2377 operari
224 2297 251 2355 in
262 2318 301 2354 eo.
314 2299 338 2356 Ο
350 2297 501 2387 improbam
513 2295 719 2359 conscientiam!
735 2297 763 2355 in
777 2296 852 2375 quali

44 2393 48 2422 τ
105 2376 177 2434 carde
191 2376 374 2435 testimonium
388 2398 415 2435 m
432 2376 558 2438 sedicit!
578 2399 595 2436 o
609 2376 760 2457 improbam
784 2396 850 2434 ron·

44 2491 90 2543 1„
104 2456 252 2532 scientiam,
272 2478 331 2534 quae
357 2478 419 2515 eum
446 2456 536 2515 anima
559 2477 684 2547 peruersa
709 2455 852 2534 usquead

44 2569 50 2598 0
70 2563 87 2600 Α
104 2550 217 2593 mortem
240 2535 336 2594 visens
350 2535 479 2612 illamque
498 2557 631 2610 eructans,
656 2550 716 2616 post
739 2549 852 2594 mortem

45 2650 51 2691 ;
103 2615 183 2672 etiam
198 2615 406 2694 implacabiliter
416 2628 530 2693 torquet.
548 2618 638 2686 Quam
653 2637 717 2675 vero
731 2615 767 2673 ob
789 2636 852 2673 cau-

45 2739 51 2747 .
104 2716 160 2752 sam
175 2695 461 2774 prophetamoeeidit?
476 2696 611 2765 Quoniam
626 2715 714 2775 praeeo
730 2695 852 2755 veritatis

45 2807 51 2848 3
103 2788 170 2848 erat,
189 2788 214 2831 et
231 2774 358 2852 injustam
372 2776 429 2853 ejus
451 2775 582 2833 actionem
602 2773 733 2854 impedire
748 2794 796 2831 sua
810 2796 852 2833 re·

46 2886 51 2928 ;
104 2852 280 2932 prclreusioue
291 2853 485 2914 contendebat:
501 2868 527 2913 et
536 2876 616 2932 quem
626 2866 656 2911 ut
667 2874 757 2943 regem
770 2873 852 2934 opor·

46 2977 51 2984 .
105 2934 177 2990 tehat
191 2933 379 2991 mandatorum
392 2933 442 2991 Dei
458 2955 514 2992 esse
533 2932 683 3007 custodem,
701 2953 709 2990 ι
729 2953 758 2992 se
775 2930 852 2991 indo·

47 3047 51 3088 ;
106 3013 170 3070 mita
195 3013 365 3092 voluptatum
381 3013 529 3093 petulantia
544 3013 616 3092 leges
639 3012 694 3071 riol
749 3027 768 3071 t.
793 3012 853 3071 Rex

47 3149 50 3161 ,
105 3093 206 3172 ‹prippe
219 3093 265 3150 illc
278 3105 317 3149 est
327 3137 335 3168 ,
361 3092 409 3170 qui
420 3094 506 3172 justas
530 3094 672 3171 sertleges,
694 3092 853 3182 primusque

105 3173 171 3249 agit,
186 3194 233 3230 uec
256 3194 299 3230 eas
315 3172 518 3250 transgreditur.
531 3171 676 3244 Quomodo
689 3172 760 3231 enim
781 3170 851 3231 abo·

48 3297 52 3305 .
106 3251 170 3329 quin
185 3250 236 3309 sibi
256 3250 380 3311 subditas
394 3266 484 3331 gentes
502 3267 575 3312 recto
591 3252 686 3312 ordine
699 3265 851 3332 componet,

47 3375 51 3382 .
106 3331 158 3389 uisi
170 3331 252 3411 justis
266 3331 373 3408 legibus
384 3333 459 3409 quasi
472 3333 555 3392 [renis
564 3333 693 3413 pervicax
703 3329 853 3391 etiusolens

48 3454 53 3464 .
107 3433 190 3488 genus
205 3411 345 3469 bominum
368 3412 467 3489 regat?
482 3413 600 3472 llerndes
613 3426 703 3472 autern
729 3432 779 3470 rex
799 3431 853 3470 non

49 3536 53 3544 .
107 3491 278 3571 populorum,
302 3490 348 3549 sed
375 3492 565 3572 voluptatum,
581 3493 624 3552 rel
646 3492 743 3573 potius'
759 3511 854 3550 servus

49 3586 54 3598 ’
107 3571 261 3629 earumdem
275 3575 348 3643 (nam
360 3570 392 3628 A
407 3592 464 3651 quo
479 3577 545 3652 quis
559 3585 712 3652 superatus
729 3584 782 3643 est,
799 3573 853 3629 lm-
863 3573 887 3605 ²·
899 3560 951 3606 Μ·
964 3577 987 3608 ²·

106 3654 153 3726 jus
167 3664 195 3708 et
209 3671 307 3709 servus
319 3659 383 3725 est),
401 3672 451 3710 non
467 3652 548 3711 modo
559 3653 630 3731 leges
644 3653 695 3711 Dei
706 3664 852 3730 transgres·
866 3636 902 3683 ¹9'
918 3684 926 3693 ·

50 3773 54 3782 .
108 3752 154 3787 sus
170 3744 220 3806 est,
236 3729 282 3788 sed
297 3745 323 3788 et
337 3730 437 3789 caedem
459 3731 549 3809 inique
571 3732 744 3812 perpetravit.
764 3733 851 3803 Quem
864 3715 949 3825 ''lgm''
968 3726 1004 3756 ¹¹·

50 3843 56 3883 ;
110 3809 293 3868 rerooccidit?
304 3811 403 3870 h'irum
411 3811 524 3899 justum,
534 3833 588 3889 quo
602 3812 688 3889 major
698 3811 767 3868 inter
778 3824 854 3868 natos
897 3810 902 3820 '

50 3933 54 3940 ·
75 3905 92 3949 u
109 3889 699 3967 mulierumnousurr·extt:quodetDomiuus
709 3889 765 3969 ipse
776 3902 854 3947 testa·

110 3984 152 4027 tus
164 3984 214 4026 cst:
227 3969 314 4026 sirum
327 3969 373 4045 qui
390 3969 526 4027 desertum
542 3968 727 4043 inhabitabile,
743 3968 856 4046 inaquo-

859 1564 945 1610 Matrh.
964 1568 1000 1624 14.

51 4024 55 4108 i
110 4070 181 4123 sum,
191 4048 388 4125 iusrugiserum,
398 4046 856 4122 inaccessum,sinearboribus,sme

51 4163 57 4194 ι
109 4128 287 4202 graminibus,
296 4127 855 4187 sineherbishabitabat.Desertumautem

52 4251 56 4258 .
110 4207 433 4273 habitabatloanucsmon
444 4206 716 4266 homiuestribuleset
730 4222 856 4285 cognatos

52 4320 56 4352 ς
110 4309 172 4346 suos
187 4287 300 4364 lugiens,
314 4286 361 4345 sed
378 4308 409 4345 ue
423 4287 525 4345 videret
540 4288 699 4365 audiretque
714 4285 856 4345 hominum

52 4410 58 4419 ·
110 4368 208 4426 scelera
223 4366 419 4426 detestandals
433 4389 516 4445 oeque
525 4368 728 4444 serebanturque
740 4365 857 4424 metebat

111 4469 250 4524 turriquam,
266 4460 404 4526 propterea
426 4468 511 4524 ualere
525 4469 619 4527 panem
633 4446 759 4520 habebat,
771 4466 857 4522 neque

111 4529 214 4595 riuum,
224 4549 275 4584 uou
283 4547 411 4598 mensam,
422 4547 474 4585 non
484 4527 759 4607 lectumroluptatum
769 4523 856 4583 admi-

112 4608 236 4673 nistrum,
247 4628 298 4664 non
307 4605 431 4664 suffultas
443 4606 517 4664 molli
528 4628 653 4665 anserum
663 4606 755 4686 pluma
768 4606 855 4664 culci-

54 4723 55 4738 o
111 4685 787 4767 tras,qrtaeollernirraturumhomiuumeorporasran
809 4699 858 4742 rint

54 4781 56 4818 i
111 4782 136 4826 et
145 4766 301 4842 emolliunt,
317 4787 369 4824 non
377 4766 513 4825 lucernam
522 4766 648 4844 habebat,
662 4787 716 4826 non
732 4705 858 4823 candela·

128 4979 139 5004 ¹
157 4965 300 5031 [ἀκρατήτῳ
316 4977 396 5028 marg.
410 4959 502 5030 smil]

131 5046 143 5072 ¹⁸
160 5045 238 5094 Forte
249 5047 364 5111 ὑπηρέτιν.

131 5126 143 5161 ¹·
162 5125 222 5186 lleg.
234 5125 326 5178 οὐδενός.
