3750 5940
150 463 220 537 ὅτι
502 486 529 535 s.
555 483 697 534 ισιιιτιιο
722 483 909 532 crreusosr.
940 484 1097 533 necuter.
1123 484 1393 534 cousrnurutnr.

148 609 357 670 nudaridebet:
372 607 501 669 sednihil
522 607 569 668 hic
586 606 728 669 deradice
749 605 826 684 dicit,
845 628 892 667 ve·
944 608 1064 690 καθαίρει
1083 608 1148 670 αὑτά
1184 611 1322 685 τοντίστι,
1354 612 1458 683 πολλῆς
1485 609 1612 690 interluit

148 724 211 763 rum
229 703 320 763 omnia
334 701 369 761 de
388 700 561 783 palmitibus,
575 699 761 761 ostendens'ae
781 699 893 779 quidem
944 701 1134 763 leuauerunt.
1159 703 1286 777 Καίτοιὴ
1310 702 1370 786 ῥίζα
1396 703 1481 763 δεῖται
1503 705 1612 783 &renale

148 796 201 856 sibi
210 796 333 855 sufficere
341 818 351 872 ς
366 793 514 875 discipules
522 808 613 854 autern
629 793 715 853 multa
730 812 808 874 egere
821 791 893 873 agri-
944 800 998 855 τῶν
1016 795 1174 874 κλημάτων,
1194 794 1445 878 περισκαιτεομίνη,
1468 795 1612 877 γνμνοομάι

149 890 213 950 cola
226 886 489 967 cura,qnantumvia
510 885 565 946 sint
577 886 679 947 virtute
697 885 815 969 praediti.
828 885 894 946 Ideo
945 886 1141 949 adliciuntur
1159 887 1221 970 περί
1239 886 1338 963 ταύτης
1356 886 1454 970 φησίν,
1468 887 1541 948 ἀλλὰ
1559 889 1612 949 τίνι

149 984 205 1043 ait:
219 980 364 1042 Palmitem
387 981 434 1059 qui
463 980 583 1041 fructum
604 979 666 1059 sert,
684 995 794 1063 purgat.
821 979 895 1040 Eum
945 981 1105 1061 κλημάτων·
1125 981 1240 1058 δεικνίις,
1258 980 1299 1042 δτι
1315 981 1392 1051 αὐτὸς
1416 979 1466 1060 μίν
1487 986 1612 1064 ἐαυτῷδ

149 1076 197 1157 qui
221 1075 329 1136 nullum
348 1075 416 1153 sert,
440 1095 495 1135 non
520 1073 696 1154 relinquitin
721 1074 789 1153 vite,
809 1094 896 1153 neque
946 1074 973 1135 δὲ
994 1073 1110 1155 μαθηταί
1127 1072 1232 1135 δίενται
1252 1075 1353 1148 πολλῆς
1373 1075 1450 1158 παρὰ
1463 1081 1512 1135 τοῦ
1525 1098 1612 1155 γειιργ

148 1182 237 1252 potest
257 1168 296 1228 ibi
318 1188 444 1229 manere:
460 1188 523 1227 eum
540 1188 605 1229 vero
626 1168 674 1248 qui
697 1168 748 1229 fert
765 1169 894 1243 fructum,
944 1165 1028 1240 θείας,
1041 1166 1090 1227 κδν
1105 1167 1206 1249 σφόδρα
1221 1159 1339 1248 ίνάριτοι
1353 1156 1413 1229 ciret.
1432 1166 1487 1229 nrt
1500 1165 1612 1249 τοῦτάφ

149 1261 354 1322 fructuosiorem
385 1260 480 1321 efficit.
514 1259 573 1319 Hoc
602 1258 637 1319 de
666 1260 795 1323 aerumnia
828 1280 895 1320 mox
945 1258 1046 1340 καρτδν
1056 1258 1134 1340 φίρσν
1144 1259 1265 1340 καθαίρει
1276 1258 1459 1338 edm-Tercle
1467 1257 1612 1341 γάρ,ίτοιδ

148 1353 307 1414 inducendis
331 1353 446 1436 intelligi
477 1353 589 1415 dixeris.
616 1352 691 1414 Illud
712 1354 796 1433 enim,
816 1357 894 1414 Pur·
909 1372 928 1416 t:
944 1351 994 1413 τόν
1014 1354 1100 1426 ἐστιν,
1113 1349 1173 1411 οὐδὲ
1193 1354 1268 1431 ἐντῇ
1284 1350 1398 1433 δμτίλφ
1416 1340 1487 1411 εἶναι
1500 1351 1610 1411 δύναται

147 1450 231 1528 gabit
244 1468 321 1520 eum,
337 1445 426 1525 idest,
439 1446 549 1524 incidet,
568 1444 639 1507 unde
651 1447 754 1528 palmer
773 1446 894 1507 fructuo-
944 1444 1035 1519 ίτειδὴ
1056 1445 1157 1527 καρπδν
1183 1444 1274 1527 φίριι,
1292 1443 1470 1528 γονιμώτερον
1496 1444 1612 1525 αὖτδίργ

148 1538 204 1599 sior
225 1538 351 1599 efficitur.
377 1539 448 1599 Hinc
470 1537 631 1613 ostenditur,
652 1538 811 1600 tentatione·
833 1538 894 1599 illoc
944 1535 1072 1597 Τοῦτοδί
1095 1537 1141 1598 καί
1161 1538 1226 1620 πρὸς
1239 1537 1289 1606 τάς
1309 1536 1412 1619 θλίψιις
1433 1539 1523 1597 αὐτῶν
1540 1538 1612 1617 alpia

147 1630 271 1691 tortiores
286 1630 399 1691 efficere.
415 1630 522 1691 Deinde
534 1652 568 1691 ne
581 1630 775 1711 interrogarent
786 1629 822 1692 de
834 1630 894 1711 qui-
943 1629 1003 1692 τάτε
1019 1630 1184 1710 ίπαγομίνας
1198 1628 1269 1691 είτοι
1280 1654 1320 1698 τις
1330 1630 1371 1691 ἄν.
1380 1628 1499 1711 Τδγδρ,
1510 1627 1612 1709 treenta

147 1722 264 1783 busnam
276 1722 334 1782 haec
345 1722 457 1802 diruet,
479 1744 548 1784 neve
563 1722 626 1783 illos
648 1723 746 1783 iterum
765 1722 894 1785 sollicitos
943 1722 1098 1806 rependerent
1111 1721 1192 1797 terte,
1203 1721 1269 1805 δτιρ
1284 1719 1464 1804 γονιμώτερον
1482 1730 1556 1781 ποιεῖ
1572 1720 1604 1783 et

148 1815 285 1895 redderet,
299 1815 353 1875 ait:
373 1817 401 1875 5.
415 1816 489 1877 Jam
499 1836 554 1876 vos
574 1817 677 1877 mundi
690 1819 760 1876 εστίν
776 1829 895 1898 propter
943 1815 1025 1878 Ὅθεν
1037 1816 1171 1878 δείκνυται
1184 1815 1226 1877 δτι
1236 1821 1261 1877 οἱ
1270 1814 1417 1899 πειρασμοί
1428 1815 1533 1894 umet
1545 1810 1612 1875 αὐτά

148 1928 321 1983 sermonem
335 1929 421 1990 quem
443 1908 581 1990 loquutus
601 1929 666 1969 sum
680 1911 777 1969 vebis.
794 1906 893 1970 Viden’
945 1910 1064 1992 ρατίροις
1077 1909 1240 1992 ἐργάζονται.
1254 1898 1323 1968 Εἶτα
1335 1905 1379 1967 ίνα
1393 1905 1432 1986 μὴ
1444 1904 1564 1987 λέγωσι,
1575 1928 1612 1989 αφ

147 2001 321 2081 quomodote
336 2015 367 2061 ut
380 2000 524 2082 palmitum
533 2015 686 2061 curatorem
699 2000 793 2061 efferat
805 2001 820 2061 δ
833 2000 894 2082 Ego
943 2009 1026 2063 ταῦτα
1038 2001 1125 2084 λέγω,
1142 2001 1189 2061 καί
1200 2000 1281 2061 πάλιν
1295 2002 1332 2068 εἰς
1345 1998 1472 2082 φροντίδα
1492 1998 1612 2067 uertet

147 2117 196 2158 vos
218 2095 347 2178 purgavi,
367 2095 467 2174 inquit,
486 2094 550 2154 licet
571 2093 694 2176 superius
715 2093 769 2154 linc
787 2096 895 2155 Patrem
943 2094 1020 2177 φησί’
1032 2094 1104 2169 Ἤδη
1115 2098 1191 2173 ὑμεῖς
1211 2093 1322 2176 καθαροί
1340 2096 1400 2154 lere
1420 2092 1466 2153 διδ
1480 2091 1527 2153 τίν
1539 2090 1612 2175 >dra

146 2188 241 2249 secisse
250 2187 368 2247 declaret
383 2211 390 2244 ι
408 2184 455 2246 sad
465 2186 540 2246 nulla
550 2200 591 2246 est
603 2186 673 2246 inter
685 2187 793 2247 Patrem
804 2200 831 2248 et
849 2187 894 2247 Fi·
942 2188 1048 2261 λάληιια
1061 2191 1133 2267 ὑμῖν.
1147 2187 1230 2268 Ὁρᾷς
1242 2190 1299 2254 πῶς
1317 2185 1409 2247 ἑαυτὸν
1426 2184 1531 2266 εἰσάγει
1544 2188 1612 2266 lurra

147 2280 215 2341 lium
235 2279 395 2340 differentia.
410 2281 509 2344 Vestra
528 2300 635 2358 quoqne
648 2277 766 2339 afferatis
779 2293 892 2361 oportet.
943 2303 987 2341 νον
1010 2284 1064 2341 τῶν
1077 2279 1236 2359 κλημάτων,
1252 2278 1325 2361 'Ec
1342 2278 1394 2361 γδρ
1415 2282 1488 2357 ὑμᾶς
1501 2276 1612 2362 ζκάοηφε

147 2374 252 2435 Deinde
262 2387 293 2433 ut
305 2373 428 2434 ostendat
437 2395 467 2433 se
485 2392 578 2432 eorum
591 2371 740 2432 ministerio
751 2392 805 2433 non
825 2394 895 2455 opus
944 2371 1040 2433 Καίτοι
1053 2395 1083 2452 γε
1093 2370 1218 2454 ἀνωτίρω
1229 2370 1343 2432 διίκνοσι
1355 2371 1401 2431 τδν
1410 2369 1612 2453 nectamur

146 2468 291 2528 habentem
300 2466 330 2527 id
343 2467 445 2545 secisse,
467 2465 512 2527 sed
530 2479 560 2526 ut
573 2465 625 2547 ipsi
648 2464 818 2546 proficerent,
829 2466 894 2526 suh·
910 2483 928 2527 n
943 2488 993 2524 τα·
1008 2462 1068 2525 ἀλλ’
1081 2462 1154 2524 οὐδὲν
1167 2462 1247 2544 μέσον
1263 2464 1371 2545 Πατρδς
1385 2464 1433 2526 καί
1441 2465 1521 2525 tun.
1537 2466 1586 2524 Δεῖ
1600 2462 1612 2523 δ

145 2561 208 2621 dit:
223 2560 251 2621 l.
268 2561 350 2622 Sicut
362 2561 476 2642 palmes
490 2580 550 2619 non
564 2570 659 2640 potest
664 2559 751 2641 serre
754 2560 893 2641 fructum
945 2555 987 2625 Εαι
1008 2556 1101 2617 λοιπὸν
1119 2555 1153 2616 rit
1170 2557 1235 2636 παρ’
1248 2559 1333 2635 ὑμῶν.
1349 2546 1419 2618 Εἶτα
1434 2555 1482 2617 ἵνα
1506 2552 1612 2636 διίξη,ί

146 2675 166 2713 α
180 2656 332 2733 sernetipso
348 2676 356 2708 .·
373 2655 415 2712 sic
427 2671 480 2710 nec
491 2653 584 2732 quiin
597 2669 644 2709 me
657 2670 718 2709 nen
731 2662 840 2710 manet.
854 2651 895 2710 Ne
943 2652 992 2721 τῆς
1006 2652 1092 2709 αὐτῶν
1113 2647 1233 2727 δεόμενος
1255 2647 1409 2717 ’διακονίας
1422 2655 1503 2710 τοῦτο
1514 2646 1612 2721 ἐπαίτῃ

145 2766 202 2826 prae
227 2758 301 2804 metu
325 2741 558 2820 abscinderentur,
587 2740 737 2801 unnllitam
746 2740 893 2803 formidine
943 2741 1316 2824 ίναπρακόπειισιν,ίτάγει·
1329 2739 1483 2823 Ὠαπιρτδ
1496 2743 1612 2819 κλῆμιι

145 2838 268 2919 ipsorum
279 2835 399 2895 animam
413 2834 533 2913 roborat,
547 2847 573 2895 et
586 2832 637 2895 sihi
654 2832 830 2914 conglutinat,
844 2834 893 2894 bo-
944 2860 989 2896 ται
1001 2833 1047 2915 ἀφ’
1062 2837 1156 2894 ἑαυτοῦ
1177 2831 1265 2915 φίρειν
1286 2832 1398 2916 καρτεδν,
1416 2832 1501 2902 σδεως
1526 2830 1610 2894 utut

145 2951 264 3010 namque
276 2950 353 3011 spem
373 2928 460 2988 affert.
473 2926 566 2987 Radix
585 2926 658 2987 enirn
672 2939 779 3006 manet3
792 2927 892 2987 ausuri
946 2927 983 3007 μὴ
1000 2926 1095 3008 μάντιν.
1103 2923 1164 2986 Ἵνα
1175 2926 1228 3009 γὰρ
1242 2922 1280 3005 μὴ
1291 2926 1345 2987 ἀπὸ
1354 2930 1403 2998 τῆς
1413 2923 1612 3007 tenturam

146 3037 194 3082 aut
207 3021 335 3102 relinqui,
349 3019 494 3103 palmitum
506 3032 556 3081 eat.
570 3018 675 3081 Deinde
687 3019 812 3100 utrinqne
831 3042 892 3102 pun
944 3025 1125 3101 χαννωδεῖσαν
1141 3020 1227 3079 αὐτῶν
1250 3022 1289 3099 τῷ
1308 3016 1384 3100 φδδφ
1401 3016 1451 3089 τὴν
1471 3015 1562 3098 ψιχὴν
1575 3019 1612 3078 δτι

146 3115 254 3193 cedens,
266 3137 283 3174 a
295 3114 373 3174 honis
387 3127 440 3174 eta
453 3111 586 3185 tristibus,
603 3111 696 3194 priora
715 3111 822 3172 anchir
832 3112 893 3173 exi-
944 3113 990 3175 καί
1003 3116 1090 3192 ίαοτῷ
1106 3114 1253 3193 σογκσλλᾷ,
1277 3111 1323 3171 καί
1341 3110 1463 3192 χρηστὰς
1486 3107 1612 3171 ίιταιιίνιι

147 3208 195 3288 git.
211 3208 240 3268 5.
257 3208 315 3286 Qui
328 3219 428 3266 manet
442 3209 473 3264 in
488 3226 544 3278 me,
560 3218 588 3264 et
603 3226 654 3286 ego
677 3208 709 3263 in
731 3226 776 3264 ee.
791 3203 891 3267 Viden’
944 3205 1062 3272 ἐλπίδας.
1078 3205 1111 3264 ‘ll
1129 3204 1176 3284 μὲν
1193 3204 1245 3286 γὰρ
1267 3203 1325 3284 ῥίζα
1345 3200 1434 3282 μίνει·
1448 3201 1482 3262 τδ
1503 3200 1533 3262 δὲ
1547 3200 1612 3282 αίρει

148 3300 250 3359 Filium
260 3319 313 3358 non
327 3298 416 3356 minus
428 3318 510 3376 quarn
522 3298 629 3356 Patrem
649 3295 683 3355 ad
694 3295 892 3380 discipulorum
946 3298 1084 3379 ἀφίεσθαι,
1096 3302 1148 3357 τῶν
1162 3297 1306 3375 κλημάτων
1319 3294 1399 3356 ἐστίν.
1411 3285 1482 3355 Eira
1496 3292 1612 3374 ἑκατέρω

148 3413 241 3452 curam
251 3391 392 3451 conferre?
403 3390 483 3449 Pater
495 3403 604 3470 purgat,
615 3388 672 3470 ipse
688 3389 755 3449 inse
764 3391 890 3451 continet.
947 3391 1096 3474 ρορμήσας,
1110 3388 1156 3450 καί
1175 3390 1228 3449 ἀπὸ
1249 3391 1302 3447 τῶν
1316 3391 1441 3468 χρηστῶν
1456 3385 1504 3447 καί
1529 3387 1583 3447 ἀπὸ
1602 3408 1612 3443 τ

146 3488 257 3547 nlanere
277 3497 368 3544 autem
385 3484 415 3542 in
436 3482 538 3561 radice,
554 3482 584 3542 id
598 3482 691 3560 efficit,
711 3498 742 3544 ut
767 3484 892 3566 palmitoe
910 3498 928 3544 Ε
945 3488 1047 3565 τηρῶν,
1060 3484 1094 3542 τὰ
1104 3480 1169 3563 παρ’
1182 3485 1259 3560 ἡμῶν
1271 3483 1378 3540 ἀπαιτεῖ
1391 3481 1497 3563 πρῶτα.
1518 3478 1555 3540 Ὁ
1566 3481 1612 3541 ἐνί

146 3578 266 3638 linctum
278 3577 373 3637 ferant.
387 3578 459 3637 Nam
470 3575 544 3656 qnod
563 3597 617 3635 non
637 3590 784 3658 purgatum
805 3595 894 3641 manet
945 3600 1007 3646 νων,
1018 3574 1094 3655 κάγὼ
1105 3578 1131 3634 ἐν
1148 3576 1228 3654 αὐτῷ.
1246 3572 1329 3653 Ὁρᾷς
1339 3570 1386 3632 καί
1406 3569 1452 3631 τδν
1473 3572 1537 3634 Υίδν
1558 3575 1605 3632 αλκ

149 3671 177 3730 in
191 3668 293 3744 radice,
307 3669 427 3728 fructum
441 3667 509 3744 sert,
520 3667 584 3728 licet
598 3688 651 3727 uon
670 3682 802 3747 quantum
815 3693 895 3752 opor-
946 3670 1117 3728 συντελοῦντα
1131 3672 1177 3726 τοῦ
1195 3664 1302 3745 Πατρδς
1319 3664 1386 3745 πρὸς
1400 3663 1450 3739 τὴν
1460 3668 1514 3725 τῶν
1528 3669 1612 3744 μαδητ

150 3777 215 3824 teret
222 3787 231 3841 5
252 3761 326 3843 quod
340 3782 393 3821 nnn
412 3774 511 3839 manet,
535 3761 614 3821 nihil.
636 3765 762 3823 Attamen
780 3785 896 3845 purgare
948 3757 1114 3838 μελειανςὉ
1141 3756 1188 3836 μὲν
1209 3757 1261 3837 γὰρ
1274 3756 1373 3839 Πατὴρ
1399 3757 1537 3839 καθαίρει,
1551 3756 1612 3818 etet

150 3859 231 3919 etiam
242 3856 308 3918 Filii
320 3877 377 3917 esse
385 3869 521 3916 ostensum
532 3869 582 3929 est,
594 3869 620 3915 et
633 3855 663 3916 in
674 3856 767 3917 radice
776 3878 894 3934 manere,
948 3855 1034 3932 ἑαυτῷ
1045 3851 1162 3931 κατέχει.
1173 3848 1223 3929 [Τὸ
1240 3850 1268 3908 δὲ
1285 3853 1311 3910 ἓν
1326 3855 1359 3930 τῇ
1376 3849 1435 3931 ῥίζη
1452 3851 1557 3930 μένειν,
1568 3856 1612 3911 τοῦ

152 3958 248 4034 Patris,
259 3957 308 4036 qni
318 3953 436 4016 radicem
451 3952 554 4032 genuit.
949 3953 1123 4026 καρποφορεῖν
1137 3940 1171 4002 τὰ
1193 3941 1329 4021 κλήματα·
1344 3943 1385 4002 Τὸ
1402 3941 1450 4020 μὲν
1469 3943 1523 4026 γὰρ
1546 3944 1612 4022 μὴτ

950 4060 1036 4114 μενον,
1050 4035 1126 4114 μίνον
1142 4033 1170 4094 δὲ
1189 4038 1263 4114 ἔντη
1286 4032 1358 4116 ῥίζῃ,
1370 4035 1444 4117 φάρει
1458 4037 1572 4116 καρπὸν,
1587 4038 1610 4096 τί

949 4128 1008 4188 ὅσον
1023 4131 1155 4210 προσῆκε·
1178 4125 1249 4185 τὸδὲ
1265 4126 1301 4205 μὴ
1316 4125 1403 4204 μένον,
1416 4130 1470 4188 οὐδ’
1484 4127 1563 4197 ὅλως.
1579 4128 1612 4189 'lt

906 4195 941 4294 tf
949 4222 994 4282 καί
1013 4221 1044 4282 τὸ
1062 4219 1196 4303 καθαίρειν
1208 4228 1254 4281 τοῦ
1273 4221 1338 4280 λ’ίοῦ
1362 4219 1470 4301 ἐδείχθη
1486 4221 1525 4298 δν,
1538 4220 1612 4283 καίτί

948 4317 1020 4393 tec-'fi
1041 4312 1115 4392 ῥίζῃ,
1129 4318 1175 4371 τοῦ
1197 4312 1304 4392 Πατρδς
1326 4318 1372 4372 τοῦ
1387 4311 1434 4371 καί
1452 4312 1503 4386 τὴν
1517 4313 1612 4394 ῥίζανγ

947 4429 1030 4474 κοτος.

192 4500 220 4557 9.
231 4497 331 4560 Viden'
351 4494 487 4576 quomodo
509 4493 600 4553 omnia
615 4494 768 4553 communia
792 4495 858 4574 sint,
873 4509 898 4555 et
990 4485 1066 4561 Εἶδες
1083 4498 1141 4560 πῶς
1158 4491 1235 4553 κοινίι
1249 4494 1353 4567 πάντα,
1366 4493 1413 4554 καί
1430 4494 1464 4553 τδ
1484 4500 1612 4576 καθᾶραι,

150 4610 278 4672 purgare,
300 4603 325 4648 et
344 4587 443 4648 radicis
463 4587 563 4648 virtute
579 4586 651 4646 frui?
669 4589 803 4666 Magnum
827 4603 898 4648 certe
949 4591 997 4659 τῆς
1008 4587 1144 4665 δυνάμεως
1158 4591 1206 4658 τῆς
1220 4587 1273 4646 ἀπὸ
1290 4589 1337 4656 τῆς
1351 4585 1423 4667 ῥίζης
1444 4586 1605 4660 ἀπολαύειν,

151 4682 354 4759 detrimentum,
370 4679 439 4740 nihil
454 4701 531 4761 posse
544 4680 652 4755 facere,
668 4700 765 4739 verum
777 4701 831 4740 nnn
853 4681 898 4740 hic
951 4679 997 4758 μὲν
1010 4669 1054 4738 οὖν
1066 4678 1149 4756 ζημία
1164 4678 1210 4737 καί
1225 4677 1257 4737 τὸ
1272 4676 1354 4757 μηδὲν
1367 4676 1496 4737 δύνασθαι
1511 4688 1605 4738 ποιεῖν·

152 4775 255 4836 sistitur
264 4794 353 4856 poena,
371 4770 543 4832 sedulterius
554 4769 685 4853 procedit.
701 4774 730 4832 6.
747 4773 894 4846 Mittetur,
951 4772 1032 4852 μέχρι
1053 4771 1144 4830 τούτου
1166 4771 1257 4842 ἵστησι
1280 4769 1329 4842 τὴν
1349 4767 1472 4846 κόλασιν,
1492 4770 1565 4831 ἀλλά
1583 4794 1612 4832 τι

151 4868 251 4950 inquit,
259 4869 361 4951 sores,
373 4886 427 4925 non
442 4863 560 4945 amplius
570 4863 717 4940 exmletur,
729 4877 757 4923 et
771 4878 896 4935 arescet·
950 4865 1062 4944 προάγει
1075 4864 1119 4923 τὸν
1128 4861 1214 4942 λόγον.
1230 4861 1351 4934 Ἐδλήῡη
1365 4860 1434 4941 γὰρ,
1446 4863 1540 4944 φησίν,
1556 4862 1604 4932 ξω

152 4963 182 5024 id
197 4976 247 5039 ut,
259 4959 291 5023 Si
305 4956 372 5039 quid
390 4955 487 5017 habuit
511 4977 545 5015 ex
562 4956 661 5033 radice,
677 4956 707 5016 id
727 4954 857 5038 deponit5
872 4958 895 5017 si
950 4961 997 5030 τῆς
1011 4959 1158 5039 γεωργικῆς
1172 4958 1306 5015 ἀπολαῦον
1318 4954 1420 5036 χειρός·
1433 4955 1612 5038 Καίξηραίνα

154 5078 235 5138 quam
244 5053 369 5135 gratiam,
387 5049 435 5109 illa
448 5046 575 5124 nudatur,
586 5062 612 5108 et
625 5049 699 5109 omni
713 5046 777 5109 inde
791 5049 896 5110 auxilio
950 5050 1048 5125 clerte,
1057 5049 1082 5108 εί
1094 5072 1119 5108 τι
1134 5040 1246 5130 εἶχετῆς
1257 5047 1339 5128 ῥίζης,
1352 5046 1527 5109 ἀποτίθεται·
1541 5051 1612 5113 τίειν

153 5151 242 5211 etvita
250 5145 393 5230 spoliatur.
408 5139 510 5220 Ecquis
519 5139 606 5199 finis?
619 5144 657 5200 In
671 5146 767 5223 iguem
780 5146 895 5224 injicie-
951 5148 1095 5221 γυμνοῦται
1115 5140 1231 5215 ταύτης,
1246 5141 1291 5200 καί
1313 5142 1462 5221 ἐρημοῦται
1476 5146 1525 5216 τῆς
1548 5148 1612 5206 laeti

185 5327 197 5350 ι
207 5303 326 5361 Nonnulli
337 5307 487 5361 ὃεδκσικλίαί·
