3750 5940
53 453 87 500 er
111 450 286 501 caccuso.
776 454 840 527 771

101 587 132 635 ut
141 595 169 634 se
178 594 270 634 omnes
279 572 326 651 qui
338 571 566 651 contradicebant,
576 575 707 636 arefacere
717 575 847 658 potuisse,

102 675 193 713 omnes
207 655 256 712 Dei
265 653 353 712 hostes
366 651 466 731 delere,
474 653 646 713 demonstret.
655 655 709 715 Sed
773 655 847 716 ιιίιιιι
857 674 928 718 roan.
939 683 976 718 ιι.

103 754 155 792 nou
171 731 259 806 venit,
274 746 303 790 ut
313 730 417 812 judicet
438 732 582 810 mnndum,
598 733 647 793 sed
661 748 691 793 ut
705 677 802 811 suddit,
817 750 847 796 ut
857 731 897 795 47·

60 813 161 898 ¹²,ipse
173 812 256 887 dixti,
270 811 416 893 potentiam
430 812 539 892 quidem
556 814 584 872 in
597 834 627 872 re
639 813 729 872 anima
743 830 849 876 carente

69 915 87 957 Α
105 891 227 965 ostendit,
240 890 433 970 benignitatem
449 900 539 952 autem
553 892 710 952 hominibus
720 908 847 954 reservat.

104 973 145 1030 Ita
154 985 178 1029 et
189 971 233 1030 hic
244 992 312 1031 caco
325 984 355 1028 ut
364 985 520 1049 sequeretur
532 971 705 1050 concedebat,
715 986 747 1032 ut
756 994 849 1034 recens

104 1051 231 1110 memoria
248 1048 406 1110 scandalum
420 1051 534 1127 tolleret,
550 1065 579 1110 ut
591 1051 755 1111 miraculum
768 1073 849 1113 coru·

104 1151 180 1189 scans
191 1130 328 1189 baberent.
342 1128 396 1189 sed
405 1131 531 1190 antecessit
543 1130 705 1191 miraculum
717 1131 847 1193 alaeam:

104 1229 166 1268 nam
177 1209 226 1268 ubi
241 1231 327 1269 caeeus
340 1209 429 1267 visum
443 1231 486 1269 ree
522 1213 553 1277 it,
564 1211 635 1271 alins
647 1210 738 1270 anirna
762 1233 849 1273 caseus

104 1288 195 1347 visum
208 1289 317 1369 recepit.
332 1289 401 1360 Quis
415 1289 479 1347 ille?
513 1292 618 1371 rinneps
627 1291 846 1370 publicanorum,
858 1317 914 1365 tue.
930 1329 964 1380 ¹9
975 1331 1000 1362 2,

104 1368 151 1445 qui
167 1368 193 1425 in
208 1369 329 1448 pecuniis
343 1368 509 1442 emendabat,
522 1369 570 1447 qui
585 1383 745 1430 excaecatam
759 1373 849 1432 avari-

104 1447 142 1504 tia
157 1447 274 1506 auimam
297 1446 421 1507 babebat.
438 1447 512 1507 Nihil
527 1449 599 1508 enim
612 1448 651 1509 sic
663 1449 782 1509 animam
799 1472 847 1512 ex-

105 1540 184 1584 cacat
199 1541 228 1586 ut
247 1527 376 1607 pecuniae.
401 1529 545 1608 Propterea
560 1531 669 1610 Moyses
685 1529 743 1590 ait:
757 1532 847 1592 Dona
857 1553 935 1597 exod.
946 1552 984 1598 23.

106 1609 182 1664 enim
196 1618 346 1666 excaecant
366 1607 465 1666 oculos
477 1609 638 1680 bominum,
653 1621 682 1668 et
695 1612 789 1669 uerba
795 1615 847 1692 ju·
857 1615 881 1662 Β·

105 1696 153 1743 sta
163 1698 345 1764 pervertunt.
358 1685 441 1746 Venit
474 1688 578 1768 rineeps
591 1687 810 1768 publicanorum,
821 1704 847 1750 et
858 1678 928 1721 Μ’·
942 1677 978 1724 ¹⁶·

105 1764 260 1843 preteribat
269 1766 355 1839 Jesns,
365 1763 411 1843 qui
423 1708 494 1824 tollit
503 1787 580 1826 omne
591 1781 740 1848 peccatum,
749 1768 796 1846 qni
805 1770 848 1831 vi·
862 1751 897 1797 '⁹'

103 1842 172 1901 tium
187 1864 265 1903 omne
280 1842 361 1920 delet,
371 1843 418 1922 qui
434 1845 555 1905 tenebras
567 1846 736 1907 convertitiu
746 1846 846 1929 lucem,

103 1935 130 1980 et
142 1936 260 1982 tortuosa
271 1923 305 1982 ad
315 1923 504 1984 rectitudinem
517 1924 627 2006 redigit.
635 1925 849 1988 Zacchaeusbre·

105 2001 148 2060 vis
168 2016 224 2061 erat
239 2016 354 2080 statura,
370 2002 503 2063 desiderio
523 2018 648 2065 extentus
661 2026 693 2065 ac
728 2027 848 2084 roceum

105 2080 194 2140 brevis
212 2103 336 2162 corpore,
359 2104 472 2163 magnus
492 2084 589 2143 allecto
602 2108 608 2142 :
620 2106 710 2164 quaere
746 2100 756 2145 t
776 2086 848 2146 enim

69 2182 86 2228 tt
104 2161 196 2220 ridere
219 2165 322 2237 lesruu,
336 2175 362 2222 et
377 2184 428 2222 non
442 2175 547 2244 poterat
561 2163 597 2223 ob
616 2164 775 2225 brevitatem
793 2180 849 2225 sta-

105 2253 181 2316 tura,
195 2253 220 2300 et
234 2263 424 2323 praeoccupans
439 2242 563 2302 machina
578 2242 695 2322 quadam
709 2244 763 2303 sibi
775 2266 849 2305 com·

105 2333 181 2399 parat
196 2321 270 2400 quod
285 2334 393 2380 staturae
413 2322 505 2382 deerat
517 2345 523 2377 :
534 2323 560 2381 in
575 2323 700 2383 arborem
717 2323 789 2383 enim
835 2359 849 2371 ·

105 2420 242 2459 comos-um
259 2399 387 2478 ascendit,
404 2415 431 2461 et
445 2415 649 2482 praetereuntem
664 2405 757 2465 lesum
773 2346 849 2464 viz-

104 2478 159 2537 bat.
175 2483 210 2538 alt
229 2481 361 2540 Dominus
384 2494 472 2545 noster
492 2483 571 2543 iesus
594 2481 729 2561 Christus,
745 2482 849 2562 dequo

104 2556 171 2616 dicit
180 2559 292 2635 Paulus,
305 2562 362 2639 Qui
372 2566 453 2622 novit
459 2563 567 2642 facere
576 2564 849 2642 superabundanter
858 2583 943 2644 aptes.
960 2583 985 2629 3.

105 2658 194 2716 quam
214 2644 350 2718 petimus,
369 2653 421 2699 aut
444 2641 648 2720 intelligimus,
663 2662 716 2700 uon
732 2641 775 2701 illi
788 2656 848 2703 tan·
860 2660 899 2693 20·

105 2718 848 2801 tnruconcessit,quantnrndesiderabat,sedplusquam
940 2768 949 2785 .

104 2799 283 2877 exspectabat.
297 2798 347 2858 llle
358 2799 429 2858 enim
443 2798 536 2858 videre
548 2812 653 2858 tantum
664 2797 846 2881 desiderabat,

104 2875 161 2954 ipse
175 2898 238 2935 vero
251 2876 379 2956 dignatus
400 2891 438 2936 cst
451 2877 525 2959 apud
540 2899 602 2937 eum
621 2877 769 2957 divertere,
784 2880 850 2960 qui-

104 2975 157 3032 que
167 2971 281 3015 mentem
292 2957 350 3036 ejus
364 2956 479 3017 intuitus
487 2970 554 3033 erat,
565 2957 603 3016 ait
613 2958 649 3017 ad
661 2959 740 3019 illum
753 2961 850 3040 (prius

104 3034 173 3093 enirn
188 3057 269 3114 qnam
284 3037 310 3095 in
325 3036 406 3095 fierem
424 3037 586 3109 ascenderet,
600 3038 706 3097 animus
717 3039 775 3119 ejus
788 3041 847 3099 aui·

104 3114 284 3175 madverterat
298 3121 307 3191 )
321 3140 327 3173 ι
343 3118 368 3175 Ζ
371 3118 497 3189 medere,
515 3119 670 3198 festinans
693 3119 845 3180 descende.

105 3195 195 3254 llonns
209 3217 306 3277 auceps
318 3197 452 3273 Salvator,
466 3196 513 3274 qui
521 3196 557 3255 ab
566 3197 661 3257 arbore
672 3197 790 3257 animam
801 3197 847 3258 de·

101 3274 169 3365 jinit.
186 3277 338 3346 Zaccltaec,
349 3279 505 3415 ¹sestr‘rmns
528 3278 679 3335 descende.
705 3277 847 3338 Calamam

104 3354 145 3412 illi
163 3355 240 3413 uerbi
262 3368 349 3414 extent
363 3357 400 3426 it,
414 3355 518 3416 viscum
533 3369 557 3414 et
574 3356 709 3436 glutinum
728 3358 849 3421 caritatis

68 3452 85 3497 c
103 3434 309 3515 circumposuit,
323 3436 393 3516 cepit
407 3456 469 3494 eum
484 3435 578 3517 pennis
593 3436 753 3511 intellectus,
768 3458 847 3497 eum-

103 3535 156 3590 que
168 3514 193 3572 in
209 3530 306 3574 roetum
321 3515 447 3574 Ecclesiae
462 3537 515 3575 suae
538 3515 638 3575 intulit.
655 3520 695 3577 dc
706 3514 769 3578 vide
780 3517 849 3595 quid
937 3575 941 3585 ,

103 3594 192 3652 saciat.
207 3598 245 3655 Ut
267 3595 368 3654 scilieet
390 3618 441 3654 eron
464 3595 601 3655 existimes
620 3595 725 3657 dictum
739 3596 809 3657 illud
823 3598 847 3657 ci

103 3674 160 3731 vim
177 3676 306 3749 attulisse,
320 3675 366 3735 sed
378 3676 427 3735 Dei
441 3677 554 3736 verbum
567 3698 622 3735 csse
636 3675 666 3736 id
677 3676 753 3815 lquod
764 3699 848 3737 auctr·

103 3767 184 3832 pater
200 3769 226 3813 et
240 3756 322 3835 capit,
336 3757 374 3814 ait
389 3756 483 3814 beatus
499 3756 658 3815 Zacharias:
704 3772 714 3816 t
730 3757 845 3816 ostendit
857 3778 928 3824 Am
938 3775 961 3823 Β,
976 3792 997 3823 1.

103 3833 171 3890 milri
188 3836 320 3892 Dominus
338 3857 386 3895 vas
401 3836 525 3916 anrtrpis,
547 3848 572 3893 et
593 3834 666 3895 dixit
686 3836 770 3910 milri,
792 3858 844 3895 non
856 3858 920 3916 nor,
950 3842 999 3884 2⁰-

103 3914 246 3990 prmteribo
260 3915 393 3994 populum
407 3935 509 3991 meum,
524 3935 674 3992 quousque,
690 3915 788 3993 inquit,
803 3916 845 3975 vi·
856 3904 957 3947 ‘'¹⁶⁸⁶'‘

104 4013 148 4048 seo
159 4013 219 4050 eum
232 4014 333 4072 cepero.
347 3995 386 4051 lta
397 3993 496 4051 veritas
516 4006 659 4051 contestata
677 4007 716 4052 est
731 3994 845 4055 verbum

104 4071 155 4129 llei
181 4093 236 4130 esse
258 4072 375 4147 niseum,
395 4072 467 4150 quod
493 4086 630 4150 tamquam
652 4074 726 4133 visco
738 4075 847 4133 caritate

104 4150 206 4208 animas
229 4151 347 4230 implicet
364 4165 390 4210 ct
409 4151 511 4211 irretiat
525 4175 531 4208 ι
544 4165 570 4210 et
584 4165 613 4210 ut
629 4153 765 4232 glutinum
778 4153 847 4213 illud

104 4251 156 4287 uon
174 4244 260 4310 potest
273 4230 399 4311 deinceps
412 4230 486 4308 quod
502 4245 614 4303 tenetur,
630 4231 665 4291 ab
677 4254 709 4292 eo
720 4232 850 4292 divellere

104 4310 174 4386 qnod
188 4324 270 4386 tenet;
286 4309 323 4369 ita
332 4311 459 4368 etanirna
469 4311 602 4370 Salvatori
612 4312 774 4392 unitaequasi
786 4313 847 4392 glu-

104 4388 160 4447 tino
172 4390 363 4466 qnodamauen
378 4390 408 4448 ts
421 4390 741 4468 agglutinanturddcitoo
753 4405 848 4474 captus

104 4468 150 4526 ille
160 4470 304 4548 praeclarus
318 4413 408 4550 pullus
420 4468 513 4529 David
520 4469 847 4552 dicebatadgglutinnta
859 4493 924 4538 reat.
932 4493 998 4551 ⁶²9·

69 4557 88 4603 Ι)
105 4553 207 4607 animer
217 4571 281 4608 men
291 4562 356 4628 post
368 4562 408 4621 te;
423 4563 449 4607 et
462 4571 554 4609 rursats
566 4552 713 4631 apostolus,
730 4554 788 4631 Qui
795 4575 848 4635 ag·
862 4584 881 4615 ι.
892 4570 946 4617 cor.
958 4573 983 4619 6.

125 4629 269 4687 lutinatns
285 4642 327 4687 est
339 4630 477 4699 Domino,
490 4650 567 4688 nnus
581 4634 758 4710 spiritusest.
769 4633 848 4714 Capit
863 4646 898 4692 Ι7·

104 4650 273 4783 lecelinum,
287 4722 313 4766 et
325 4709 360 4766 ab
374 4709 468 4767 arbore
481 4707 582 4799 dejicit,
594 4732 674 4788 seque
688 4711 715 4771 in
725 4713 848 4772 taberna·

106 4787 197 4843 culum
212 4788 270 4867 ejus
282 4787 414 4863 immittit,
426 4787 499 4865 quod
514 4810 570 4869 ipse
583 4790 719 4868 quondam
733 4793 848 4873 peccatis

106 4865 216 4942 quidem
230 4866 286 4925 suis
300 4867 495 4939 inobscurarat,
510 4868 592 4928 hodie
607 4891 670 4930 vero
685 4872 793 4952 pietatis
806 4871 848 4930 lu-

106 4945 210 5003 minare
221 4945 395 5006 eollustravit.
410 4948 448 5005 Ut
458 4946 539 5023 igitur
552 4950 688 5027 ingressus
702 4965 741 5010 est
754 4951 849 5011 Salva·

107 5039 156 5098 tor,
170 5025 287 5103 gaudens
298 5026 377 5084 illurn
383 5025 547 5140 publicanus
559 5029 673 5109 excepit.
685 5031 711 5089 0
721 5030 850 5089 eximiam

107 5104 217 5163 Domini
229 5104 390 5167 bonitatem.
407 5104 461 5177 Qui
480 5128 589 5186 peecare
602 5129 655 5168 non
669 5122 768 5188 potest,
786 5130 850 5168 curn

60 5292 70 5317 ν
82 5271 170 5320 ἱιυτοῦ.
