3750 5940
155 390 225 475 358
498 414 528 463 s.
554 414 692 464 ioannis
715 410 897 463 cunusosr.
926 411 937 458 i

152 556 264 596 raecum
279 549 340 610 est,
358 550 387 597 et
407 556 468 597 aon
488 538 608 619 reliquit
626 537 780 600 morotum
793 539 895 597 Pater.

151 627 278 688 Ostendit
295 648 324 689 se
342 628 439 689 merito
458 628 577 705 dixisse,
592 631 775 711 Principium
796 633 848 710 qui
867 639 897 687 et

151 722 256 802 loquor
265 724 361 782 uobis.

190 817 218 874 2.
236 816 330 894 Usque
341 811 410 888 adon
423 832 476 872 non
496 813 670 876 amandam
690 816 724 875 iis
740 837 800 895 qua
823 811 895 871 dice·

150 908 258 969 bantur.
294 909 355 969 Cur
377 908 581 968 exaltaveritis
613 911 728 970 Filium
752 909 892 969 domitus.

149 1001 246 1061 Nonne
256 994 321 1062 tuno
333 1020 377 1060 me
395 999 502 1060 sublato
520 1001 634 1081 speratis
646 1023 663 1063 e
674 1022 718 1062 me
735 1000 804 1061 nilail
817 997 895 1059 robis

149 1092 222 1152 nitra
231 1092 359 1153 molestie
367 1091 481 1152 allatum
493 1091 549 1152 iri?
558 1092 619 1175 Ego
627 1108 718 1154 autem
729 1093 792 1155 diuo
801 1091 893 1165 vobis,

151 1188 235 1247 Tunc
247 1186 573 1267 maxime'oogrwsootis,
588 1192 724 1270 qrtioego
742 1209 824 1259 sum,
846 1207 905 1266 per

148 1277 244 1358 signa,
269 1299 317 1360 per
339 1277 578 1356 remn'eotiouon,
592 1301 641 1361 per
659 1279 806 1340 excidium.
829 1279 912 1337 Haeo'

147 1372 248 1454 quippe
259 1371 418 1454 omuiaejus
429 1372 576 1453 potentiam
597 1373 817 1456 oomprobahaut.
836 1373 891 1432 Ne-

147 1486 201 1544 que
209 1464 299 1543 dixit,
315 1466 397 1525 Tunc
408 1465 573 1547 eognosoetis
585 1466 646 1544 quis
659 1467 720 1526 sim.
735 1466 806 1526 Cum
817 1465 893 1525 vide·
911 1468 929 1516 Ε

146 1557 223 1635 ritis,
236 1558 341 1638 inquit,
355 1578 399 1617 me
410 1557 480 1617 nihil
493 1579 528 1616 ex
538 1571 625 1618 morte
634 1580 793 1640 passurum,
812 1561 893 1617 Tuae

147 1654 325 1731 cognoscetis
344 1654 416 1732 quia
427 1669 479 1730 ego
491 1670 578 1710 sum:
593 1670 689 1731 nempe
708 1650 834 1710 Christus
847 1650 893 1709 Fi-

146 1741 202 1801 lius
214 1742 281 1819 net,
293 1742 343 1822 qui
363 1742 526 1802 omnia'fero
543 1757 570 1803 et
580 1741 668 1819 dnoo,
680 1763 729 1803 neo
743 1744 894 1804 contrarius

146 1833 230 1894 Patri.
252 1834 317 1896 ldeo
328 1832 442 1915 adjicit,
458 1836 501 1894 Et
522 1855 543 1894 a
561 1839 671 1917 meipso
682 1838 760 1895 uidil
777 1837 891 1918 loquor.

146 1926 301 2005 Utrumque
315 1925 388 1985 enim
401 1927 566 2006 cognoscetis
578 1971 586 2001 ,
601 1941 628 1987 et
638 1928 786 2009 potentiam
797 1950 893 2006 meam,

146 2031 172 2078 et
186 2038 250 2078 oum
267 2020 349 2079 Patre
360 2039 529 2081 consensum.
544 2018 620 2079 Illud
636 2020 726 2095 enim,
740 2022 773 2080 A
786 2027 894 2101 ateipso

147 2114 224 2172 matt
235 2114 355 2196 loquor,
369 2112 490 2172 eamdem
501 2132 557 2172 esse
575 2114 753 2173 substantiam
768 2112 894 2192 denotat,

146 2219 172 2265 et
192 2226 220 2266 se
240 2205 309 2265 ninii
321 2206 392 2265 ultra
405 2219 547 2286 paternum
559 2226 667 2265 sensum
680 2206 763 2285 loqui.
778 2206 895 2279 Quando
903 2249 937 2289 Μ,

145 2319 161 2356 a
185 2297 260 2356 cultu
277 2308 367 2356 restro
388 2295 538 2371 excidetis,
564 2316 614 2354 neo
634 2297 795 2356 conoodetur
817 2297 931 2358 vobist

145 2389 262 2470 pristino
275 2409 349 2448 more
359 2388 450 2470 ipsum
462 2387 562 2463 colere3
573 2400 638 2446 tuno
649 2387 739 2447 scietis
748 2388 838 2469 ipsum
853 2409 895 2448 me

146 2481 258 2557 ulcisci,
269 2479 442 2560 indignatum
456 2479 586 2540 adversus
598 2500 644 2539 eos
656 2479 704 2559 qui
728 2501 772 2541 me
782 2501 836 2540 non
846 2502 895 2540 au·

148 2572 355 2655 diemnt3103i
372 2572 493 2633 dioeret:
507 2571 537 2633 Si
551 2570 655 2633 alienus
674 2586 700 2632 et
711 2574 770 2633 Deo
789 2587 896 2634 oontra-

147 2666 204 2727 rius
219 2688 317 2743 essem,
327 2686 380 2726 non
390 2678 494 2726 tantam
504 2664 551 2725 ille
559 2678 653 2726 eontra
665 2686 713 2726 vos
721 2666 791 2726 iram
803 2688 895 2728 conce·

0 2775 54 2816 sat.
62 2768 101 2818 5³.
111 2782 136 2831 9.
146 2758 241 2842 pinet.
253 2759 312 2820 Hoo
324 2773 352 2819 et
362 2758 449 2820 tuias
459 2757 541 2836 dicit,
553 2760 649 2819 Dabit
660 2761 765 2840 impios
775 2781 830 2841 pro
849 2782 893 2820 se·

6 2855 63 2900 ’Μ’-
76 2868 99 2900 ²·
113 2852 137 2900 ⁵·
144 2855 269 2935 pultum
278 2857 342 2938 ejus
349 2878 362 2925 ‚·
386 2868 413 2913 et
425 2840 528 2931 David,
546 2854 627 2913 Turio
649 2853 896 2935 loqueturadeos

0 2968 3 3023 ς
20 2947 81 2992 ⁰³⁰¹·
96 2947 136 2994 ²³·
147 2951 180 3006 ia
200 2950 248 3008 iro
263 2966 334 3016 suar
355 2958 382 3005 et
398 2945 472 3027 ipse,
489 2946 569 3004 Ecoe
588 2945 774 3026 relinquetur
791 2947 896 3006 domm

1 3008 83 3114 im
97 3082 136 3115 ,μ
148 3051 249 3099 uestra
270 3040 406 3109 deserto5
428 3036 549 3118 idipsum
561 3050 588 3095 et
601 3035 628 3095 in
645 3035 798 3118 parabolis,
818 3039 897 3116 Quid

8 3142 32 3177 0·
42 3133 82 3191 4¹·
146 3132 381 3210 sacietdominus
390 3131 584 3211 uineoehujus
593 3130 731 3211 agricolis
741 3130 895 3190 illistam

148 3227 192 3285 los
206 3226 284 3284 mole
295 3226 406 3306 perdet.
422 3223 523 3285 Viden'
547 3242 609 3281 eum
621 3222 723 3301 ubique
743 3222 783 3281 sio
806 3223 894 3302 loqui,

145 3316 221 3396 quod
228 3317 271 3376 illi
282 3315 406 3378 nondum
416 3314 564 3374 crederent.
576 3313 661 3386 Quod
672 3315 694 3374 si
708 3314 779 3395 ipsos
789 3315 893 3396 perdat,
913 3321 931 3367 B

11 3423 82 3470 u⁶³9
95 3421 134 3467 ²7·
145 3423 176 3467 ut
189 3430 282 3470 revera
291 3407 386 3490 perdet
394 3431 403 3484 3
416 3428 478 3467 nam
487 3407 537 3485 ait,
549 3407 701 3466 Addttoite
712 3408 769 3466 duo
780 3429 828 3467 eos
843 3413 895 3488 qui

145 3523 192 3561 me
203 3501 307 3561 nolunt
319 3521 456 3582 regnare,
471 3513 499 3559 et
510 3499 685 3581 interficite,-
700 3520 748 3559 cur
760 3500 830 3560 iilud
842 3522 894 3560 non

144 3614 242 3669 suum,
254 3591 302 3652 sed
315 3592 404 3652 Patris
416 3612 485 3672 opus
504 3612 563 3650 esse
580 3589 667 3650 dicit?
681 3592 720 3651 Ut
731 3591 844 3651 illorum
867 3615 895 3654 se

144 3683 326 3744 imbecillitati
333 3697 500 3765 attemperet,
507 3682 804 3762 simulqueGenitorom
814 3707 895 3745 suum

145 3776 267 3837 honoret.
280 3775 345 3836 Ideo
355 3797 407 3836 nou
418 3775 502 3851 dixit,
511 3775 646 3854 Relinquo
655 3774 767 3834 domum
778 3791 895 3837 vestram

144 3870 295 3946 desertam
317 3867 379 3946 ted,
395 3869 601 3950 Relinquetur,
625 3862 839 3949 impersonaliter
854 3871 893 3930 lo-

10 3963 133 4031 ucasti.
144 3949 238 4043 quens.
256 3963 326 4023 Cum
340 3982 420 4044 porro
435 3960 521 4037 dicit,
541 3962 661 4040 Quoties
674 3961 759 4019 volui
775 3983 893 4042 congre-

142 4076 215 4135 gare
231 4055 320 4137 filios
340 4065 476 4125 uestros,
505 4065 534 4111 et
564 4051 894 4131 noluistisideindequo

143 4151 237 4228 addit,
263 4151 473 4233 Relinquetur,
510 4169 537 4207 so
560 4147 735 4207 desolationis
758 4164 893 4209 auctorem

143 4245 272 4305 ostendit.
300 4244 390 4321 Quia,
412 4243 519 4322 inquit,
545 4240 683 4301 beneficiis
709 4241 832 4301 noluistis
856 4243 893 4302 ad

143 4335 307 4395 credendum
323 4335 431 4411 induci,
449 4356 484 4393 ex
499 4332 634 4414 supplicio
648 4335 813 4414 oognoscetis
830 4336 893 4413 quis

143 4449 204 4487 sum
226 4449 283 4508 ego.
308 4431 350 4487 Et
372 4430 465 4488 Pater
480 4449 593 4487 mecum
616 4440 666 4487 est.
690 4429 732 4486 Ne
753 4441 891 4507 putarent,
910 4433 929 4479 0

144 4519 232 4594 illud,
259 4521 318 4599 Qui
341 4524 420 4578 misit
445 4540 507 4589 me,
531 4519 664 4578 minorem
686 4519 775 4600 ipsum
800 4520 892 4579 decla-

144 4634 218 4689 rare,
236 4610 331 4686 addit,
353 4614 470 4670 Mecum
492 4625 543 4670 est.
560 4609 643 4669 Aliud
663 4612 735 4670 enim
755 4612 891 4693 dispensa-

143 4704 242 4782 tionis,
259 4702 345 4762 -aliud
371 4702 524 4762 diuinitatis
546 4716 594 4762 est.
618 4705 658 4762 Et
681 4725 740 4762 noa
773 4704 893 4784 reliquit

143 4820 190 4857 me
208 4796 323 4868 solum,
352 4798 443 4876 quia,
470 4816 535 4874 quae
547 4796 660 4873 piacita
671 4809 739 4855 sunt
754 4798 891 4877 ei,facio

142 4914 260 4975 semper.
284 4893 404 4951 Rursum
425 4890 460 4949 ad
483 4889 629 4948 humiliora
649 4889 802 4967 descendit,
822 4891 890 4950 illud

177 5086 189 5121 b
208 5091 245 5135 rui
259 5088 296 5135 aiu
316 5086 378 5140 dat,
397 5090 449 5131 rore
464 5085 571 5144 γνώσεσθε
583 5086 616 5136 τὶς
630 5087 683 5143 εἰμι.
702 5081 761 5128 Haec
775 5096 826 5130 non
843 5078 907 5131 locta

142 5158 243 5211 suntab
257 5162 407 5223 Interprete.

174 5249 184 5271 ‘
203 5237 250 5289 diii
259 5243 321 5297 tutu
332 5243 367 5289 ὅτι
377 5238 450 5295 oiie'r,
462 5243 487 5280 et
502 5247 558 5280 mox
574 5239 704 5299 fii-ssim.
