3750 5940
409 418 442 465 m
469 418 752 468 incnunnrronuu
779 420 913 484 nonunt,
943 421 1019 468 nnc.
1422 397 1494 490 889

58 538 187 598 δνδοῦλον
202 537 362 615 μιμούμενον
377 540 511 611 αι’ποθτλν
520 542 699 621 σωφροσύνην,
752 540 828 634 ligit3
847 542 871 601 ti
892 542 992 601 viderit
1008 539 1145 601 ecclesiam
1158 541 1334 618 frequentare,
1348 541 1393 622 pie
1406 561 1494 620 agere,

57 615 95 677 ίόν
115 641 155 684 τις
167 619 220 675 τῶν
234 621 293 675 καθ’
307 623 378 694 ἡμᾶς
389 619 518 691 δεσπότης
570 643 586 698 η
610 622 699 680 δοῦλον
749 619 880 711 jejunare,
895 621 1075 701 eleemosynas
1091 639 1208 699 erogare,
1228 619 1297 678 hanc
1318 619 1431 711 probam
1451 641 1493 678 sni

57 695 115 755 ύτδν
132 696 178 754 καί
194 706 274 776 τιμᾷ·
293 695 338 756 tta
350 697 377 755 di
393 697 544 774 μιμήσηται
558 701 646 764 δοῦλος
661 701 699 758 δε·
753 699 929 759 imitationem
940 700 1047 759 herusa
1067 699 1173 780 probat.
1189 701 1293 759 Verum
1307 720 1328 757 sr
1342 720 1435 758 servus
1448 699 1495 756 ille

57 775 251 853 ιιλανθρωπίαν,
270 777 388 854 ἀγαπᾷθ
402 776 531 849 δεσπότης
544 777 576 835 τὸ
596 780 700 856 κτῆμα·
754 777 929 838 imitationem
941 778 1017 837 illam
1035 721 1107 836 nitra
1125 777 1237 836 modum
1255 777 1390 853 extendat,
1404 779 1427 837 si
1440 799 1493 835 au—

58 853 102 912 τὸν
116 855 206 913 δούλαν
222 857 313 913 ἑαυτοῦ
335 855 499 935 σγολοίζοντα
517 859 543 914 έν
558 857 701 938 ἐκκλησίᾳ,
754 858 903 916 ctoritatem
923 857 981 916 heri
1002 878 1043 915 sur
1066 858 1196 933 imitetur,
1214 857 1348 916 conservis
1361 859 1494 937 imperans

57 956 106 1002 τα,
124 932 297 1006 νηστεύοντα,
319 933 496 1012 ἐλεημοσύνας
518 932 701 1015 ἐργαζόμενον,
755 948 785 993 ut
801 936 890 1011 herus,
907 936 1047 995 strenuitates
1062 949 1090 994 ut
1106 937 1188 995 herus
1199 935 1345 1015 dissipans,
1359 957 1410 994 non
1424 935 1496 992 ultra

78 1011 207 1084 δεσπότης
227 1012 275 1083 τὴν
294 1013 378 1085 καλὴν
401 1021 447 1072 τοῦ
465 1013 557 1072 δούλου
580 1014 700 1091 μίμησιν.
743 1014 901 1074 'laudabilis
915 1015 1092 1085 imitatincst,
1106 1014 1153 1073 scd
1171 1014 1368 1095 vituperabilis.
1383 1017 1495 1094 Oportet

58 1091 327 1171 τοιύδοῦλοςίκύιίλη
338 1091 386 1164 τὴν
398 1092 428 1170 μί
449 1115 509 1163 ησιν
519 1097 555 1158 εἰς
564 1095 702 1173 ἀμετρίαν,
718 1086 825 1151 cenim
842 1094 1065 1154 servum-imitari
1085 1095 1141 1152 heri
1157 1095 1197 1152 sui
1212 1095 1377 1172 aetpiitatem,
1396 1105 1496 1173 tempe-

57 1192 114 1240 ηται
128 1176 266 1246 μιμεῖσθαι
284 1177 331 1228 τοῦ
352 1117 479 1231 &odim
493 1169 542 1243 τλν
556 1173 701 1245 αύθεντίαν,
742 1171 878 1252 ¹rontium,
892 1172 1027 1253 pietatem,
1037 1173 1180 1253 justitiam,
1196 1195 1248 1231 nou
1262 1174 1457 1247 auctoritatem,
1471 1185 1498 1230 ct

57 1271 81 1305 ιν
98 1256 152 1314 τοῖς
169 1250 319 1316 συνδούλοις
332 1252 368 1316 u<
381 1249 527 1323 δεσπότης,
547 1251 701 1332 διασκορπί·
753 1248 971 1310 dominationem.
988 1255 1083 1313 Jussus
1102 1271 1165 1330 ergo
1183 1253 1264 1310 homo
1282 1252 1332 1310 Dei
1350 1252 1497 1310 bonitatem

57 1328 202 1405 πράγματα
222 1332 259 1395 o<
281 1329 426 1402 δεσπότης,
446 1329 535 1388 ούκέτι
550 1335 571 1403 Ιἡ
585 1330 702 1407 ’μίμησις
752 1327 864 1407 imitari,
883 1330 1058 1390 imitationem
1081 1331 1153 1389 ultra
1173 1331 1284 1390 modum
1299 1331 1434 1407 extendit5
1450 1351 1498 1388 vo-

66 1406 152 1480 ,ἀλλόι
166 1408 260 1488 ψεκτή.
275 1409 323 1466 Δεῖ
336 1406 387 1488 γθιρ
400 1408 444 1466 τὸν
458 1409 549 1467 δοῦλον
563 1415 701 1487 μιμεῖσθαι
752 1406 858 1486 luitque
865 1408 976 1470 demum
992 1410 1042 1469 Dei
1054 1411 1194 1469 aemulator
1205 1431 1272 1486 esse,
1283 1431 1336 1469 non
1348 1409 1498 1468 secundum

57 1485 227 1559 viriziacum,
243 1486 426 1567 σωφροσύνην,
441 1487 584 1560 εύσέὸειαν,
600 1491 701 1548 δικαιο-
753 1487 892 1564 virtutem,
909 1489 956 1548 sed
974 1488 1124 1548 secuudum
1143 1489 1340 1548 auctoritatem.
1362 1491 1431 1548 Nam
1448 1490 1499 1547 hac
1621 1552 1624 1557 ,

57 1567 84 1624 ix
105 1565 251 1639 αιίθεντίεν,
263 1571 292 1626 οὐ
307 1567 468 1626 δεσποτείαν.
483 1565 581 1626 Λαύὼν
591 1568 677 1626 τοίνυν
689 1573 702 1626 θ
753 1566 781 1625 in
800 1588 828 1625 re
841 1568 919 1627 illum
935 1589 1043 1649 serpens
1054 1568 1170 1649 decepit,
1183 1568 1276 1627 dicens
1289 1592 1295 1625 :
1309 1571 1346 1625 ln
1356 1589 1498 1649 quacum·
1510 1575 1562 1616 Gra·
1575 1571 1597 1614 3-
1609 1570 1631 1615 5.
1691 1610 1697 1623 ,

56 1669 68 1711 ς
89 1642 120 1701 τὸ
144 1652 283 1723 μιμεῖσθαι
305 1652 350 1704 τοῦ
370 1649 439 1706 Θεοῦ
462 1644 510 1718 τὴν
536 1645 701 1724 ἀγαθότητα,
754 1666 810 1725 que
821 1648 869 1705 die
877 1650 1043 1718 comedetis,
1062 1651 1144 1706 eritis
1154 1652 1229 1707 sicut
1241 1649 1293 1719 dii,
1308 1651 1430 1706 scientes
1447 1650 1498 1705 bo-

57 1722 84 1780 τὸ
98 1723 192 1801 μέτρον
216 1728 264 1793 τῆς
284 1723 422 1802 μιμήσεως
441 1727 477 1791 εἷς
497 1726 565 1802 ἀμετ
584 1725 635 1801 ίαν,
658 1728 703 1785 καί
755 1745 824 1783 num
848 1739 877 1785 et
901 1728 1021 1786 malum.
1037 1727 1143 1801 Laudat
1168 1740 1257 1787 autem
1273 1728 1346 1784 Deus
1368 1726 1496 1785 imitatio-

57 1824 81 1860 τε
103 1803 193 1861 λοιπὸν
214 1811 260 1862 τοῦ
281 1806 352 1863 θεοῦ
373 1803 492 1876 ζηλωτὴς
514 1749 649 1884 γενέσθαι,
671 1809 699 1865 οὐ
753 1823 826 1882 nem,
841 1804 948 1883 quando
959 1804 1071 1864 modum
1083 1807 1239 1881 servat3sin
1254 1805 1366 1864 modum
1376 1805 1497 1879 excedat,

57 1879 135 1952 εετὴν,
159 1881 227 1940 ἄλλό
252 1882 322 1941 κατὰ
346 1884 492 1942 αύθεντίαν.
519 1883 614 1963 Τούτῳ
649 1884 701 1964 γὰρ
753 1883 873 1943 imitator
893 1883 1108 1965 reprehenditur.
1125 1884 1206 1944 Uhde
1221 1883 1385 1943 hocifficit
1407 1908 1413 1939 :
1435 1887 1496 1942 Fa·
1511 1888 1648 1935 lituu-2⁶»

57 1961 258 2040 ναύτὸνόύφις
272 1953 416 2046 λέγοιν,ᾞ
435 1961 465 2019 διν
482 1961 537 2041 ήμέ
554 1962 702 2043 ᾳφιίγητε,
753 1965 866 2022 ciamus
885 1965 1032 2022 hominem
1045 1964 1087 2021 od
1105 1967 1146 2021 im
1185 1969 1263 2022 inem
1277 1976 1305 2021 et
1324 1964 1497 2022 similitudi-

57 2043 80 2105 ὐς
100 2039 169 2111 θεοὶ,
196 2039 367 2117 γινώσκοντες
401 2040 485 2100 καλδν
507 1984 553 2101 καί
580 2065 646 2114 πονη
673 2042 701 2101 ’.
754 2059 820 2099 nem
835 2055 975 2108 nostram.
990 2041 1042 2101 Dei
1055 1985 1229 2101 simdeihmi
1241 2054 1303 2100 sunt
1314 2041 1437 2123 apostoli,
1451 2062 1498 2100 nec

74 2116 216 2191 δὲόΘεδς
231 2118 279 2190 τὴν
303 2119 425 2196 μίμησιν,
444 2121 506 2179 ὅταν
526 2119 620 2200 μέτρον
639 2063 702 2202 ἔην·
753 2119 889 2201 objurgati
906 2136 984 2198 sunt,
999 2121 1049 2180 Dei
1069 2120 1171 2180 similes
1190 2121 1253 2180 facti
1273 2134 1335 2179 sunt
1351 2121 1499 2202 prophetae,
1527 2129 1537 2144 '

57 2195 78 2256 ,δ
98 2196 191 2276 μέτρον
206 2196 314 2277 ἐξέλθῃ,
328 2199 380 2260 ὑπὸ
392 2200 472 2279 ψόγον
484 2204 498 2258 θ
511 2199 702 2278 μιμησάμενος.
753 2219 801 2258 nec
811 2200 962 2291 reprehensi
972 2213 1044 2260 sunt.
1059 2200 1160 2259 imitati
1173 2213 1235 2259 sunt
1245 2200 1303 2280 ejus
1314 2199 1497 2273 clementiam,

57 2299 87 2335 εν
107 2282 195 2350 ταῦτα
209 2277 302 2354 Λέγει,
314 2277 475 2355 Ποιήσωμεν
492 2279 629 2360 ἄνθρωπον
642 2283 702 2338 κατ’
718 2284 737 2329 D
754 2277 981 2355 misericordiam,
997 2279 1147 2360 justitiam,
1166 2279 1301 2359 pietatem.
1325 2278 1449 2338 Similem
1471 2299 1498 2336 se

57 2356 164 2437 μετέραν
179 2355 224 2414 καί
238 2357 372 2433 ὁμοίωσιν.
387 2356 573 2435 Ὡμοιώθησαν
583 2362 622 2437 τῷ
640 2360 703 2440 Θεῷ
753 2358 812 2417 Deo
824 2357 960 2440 quispiam
973 2358 1097 2418 exhibuit
1111 2358 1260 2417 secundum
1270 2358 1393 2417 divinam
1404 2370 1498 2416 aucto

57 2435 128 2508 ολοι,
141 2433 186 2493 καὶ
203 2438 251 2494 οὐκ
266 2434 458 2515 έμέμφθησαν·
475 2436 651 2514 ὡμουύθησαν
664 2442 702 2496 τ”ι
753 2436 870 2515 ritatem,
885 2451 911 2497 et
924 2437 1015 2497 statim
1030 2439 1126 2517 plexus
1140 2450 1190 2495 est.
1204 2436 1280 2495 Dicit
1292 2437 1376 2496 isaias
1389 2435 1499 2496 cuidam

65 2517 215 2593 προφῆται,
241 2514 287 2572 καὶ
314 2516 363 2574 οὐκ
389 2516 547 2595 ἐψέχθησαν.
576 2462 702 2592 Μιμητύλ
754 2528 871 2595 tyranno
884 2517 911 2576 in
924 2516 1217 2597 Babylone,separem
1230 2517 1288 2574 Deo
1301 2516 1414 2575 furentis
1424 2536 1498 2574 more

71 2591 282 2672 φιλανθρωπίας,
306 2595 496 2671 έλεημοσύνης,
522 2594 702 2670 δικαιοσύνης,
754 2595 916 2654 exhibenti:
935 2598 978 2654 Τιι
993 2597 1097 2655 dixisti
1112 2600 1143 2653 in
1154 2609 1250 2654 mente
1261 2598 1384 2654 tuarln
1394 2596 1498 2653 coelum
1511 2594 1568 2646 isai.
1588 2600 1623 2661 ιη.

57 2695 76 2738 ς.
100 2670 238 2750 Ὡμοιώθη
261 2696 302 2740 τις
325 2677 364 2731 τῶ
389 2675 452 2732 Θεῶ
474 2670 542 2732 κατὰ
565 2673 701 2732 αύθεντίαν
754 2677 923 2748 ascendam,
938 2687 966 2733 et
979 2676 1085 2733 sedebo
1099 2678 1131 2732 in
1145 2677 1290 2733 montibus
1303 2675 1436 2745 excelsis,
1448 2678 1499 2754 φατ’
1512 2665 1620 2713 ¹³·‘¹⁵·

57 2749 91 2810 κύ
103 2751 197 2818 εὐθέως
216 2733 379 2830 ἐτιμωρήθη.
405 2731 484 2830 Λέγει
505 2750 618 2820 Ἡσαΐας
637 2778 659 2812 π
676 2753 702 2821 ὀς
753 2754 1151 2834 suntadaquiionem,sr.·pm
1162 2753 1460 2826 nubesconscendam,
1470 2765 1498 2810 et

57 2853 136 2888 ιαννον
160 2830 187 2886 έν
208 2831 346 2890 Βαύυλῶνι
378 2830 492 2908 μανέντα
516 2829 638 2906 ίσοθείαν,
661 2778 702 2892 hh
753 2851 841 2912 supra
861 2833 963 2891 stellas
985 2852 1095 2912 ponam
1117 2834 1254 2891 thronum
1269 2851 1376 2909 meum,
1398 2843 1426 2889 et
1449 2851 1498 2889 ero

61 2914 94 2980 τῆ
109 2907 209 2988 διανοίᾳ
221 2933 282 2982 σου,
300 2912 336 2976 είς
347 2909 392 2968 τδν
406 2913 435 2968 οὗ
454 2910 513 2969 ανδν
525 2909 703 2988 ἀναύήσομαι,
753 2912 860 2969 similis
877 2910 1034 2969 Altissimo
1054 2934 1062 2966 :
1082 2931 1160 2970 nunc
1177 2924 1276 2970 autem
1290 2911 1332 2968 ad
1350 2911 1499 2990 infernum

57 2991 134 3064 οῦμαι
149 2987 192 3045 ἐπὶ
205 2987 239 3047 τὰ
253 2988 300 3068 ὄρη
315 2988 349 3048 τδι
362 2933 451 3069 ὑθηλδ
471 2988 581 3072 τίεπρδς
596 2992 702 3072 βορρᾶν,
754 2990 925 3062 descendes,
947 3003 976 3048 et
1003 2991 1261 3080 adjundamenta
1282 3002 1376 3049 terroe.
1397 2987 1498 3050 Viden'

57 3071 95 3125 ῶν
117 3069 230 3141 νεφελῶν
253 3067 439 3145 ἀναύήσομαι,
463 3068 509 3127 καὶ
538 3067 627 3128 ἐπάνω
650 3072 701 3127 τῶν
754 3068 892 3146 quomodo
909 3089 988 3142 cum,
1011 3089 1058 3146 qur
1078 3068 1203 3149 superbia
1227 3069 1371 3142 efferatur,
1386 3067 1500 3148 puniat?

57 3145 180 3217 iniecerint
195 3144 283 3224 θρόνον
299 3171 366 3225 μου,
388 3147 433 3205 καλ
447 3145 542 3224 έσομαι
560 3146 650 3224 ὅμοιος
664 3153 702 3229 τῷ
756 3149 888 3220 Quaenam
896 3147 1000 3208 invidia
1010 3147 1101 3206 suisset
1110 3147 1250 3228 opificium
1259 3146 1347 3206 simile
1356 3146 1500 3206 esseCrea-

60 3247 66 3261 ·
86 3223 172 3282 νῦνδί
191 3227 227 3290 εἷς
243 3224 305 3305 ᾅδου
320 3225 478 3303 καταύήσῃ,
495 3229 531 3292 είς
546 3225 580 3285 τὰ
594 3225 703 3305 θεμέλια
756 3226 818 3302 tori,
834 3228 857 3286 si
870 3226 1018 3286 secundum
1032 3227 1175 3307 imaginem
1189 3238 1215 3285 et
1225 3226 1431 3286 similitudinem
1441 3225 1500 3305 ejus

63 3301 159 3384 Ὁρᾷς,
173 3307 230 3369 πῶς
248 3303 293 3362 τὸν
314 3304 461 3385 ἐπαρθέντα
482 3309 515 3377 τῆ
537 3306 704 3386 ὑπερηφανία
757 3308 858 3365 facttum
879 3306 966 3365 esset?
986 3309 1090 3367 Verum
1112 3304 1289 3365 immoderata
1309 3306 1367 3385 ejus
1386 3302 1500 3363 audacia

70 3383 151 3449 Ποῖσς
169 3381 221 3460 γδιρ
232 3374 265 3454 ἦν
276 3384 368 3464 φθόνος
382 3384 413 3442 τδ
424 3372 545 3461 γενέσθαι
557 3382 648 3462 ὅμοιον
659 3368 704 3445 τού
757 3385 869 3444 modum
879 3405 932 3446 uon
944 3385 1072 3445 servavit.
1082 3386 1152 3462 Nam
1166 3384 1275 3464 virtutis
1284 3383 1500 3458 similitudinem,

57 3468 110 3541 μῦ,
125 3465 148 3520 εί
169 3464 228 3518 κατ’
245 3462 333 3520 εἰκόνα
346 3462 391 3521 καὶ
401 3462 528 3539 ὁμοίωσιν
539 3470 586 3523 τοῦ
599 3464 705 3524 κτίσαν·
757 3464 878 3543 reliquit,
894 3478 920 3524 et
941 3465 976 3524 ad
990 3485 1050 3524 eam
1064 3462 1200 3524 festinavit
1220 3463 1426 3523 similitudinem
1440 3482 1500 3540 quae

57 3563 105 3611 ιτσ;
120 3537 190 3599 Ἀλλ’
205 3541 253 3599 ούκ
272 3532 326 3621 εἶχε
349 3542 444 3622 μέτρον
458 3544 506 3612 τῆς
519 3538 704 3619 ’θμοιώσεωςὴ
757 3543 905 3603 secundum
923 3543 1109 3603 auctoritatem
1124 3555 1192 3602 erat.
1207 3544 1249 3602 Ita
1264 3543 1299 3601 de
1311 3541 1419 3602 Davide
1432 3540 1500 3599 dici·
1529 3549 1532 3553 ’

67 3622 146 3679 αὐτοῦ
166 3617 263 3697 τόλμα.
282 3623 417 3680 Κατέλιπε
429 3619 481 3701 γδιρ
492 3623 539 3689 τῆς
552 3625 647 3703 ἀρετῆς
658 3623 705 3695 τὴν
722 3633 741 3680 E
759 3636 820 3681 tur:
831 3626 941 3683 Inveni
949 3623 1052 3682 David
1085 3623 1157 3680 lium
1172 3625 1274 3692 Jessae,
1291 3627 1391 3681 virum
1402 3641 1500 3680 secun·
1510 3625 1563 3669 Act.
1575 3624 1652 3669 ¹32²·

57 3721 71 3768 ι,
96 3698 141 3756 καὶ
171 3696 283 3778 ἔδραμεν
315 3701 359 3758 ἐπὶ
390 3700 547 3772 δεσποτικῆς
573 3702 708 3769 αὐθεντίας
759 3704 829 3761 dum
846 3723 898 3762 cor
914 3724 1019 3771 meum,
1063 3714 1108 3760 ccc
1129 3699 1337 3760 similitudinem
1354 3698 1524 3760 secundum·

57 3799 72 3834 ν.
95 3775 175 3836 otro
196 3777 242 3836 καλ
266 3778 309 3836 iri
328 3784 373 3838 τοῦ
397 3778 481 3838 Δαυλδ
502 3777 591 3854 λέγει,
621 3773 707 3862 Εὗρον
759 3780 914 3860 imaginem.
924 3782 995 3853 Quia
1008 3779 1124 3840 Davidis
1133 3778 1259 3858 cogitatio
1272 3778 1307 3837 ad
1320 3781 1406 3838 Deum
1418 3779 1502 3858 respi-

57 3857 140 3914 θντυῦ
155 3856 270 3931 Ἰεσσαὶ,
284 3857 367 3938 ἄνδρα
381 3856 450 3917 κατὰ
465 3856 514 3929 τὴν
525 3859 635 3938 καρδίαν
647 3883 706 3940 μου.
760 3860 859 3935 ciebat,
880 3860 952 3939 quod
972 3873 1040 3919 esset
1063 3859 1157 3939 plenus
1176 3857 1317 3931 modestia,
1336 3856 1500 3929 humilitate,

57 3933 155 4001 ιοίωσις
177 3934 237 3994 κατ’
260 3936 357 3995 εἰκόνα.
381 3936 492 4010 Ἐπειδὴ
512 3929 709 4018 ἦνόλογισμδς
758 3938 870 4019 justitie
893 3939 981 3998 cultor
1003 3950 1029 3995 ct
1048 3935 1223 3995 humanitatis
1245 3959 1252 3992 :
1274 3939 1380 3994 Inveni
1401 3937 1504 3994 David

57 4016 78 4072 ιδ
86 4015 150 4091 πρὸς
160 4014 228 4073 Θεὸν
244 4015 360 4094 βλέπων,
377 4016 519 4082 ἐπιεικείας
534 4017 642 4093 μεστὸς,
657 4042 707 4077 τα-
758 4018 856 4096 filium
880 4017 990 4093 Jessoe,
1011 4020 1111 4075 virum
1135 4015 1294 4075 secundum
1318 4035 1369 4074 cor
1394 4035 1500 4073 meum.

57 4091 140 4164 ιούνης
151 4092 251 4171 γέμων,
265 4095 430 4166 δικαιοσύνης
443 4094 595 4174 φροντίζων,
609 4097 654 4156 καί
666 4121 708 4178 φι-
762 4096 833 4155 Eum
851 4095 975 4188 quidemi,
992 4093 1041 4173 qui
1061 4115 1108 4153 cor
1127 4095 1178 4152 Dei
1200 4105 1269 4152 reete
1292 4093 1501 4162 imitatuserat,

57 4170 107 4237 είας
119 4172 309 4251 ἀντεχόμενος,
326 4166 410 4255 Εὗρον
424 4173 508 4233 Δαυίδ
518 4174 563 4234 τδν
578 4181 624 4234 soii
639 4178 706 4236 Ἰεσ-
761 4174 903 4253 iaudamt3
931 4175 1010 4234 illum
1034 4195 1099 4233 vero
1125 4187 1284 4254 tyranuum,
1306 4174 1354 4251 qui
1378 4193 1424 4232 cor
1451 4172 1501 4231 Dei

57 4251 100 4330 δρα
109 4252 178 4310 κατὰ
187 4251 236 4323 τὴν
246 4252 357 4333 καρδίαν
366 4276 425 4331 μου.
438 4252 491 4312 Καὶ
500 4254 544 4314 τὸν
560 4252 607 4332 μέν
621 4257 708 4324 καλῶς
761 4255 880 4314 imitatus
900 4267 974 4328 erat,
995 4273 1048 4312 non
1069 4251 1217 4334 secuudum
1233 4251 1373 4328 virtutem,
1395 4251 1444 4310 sed
1460 4273 1503 4310 se

57 4352 124 4389 ιενον
140 4329 250 4409 καρδίαν
267 4336 337 4393 Θεοῦ
352 4332 487 4412 ἐπῄνεσεν,
511 4333 591 4393 ἄλλον
614 4334 642 4394 δὲ
663 4335 709 4394 τύ·
761 4333 880 4393 cundum
892 4332 1112 4406 dominationem,
1127 4330 1302 4410 vituperavit,
1316 4331 1371 4389 imo
1385 4330 1501 4411 punivit.

57 4410 979 4572 ιι,τι
1242 4411 1599 4567 ,ι

57 4589 77 4624 ει
89 4570 103 4626 ό
116 4568 184 4634 Θεὸς
197 4568 241 4629 διδ
256 4536 301 4630 iot
313 4517 459 4643 itidem·
480 4570 534 4630 Καί
551 4570 597 4645 σὺ,
611 4572 651 4633 υἱέ
665 4575 710 4631 ἀν·
727 4558 746 4602 Α
762 4583 806 4632 est
823 4538 875 4631 cde
894 4512 1001 4641 tituriir,¹
1015 4513 1180 4639 etpdixistr',
1193 4569 1273 4628 Deus
1293 4588 1357 4627 sum
1379 4590 1431 4651 ego
1438 4594 1450 4639 ,·
1474 4583 1506 4628 tu

57 4636 146 4710 ,εἶπον
160 4651 199 4727 τῷ
219 4647 328 4728 ἄρχοντι
342 4649 430 4731 Τύρου
442 4671 449 4685 ·
463 4653 518 4709 ἀνθ’
535 4640 572 4708 ὧν
586 4651 710 4732 θψιύθηὴ
764 4671 836 4710 atero
856 4653 942 4709 itomo
957 4669 987 4708 es
993 4694 1002 4721 ,
1023 4660 1051 4707 et
1076 4668 1135 4706 non
1155 4647 1226 4706 deus
1247 4669 1256 4703 .·
1277 4660 1306 4706 et
1327 4649 1434 4708 dedisti
1457 4669 1508 4708 cor

57 4745 116 4795 roo,
132 4724 176 4784 καί
199 4717 292 4800 εἶπας),
306 4728 362 4796 θεός
373 4732 428 4806 εἰμι
442 4728 508 4808 ἐγὼ,
523 4728 555 4789 σθ
568 4729 595 4790 δὲ
609 4732 710 4812 όνθρω-
765 4743 857 4800 tuum,
878 4741 909 4788 ut
926 4748 977 4787 cor
993 4728 1041 4786 dei
1058 4751 1067 4783 .-
1083 4728 1148 4785 ideo
1163 4746 1230 4785 ecce
1250 4748 1302 4806 ego
1312 4729 1449 4787 indiacum
1460 4748 1507 4786 su·

57 4804 103 4862 καλ
115 4807 143 4863 σθ
158 4804 285 4877 θεδς,καλ
302 4806 402 4875 ἔδωκας
417 4807 466 4880 τὴν
485 4808 595 4889 καρδίαν
611 4831 656 4870 σου
677 4813 712 4875 ὡς
764 4831 817 4890 per
830 4821 859 4867 te
878 4808 993 4866 alienos
1009 4817 1102 4886 pestes
1121 4826 1140 4863 α
1160 4808 1303 4886 gentibus,
1319 4817 1347 4864 et
1370 4810 1509 4886 evagina„

83 4888 158 4943 θεοῦ·
180 4886 238 4943 ἀντὶ
256 4885 347 4946 τούτου
363 4886 417 4946 ἰδού
438 4886 491 4968 ἐγὼ
511 4888 600 4956 indito
621 4889 665 4949 ἐπὶ
684 4889 713 4947 σὲ
769 4893 839 4948 bunt
849 4887 963 4968 gladios
974 4905 1039 4944 suos
1053 4897 1157 4943 contra
1170 4898 1209 4956 te,
1221 4897 1250 4943 et
1263 4898 1366 4943 contro
1373 4886 1506 4975 pulchri-

57 4983 96 5027 θυι
111 4961 220 5040 λοιμούς
239 4965 292 5025 ἀπὸ
310 4967 399 5037 tenuo,
413 4966 459 5025 καὶ
477 4967 650 5029 έκκενώσουσι
668 4968 715 5034 rh<
770 4969 900 5028 tudinem
915 4967 1045 5025 scientior
1057 4976 1127 5032 tuoe;
1142 4976 1225 5041 utque
1239 4961 1398 5042 compendio
1410 4962 1509 5037 dicam,

57 5064 79 5107 ις
90 5045 175 5100 αὐτῶν
187 5043 231 5102 ἐπὶ
246 5043 291 5118 σέ,
313 5045 358 5103 καλ
378 5045 422 5105 ieri
435 5047 466 5105 τὸ
479 5046 575 5114 κάλλος
595 5053 642 5119 τῆς
658 5049 715 5106 ἐπι·
770 5046 876 5127 adjicit:
889 5046 931 5103 Et
942 5047 1072 5103 morieris
1082 5056 1174 5102 morte
1185 5063 1221 5101 ex
1230 5042 1401 5101 vulneribus
1415 5047 1448 5100 ιἰι
1462 5062 1512 5100 cor
1523 5061 1661 5120 ιιιυηιιη,

60 5141 116 5178 σου·
128 5120 183 5193 καί,
196 5120 239 5181 ἵνα
251 5123 387 5202 συντέμω,
400 5123 510 5204 ἐπείγει,
525 5126 579 5186 Καὶ
597 5129 716 5203 ἀποθανῇ
773 5129 873 5185 moris.
891 5123 1047 5204 Numquid
1058 5122 1148 5195 dices,
1159 5123 1240 5201 Deus
1258 5139 1323 5180 sum
1342 5140 1404 5201 ego,
1412 5141 1512 5179 coram

70 5205 241 5278 τραυματιῶν
253 5205 279 5262 έν
293 5202 389 5282 καρδία
411 5204 553 5277 θαλόσσης.
567 5204 614 5278 Μὴ
633 5205 718 5286 λέγων
773 5203 1013 5285 interficientibus
1027 5207 1078 5261 te?
1096 5199 1207 5275 Vidcn’,
1223 5198 1357 5339 quomodg
1375 5199 1423 5260 illa
1443 5200 1513 5258 ultra

90 5299 162 5337 roni.
185 5300 259 5339 νιιι.
1318 5303 1335 5335 o
