3750 5940
489 443 524 494 ιιι
552 446 712 495 sonuum
737 448 856 496 nourr.
884 425 1219 500 κινιιι.ο1.ιιιιιιι.
1590 430 1654 506 185

74 590 134 627 teat
134 566 207 638 ἐστι,
223 566 262 645 μὴ
280 566 392 645 νομίσῃς
408 567 460 640 clv
473 569 605 642 ἀναθολὴν
627 571 736 651 ιὀριλεῖν
758 594 784 630 τι
808 572 852 631 τδν
908 570 994 650 idest,
1004 575 1045 634 Ne
1060 590 1137 679 putes
1155 598 1243 638 moras
1256 579 1372 683 peccatis
1385 579 1555 638 obnoxium
1544 599 1651 661 Jnmre,

77 659 473 740 θπεόθιπονῆδηγεγενημέναι,
480 660 575 740 ίδινμὴ
587 663 779 742 μιταόἄληται.
790 666 852 724 Τῶν
907 663 960 723 nisi
979 665 1129 746 resipuerit.
1140 669 1211 728 Nam
1224 669 1271 749 qui
1286 690 1338 729 non
1354 668 1508 745 crediderit,
1520 666 1651 728 nihildif·
1704 720 1709 729 .

80 751 127 830 γάρ
144 750 197 823 ἤδη
222 750 472 811 καταδικασθέντων
494 751 541 811 καὶ
573 753 755 833 conceptam
782 753 854 815 οθδλν
907 756 972 815 leret
992 755 1071 815 al>
1048 779 1086 817 ers
1104 760 1151 838 qni
1167 762 1226 842 J'am
1236 760 1353 843 judicati
1372 775 1434 821 sunt
1451 775 1477 822 et
1492 761 1650 844 puniuntur.

82 845 183 921 ἄμεινον
196 843 362 904 διακείσεται
375 847 390 903 ό
405 842 443 921 μὴ
458 843 610 913 πιστεύσας.
623 845 697 920 Αὕτη
712 845 741 907 δί
754 849 854 919 ίστινὴ
909 848 957 907 19.
972 851 1090 909 Iloeest
1103 855 1362 935 autemjudieium,
1380 855 1515 935 quialux
1526 856 1653 913 venitin

83 938 177 1052 ιρίσιρ,
188 936 232 997 ότι
245 930 412 1010 illlam*
372 960 428 1018 ρισς
444 940 480 1006 εἰς
501 938 546 998 τδν
561 937 730 1018 κόσμον,καλ
744 939 854 1021 ἠγάπη-
872 960 892 1008 ι)
910 940 1113 1011 πατάσσει
1130 944 1295 1004 dilexerunt
1313 947 1445 1004 homines
1463 948 1556 1047 magis
1575 956 1653 1002 terte-

84 1055 126 1089 ααν
138 1054 161 1088 αι
152 1030 312 1112 ’ἄνθρωποι
326 1031 461 1106 μᾶλλσι
437 1054 468 1090 το
478 1029 598 1100 σκότοςῆ
612 1030 643 1090 τδ
652 1031 762 1112 ρῶς.“0
775 1031 802 1093 st
812 1031 856 1092 λά·
910 1033 978 1090 bras
989 1051 1077 1112 quam
1092 1034 1198 1103 lucem;
1214 1034 1265 1094 hoc
1278 1049 1327 1111 est,
1342 1035 1406 1095 ldeo
1417 1034 1577 1116 puniuntur,
1588 1035 1652 1114 qnia

85 1148 133 1238 μι,
143 1122 405 1183 marcescente
423 1127 501 1183 τῶτο
521 1123 691 1195 κολάζονται,
705 1123 857 1192 ότισκοτος
807 1123 814 1148 '
908 1123 1030 1183 tenebras
1050 1122 1199 1205 relinquere
1212 1138 1238 1185 et
1259 1125 1395 1187 adlucem
1412 1147 1549 1186 accurrere
1562 1126 1654 1186 nolue-

85 1219 150 1294 νᾳῑν
128 1239 179 1274 αι
189 1214 238 1273 καί
253 1213 322 1295 ριοτί
333 1216 554 1296 προσδραμειν
528 1239 576 1274 ουκ
585 1214 781 1288 ἠόουληθησαν
795 1214 857 1276 ’-Εν
908 1227 982 1272 runt.
1001 1213 1051 1273 His
1064 1216 1155 1276 verbis
1170 1237 1277 1276 omnem
1287 1217 1322 1277 ab
1334 1216 1391 1276 illis
1403 1219 1489 1276 aufert
1501 1232 1653 1277 excusatio·

84 1314 159 1366 πιθα
170 1307 265 1368 λοιπόν
276 1330 324 1366 και
313 1306 487 1391 ἀπολογίας
499 1307 592 1375 αὐτοὺς
607 1311 749 1389 ἀποστερεῖ
761 1307 855 1381 πάσης.
908 1325 979 1365 nem.
994 1307 1096 1366 Nam
1074 1328 1097 1366 si
1110 1309 1225 1369 rationes
1239 1324 1265 1369 et
1278 1330 1369 1391 poenas
1378 1323 1547 1391 expetiturus
1559 1331 1654 1370 venis

85 1402 112 1460 tt
120 1400 169 1478 μὲν
183 1398 239 1481 γδρ
254 1391 335 1471 ἦλθον
346 1398 474 1472 κολάζων,
485 1399 564 1481 φησὶ,
580 1400 625 1460 καί
646 1404 766 1460 ἄπαισιν
779 1399 855 1460 εθθό-
910 1418 965 1457 sem
967 1398 1083 1478 ,inquit
1096 1398 1186 1461 dicere
1195 1415 1325 1483 possent
1339 1402 1404 1463 Ideo
1422 1402 1584 1461 resilnimus
1600 1402 1654 1462 Sed

83 1495 187 1559 ννςτῶν
206 1481 469 1574 πεπραγμάνον,ί
444 1515 515 1572 εχον
541 1495 624 1552 εἰπεῖν
645 1491 687 1552 ότι
714 1491 757 1552 διά
780 1496 857 1552 τοῦτο
910 1489 970 1550 veni
985 1503 1016 1549 ut
1031 1490 1092 1551 illos
1106 1513 1121 1550 a
1134 1493 1251 1553 tenebris
1263 1515 1404 1576 eriperem,
1419 1508 1445 1553 et
1459 1494 1514 1554 luci
1527 1494 1654 1554 admove

83 1583 299 1662 θπιτηδιίσαμεν.
310 1586 367 1644 Νῦν
381 1583 410 1642 δί
423 1575 664 1656 ἦλθονάπαλλάξαι
678 1583 799 1658 σκότους,
810 1584 856 1644 καί
909 1601 974 1641 rem.
986 1581 1055 1654 Quis
1069 1603 1133 1663 ergo
1151 1584 1308 1645 misereatur
1322 1587 1391 1668 ejus
1406 1585 1610 1665 quratenebrrs
1619 1585 1654 1644 ad

81 1678 205 1789 τρρςφῶς
228 1681 351 1756 ἀγαγεῖν.
361 1667 466 1744 Τίς
434 1700 479 1737 σοι
498 1677 543 1736 τόν
566 1675 603 1756 μὴ
622 1675 702 1755 βουλό
702 1701 780 1756 μενον
803 1674 856 1737 ἀπὸ
910 1671 1099 1736 lucemvenire
1116 1678 1240 1736 ιιισιιοιιιθ
1251 1677 1321 1737 Cum
1337 1677 1408 1737 enim
1427 1677 1503 1736 nulla
1516 1677 1549 1737 de
1564 1699 1594 1736 re
1607 1698 1655 1736 nos

81 1771 181 1839 σιότως
206 1769 278 1851 φωτί
305 1773 460 1852 προσελθεῖν
482 1769 612 1842 ἐλεήσειεν
627 1769 675 1843 άν;
700 1767 784 1829 Οὐδὲν
804 1768 889 1852 γάρ
910 1763 1032 1825 incusare
1046 1767 1158 1847 possint,
1173 1768 1270 1847 inquit,
1287 1767 1335 1827 sed
1354 1768 1429 1827 mille
1443 1768 1581 1828 beneli'ciis
1600 1769 1655 1828 sint

81 1863 179 1943 ίγσπις
198 1867 268 1941 ἡμῖν
292 1861 504 1937 ἐγκαλεῖν,ἀλλδ
525 1859 655 1941 μυρία’
631 1859 857 1942 ευεργετοόμενοι,
910 1856 1040 1932 efferta
1058 1859 1136 1919 nobis
1152 1859 1283 1919 resiliunt.
1301 1861 1358 1920 Hac
1372 1858 1406 1919 de
1422 1881 1451 1920 re
1469 1881 1575 1940 quoquc
1592 1860 1655 1920 illos

81 1955 162 2034 μησὶν,
175 1954 356 2026 ἀποπηδῶσιν
372 1957 456 2032 ἡμῶν.
470 1955 556 2013 Τοῦτο
574 1951 620 2011 καί
644 1955 762 2033 ἀλλαχοῦ
778 1955 857 2031 ίγκα·
911 1948 977 2008 alibi
989 1971 1116 2011 accusans
1128 1950 1245 2028 dicebat,
1263 1954 1338 2012 odio
1352 1955 1516 2012 habuerunt
1531 1974 1576 2011 me
1587 1974 1656 2034 gra·
1665 1982 1735 2026 pm,
1753 1981 1789 2028 .5‚

81 2048 230 2112 λῶναῦτοῖς
250 2044 350 2125 (leym,
364 2044 515 2124 Ἐμίσησάν
532 2069 565 2124 με
579 2044 694 2126 δωρεάν·
707 2042 752 2104 καί
767 2043 857 2117 παλιν,
874 2060 893 2108 ιι
912 2045 965 2117 tis,·
979 2055 1005 2100 et
1028 2063 1145 2120 rursum,
1159 2043 1190 2104 Si
1212 2063 1271 2101 ιιοιι
1292 2047 1438 2103 venissem
1467 2057 1495 2103 et
1519 2044 1655 2125 loquutus
1666 2044 1704 2092 ²5·
1718 2046 1757 2104 ’ί-

83 2140 113 2199 tt
128 2129 261 2215 μὴῆλθοι
276 2136 325 2197 καλ
341 2137 460 2210 ίλάλησα
480 2141 583 2209 αὐτοῖς,
599 2133 732 2220 ἁμαρτίαν
752 2139 799 2197 οθκ
818 2126 857 2195 εἷ·
903 2134 1031 2214 'fuissem
1045 2138 1096 2207 ειί,
1108 2148 1260 2215 peceatum
1275 2155 1334 2194 ιιοιι
1347 2137 1497 2195 moerent.
1512 2134 1567 2206 Qui
1583 2137 1656 2196 enim

84 2255 134 2311 γαν
127 2229 173 2289 ‘0
184 2229 236 2308 μὲν
246 2228 338 2310 γδρίν
349 2227 464 2289 ἀπουσία
454 2229 557 2312 ροιτδς
569 2232 594 2289 ἐν
604 2228 691 2289 σκότει
702 2228 858 2308 καθήμενος,
911 2245 1007 2306 expers
1020 2224 1089 2285 lucis
1099 2225 1125 2284 in
1139 2226 1255 2285 tenebris
1267 2225 1351 2301 sedet,
1366 2226 1478 2285 sortasse
1488 2226 1593 2287 veniam
1604 2227 1655 2287 im·
1680 2228 1700 2267 τ’

86 2326 141 2392 tu<
153 2324 185 2382 θν
204 2348 369 2404 συγγιυμην
380 2321 473 2404 σχοίη
466 2321 536 2384 ddi
554 2322 622 2403 μετά
642 2321 691 2395 clv
712 2322 858 2402 παρουσίαν
912 2335 1010 2403 petret;
1025 2321 1151 2399 quivero
1171 2334 1231 2402 post
1245 2321 1316 2380 lucis
1328 2319 1507 2381 adventurn
1499 2321 1657 2382 intenebris

91 2415 306 2498 αἰιιρτῷσκότει
320 2412 512 2498 προσεδρσίων,
527 2411 738 2495 διεστραμμένης
751 2412 859 2494 γνώμης
911 2411 1017 2487 assidet,
1037 2434 1169 2494 perversa
1193 2427 1218 2473 et
1240 2411 1390 2493 pervicacis
1409 2413 1557 2474 voluntatis
1574 2433 1657 2493 ergn-

92 2508 289 2591 καίριλονείκου
304 2507 449 2590 τεκμήριον
460 2505 577 2589 δπιρίρει
592 2509 653 2566 καθ
669 2508 773 2566 ἑαυτοῦ.
790 2497 859 2566 Eleu
910 2519 1030 2565 mentum
1042 2527 1098 2588 prae
1112 2526 1140 2567 se
1154 2507 1215 2565 lert.
1234 2504 1410 2584 Deindeqnia
1427 2503 1657 2584 idquoddictum

94 2601 172 2674 ἐπειδὴ
182 2601 270 2662 ἐδόκει
283 2602 316 2661 τδ
331 2603 354 2661 τί
356 2599 469 2684 ρημάνον
485 2598 596 2658 άπιστσι
610 2589 739 2665 εἶναιτοῖς
752 2599 859 2666 πολλοῖς
910 2599 996 2658 luerat
1010 2599 1104 2659 multis
1130 2598 1289 2671 incredibile
1309 2598 1455 2659 videbatur
1469 2602 1562 2672 (nemo
1583 2599 1656 2658 eninr

95 2694 182 2767 ίιίδελς
199 2693 254 2776 γάρ
275 2693 308 2753 ἂν
328 2690 421 2757 σκότος
434 2689 608 2774 προτιμήσειε
632 2689 743 2771 φωτός),
769 2689 900 2773 cloccum
911 2690 1033 2749 tenebras
1050 2690 1105 2750 luci
1129 2688 1305 2770 prenderit),
1324 2710 1432 2749 censam
1445 2688 1522 2769 ponit
1548 2709 1597 2749 cur
1619 2689 1657 2748 sic

96 2784 187 2859 καλιὴν
202 2784 292 2845 αἰτίαν
306 2787 351 2864 ἀφ’
374 2774 407 2856 ἧς
428 2789 505 2844 τοῦτο
528 2780 633 2842 ίπσθον.
646 2772 746 2849 Τίς
716 2805 761 2841 ουν
785 2784 855 2842 loris
874 2789 894 2835 Α
911 2782 999 2841 allecti
1018 2794 1113 2840 essent.
1131 2782 1262 2853 Quaenam
1284 2781 1342 2840 ltaec
1366 2781 1424 2840 est?
1445 2780 1544 2841 Erant
1564 2786 1654 2854 enim,

97 2867 301 2959 σίιηςἮνγδρ
322 2879 420 2950 αὐτῶν,
437 2873 519 2956 μησί,
533 2873 637 2986 πονηρά
653 2871 774 2989 τάίργα.
797 2875 857 2942 Πᾶς
911 2873 1008 2952 inquit,
1022 2893 1121 2932 eorum
1139 2875 1220 2933 mala
1241 2894 1339 2954 opem.
1356 2875 1407 2932 90.
1432 2875 1534 2934 Omnis
1558 2887 1657 2934 autem

98 2969 181 3030 tttst
194 2969 432 3051 ρωῖλαπράσσονν,
445 2990 518 3046 μισιι
507 2966 614 3026 “cl
575 2989 645 3047 φῶς,
658 2965 744 3025 καλ’
719 2988 766 3024 ουκ
779 2963 855 3047 ίρχε-
912 2986 962 3046 qut
957 2966 1056 3025 male
1067 2967 1161 3047 facit,
1181 2967 1242 3024 odit
1263 2966 1367 3037 lucem,
1393 2978 1422 3024 et
1437 2986 1497 3023 ιιοιι
1515 2970 1600 3026 venit
1617 2967 1659 3024 od

97 3061 200 3144 πικρός
214 3062 328 3143 τδρῶς,
338 3057 464 3139 ’ἵναμὴ
480 3063 616 3141 φανερωθῇ
634 3059 715 3118 αὐτοῦ
732 3056 795 3118 cll
795 3082 854 3138 ργα.
913 3057 1017 3129 liccem,
1047 3069 1079 3115 ut
1099 3077 1158 3114 ποιι
1184 3069 1348 3136 arguantur
1372 3076 1459 3135 opera
1482 3059 1554 3136 ejus
1581 3057 1658 3116 Certe

97 3152 202 3266 llrlJols
216 3155 246 3214 οὒ
261 3150 360 3234 κρίνιιν
377 3149 437 3212 etat
453 3149 577 3221 ίξιτάζοιν
596 3124 684 3225 ἦλθιν,
707 3148 775 3210 atta
789 3174 855 3230 συγ·
911 3168 964 3208 non
971 3147 1011 3207 ad
1019 3146 1198 3228 judicandum
1209 3146 1252 3208 vel
1262 3144 1498 3227 adinquirendum
1507 3146 1595 3222 venit·
1609 3147 1657 3207 sed

96 3250 175 3324 χορῶν
188 3245 237 3305 καὶ
251 3245 340 3356 &quie
355 3243 390 3304 τά
411 3242 653 3321 πλημμεληθέντα,
676 3241 722 3301 καλ
742 3242 796 3302 tet
814 3240 857 3301 πί·
912 3253 942 3299 ut
960 3240 1069 3300 veniam
1086 3252 1112 3299 et
1133 3239 1316 3299 remissionem
1335 3252 1507 3320 pcccatorum
1525 3238 1612 3314 daret,
1632 3252 1659 3298 et

97 3362 162 3407 στιυς
184 3335 322 3419 σωτηρίαν
347 3335 440 3402 διδσός.
455 3325 588 3401 bns<
558 3357 603 3394 em
627 3333 736 3484 ίρυγσνς
758 3336 793 3394 Et
809 3333 856 3413 plu
911 3334 1084 3415 salutemper
1101 3331 1183 3392 fidem
1195 3331 1349 3412 largiretur
1366 3333 1422 3391 Cur
1436 3351 1500 3412 ergo
1513 3284 1659 3411 fugerdnt³

95 3431 136 3510 γάρ
146 3433 180 3499 ἰς
195 3428 369 3511 δικαστήριον
389 3426 471 3487 ἐλθὼν
490 3427 610 3487 ἐκάθισεν
612 3417 687 3508 ,cl-Ji
706 3450 766 3486 τινα
768 3423 856 3580 ὸλόγον
912 3426 982 3484 Nem
996 3446 1018 3484 st
1011 3423 1221 3530 judicaturus
1213 3445 1242 3483 ιιι
1258 3423 1390 3484 tribunali
1410 3423 1531 3500 sedisset,
1541 3422 1659 3503 aliquem

96 3523 278 3637 τὀιίρηρίνογ·
291 3521 372 3604 όγδρ
387 3520 490 3601 πονηρά
501 3518 622 3587 συνειδὼς
636 3520 782 3600 lausduno
783 3522 857 3580 ν-δι
912 3518 1092 3578 excusationis
1114 3517 1232 3577 colorem
1254 3517 1418 3577 habuissent.
1434 3516 1488 3589 Qui
1508 3517 1580 3575 enim
1601 3537 1658 3575 ma·

96 3616 193 3684 ιάζοττα
205 3614 313 3694 ρεάγειν
325 3613 415 3672 clerte·
428 3635 467 3690 τῳ
447 3611 510 3670 ”ll
524 3634 702 3693 σιγχωροοντι
715 3611 760 3670 καί
774 3635 858 3691 προσ
910 3608 1000 3670 lorum
1013 3609 1065 3669 sibi
1075 3609 1197 3669 conscius
1208 3622 1247 3667 est
1248 3607 1387 3689 ,judicem
1407 3609 1501 3687 lugere
1512 3606 1601 3667 solet.
1612 3629 1658 3667 vc-

96 3707 254 3788 τρεγσισινοί
276 3702 544 3782 πεπλημμεληκότες.
562 3704 596 3762 El
615 3701 699 3762 τοίνυν
714 3708 858 3786 συγχωρῶν
912 3703 986 3765 niam
1009 3717 1098 3762 atttem
1119 3699 1306 3761 concedentem
1327 3715 1479 3782 peccatores
1494 3721 1586 3759 omncs
1608 3699 1660 3758 ad-

96 3791 162 3873 ἧλθι,
175 3797 285 3866 τούτους
306 3798 424 3876 μαλιστα
444 3797 622 3879 προσδραμεῖν
645 3787 777 3869 είκόςῆν,
801 3795 859 3864 τους
911 3808 981 3854 eum
999 3793 1028 3853 Si
1048 3812 1113 3872 crgo
1133 3791 1330 3852 condonaturos
1354 3792 1437 3867 veuit,
1466 3791 1517 3850 hos
1540 3790 1659 3849 maxime

97 3893 169 3954 mlta
184 3891 338 3958 συνειδότας
348 3893 450 3958 ίαυτοις
465 3888 660 3972 ἁμαρτήματα·
654 3877 784 3970 ·όπερ
755 3912 799 3949 ουν
813 3890 858 3949 καί
912 3905 1050 3946 accurrere
1068 3907 1118 3966 par
1146 3899 1213 3956 erat,
1234 3884 1281 3963 qui
1310 3884 1459 3942 multorum
1482 3882 1534 3941 sulti
1560 3881 1660 3941 conscii
1776 3885 1782 3893 “

99 3984 133 4043 ίτι
148 3987 252 4044 πολλῶν
266 3982 369 4062 γόγονι.
382 3982 436 4042 Καὶ
449 3980 501 4061 γάρ
514 3980 562 4039 καί
576 3982 687 4039 τελῶναι
705 3978 751 4039 καὶ
755 3981 859 4096 ἁμαρ·
876 3981 894 4029 Β
912 3991 1182 4059 erantpcccatomm
1189 3976 1352 4056 quodetiam
1363 3975 1441 4034 multi
1453 3976 1582 4033 lecerunt.
1590 3973 1660 4033 Natn

99 4077 164 4136 τολολ
180 4073 316 4148 ἐλθόντας,
330 4071 562 4133 συνανέκειντο
526 4097 565 4152 τῳ
578 4071 674 4144 Ἰησοῦ.
689 4061 772 4130 Τί
741 4094 785 4131 ουν
771 4073 862 4133 νίστι
912 4084 939 4131 et
961 4069 1100 4153 publicani
1119 4082 1145 4129 ct
1167 4082 1320 4151 peccatores
1341 4067 1491 4143 venientes,
1509 4085 1571 4124 curn
1593 4067 1659 4125 lesu

100 4169 124 4226 τό
141 4166 294 4279 λαγόμενονς
320 4165 389 4245 Περὶ
410 4170 462 4225 τῶν
486 4131 647 4245 αίροόμίνοιν
670 4164 812 4232 διαπαντδς
834 4166 861 4223 ἐν
913 4162 1114 4222 accumbebant
1128 4160 1202 4234 Quid
1215 4159 1342 4240 ergosibi
1365 4158 1425 4218 vult
1439 4156 1584 4217 ittudtlte
1602 4155 1658 4216 illis

102 4259 169 4318 ισκία
159 4258 265 4339 μένειν
278 4263 364 4317 ταῦτα
384 4255 464 4336 λίγει.
476 4256 561 4323 Αυτος
576 4254 623 4335 μάν
645 4253 697 4338 γὰρ
721 4255 765 4315 διά
787 4280 863 4316 τουτο
912 4255 1031 4334 loquitur
1044 4254 1090 4332 qui
1104 4274 1131 4311 ιιι
1142 4265 1261 4330 nequitia
1275 4249 1384 4309 omnino
1397 4268 1552 4331 permanere
1566 4247 1658 4307 decre·

103 4319 176 4421 litei,
188 4350 232 4410 ίνα
249 4350 284 4407 τά
300 4348 347 4426 μίν
370 4347 487 4435 πρότερα
511 4352 565 4428 ἀφῇ
584 4345 783 4428 ἁμαρτήματα,
789 4349 862 4428 πρός
911 4359 1019 4406 verunt
1031 4346 1092 4425 lpse
1105 4363 1219 4421 namque
1233 4340 1293 4400 ideo
1306 4353 1389 4416 venit
1404 4354 1435 4399 ut
1447 4362 1538 4421 pnora
1550 4354 1659 4422 peecata

105 4441 170 4500 δίτίι
183 4439 516 4522 μίλλοντσθσραλίσηται.
530 4438 641 4512 Ἐπειδὴ
655 4438 684 4499 δι’
707 4438 775 4508 τινός
795 4442 861 4500 ιίσιν
911 4437 1066 4511 dimitteret,
1081 4449 1107 4494 et
1119 4433 1252 4492 adfutura
1261 4432 1379 4493 cavenda
1390 4433 1572 4494 continuaret.
1585 4432 1657 4505 Quia

107 4531 178 4592 οίτιι
170 4540 260 4614 χαῦνον
272 4533 319 4592 καὶ
329 4530 511 4611 διαλιλυμίνοι
526 4530 621 4612 πρόςο
629 4531 689 4597 τοὺς
702 4555 752 4604 της
765 4536 862 4612 ἀρετῆς
912 4554 977 4595 vero
989 4530 1101 4611 quidam
1114 4543 1176 4589 sunt
1190 4528 1227 4588 ita
1241 4528 1335 4587 molles
1350 4541 1377 4587 et
1395 4526 1522 4588 dissoluti
1543 4527 1625 4588 ad
1599 4549 1658 4589 mr·

108 4625 197 4700 πόνοις,
208 4629 243 4692 ὣς
264 4628 301 4692 είς
322 4623 438 4705 ἐσχάτας
461 4624 594 4691 ἀναπνοδις
615 4622 756 4704 βούλεσθαι
778 4647 800 4684 π
802 4648 862 4706 ροσ·
913 4625 979 4685 tutis
995 4622 1164 4684 sustinendos
1180 4621 1294 4699 labores,
1305 4634 1335 4679 ut
1345 4621 1382 4680 ad
1401 4636 1554 4682 extremum
1572 4643 1660 4703 usqne

112 4717 205 4796 ιδριίιιν
221 4721 254 4797 τῇ
269 4716 398 4797 πονηρίρ,
420 4714 466 4774 καί
488 4715 622 4794 μηδίποτε
639 4718 722 4787 αὐτῆς
744 4717 860 4797 ἀρίστα·
912 4717 1030 4777 halitum
1042 4715 1127 4775 velint
1136 4713 1164 4772 in
1175 4713 1291 4794 peccatis
1304 4713 1455 4794 persistere,
1469 4727 1495 4773 et
1508 4735 1660 4794 numquam

114 4807 455 4882 σθσητοότωςίπισκόιπιων
468 4808 674 4880 ίνταῦθαδηλοῖ.
688 4807 861 4891 Ἐπειδὴγδιρ
913 4810 948 4868 ab
975 4807 1031 4867 illis
1054 4804 1205 4882 abscedere,
1225 4804 1289 4864 illos
1312 4804 1358 4864 hic
1387 4805 1518 4866 incessere
1542 4807 1657 4867 videtur.

115 4896 334 4980 ‘lpptmmsteple
350 4899 396 4960 καί
407 4900 437 4960 ιδ
447 4903 496 4971 τῆς
506 4904 560 4959 τῶν
571 4899 710 4979 δογμάτων
722 4901 862 4980 ὀρθότητος
913 4899 984 4973 Quia
1008 4898 1080 4959 enim
1103 4895 1326 4955 Christianismus
1350 4917 1414 4956 cum
1441 4911 1511 4956 recta
1537 4897 1658 4957 doctrina
1701 4907 1813 4956 curiens-

146 5125 155 5142 ι
166 5107 201 5157 ttii
210 5117 279 5176 ἵναμὴ
292 5117 387 5180 ἐλεγχθῇ
398 5115 474 5163 αὑτοῦ.
929 5125 939 5151 ⁸
957 5107 1044 5161 llotel.
1058 5111 1107 5165 τοὺς
1119 5109 1176 5174 ὑπὲρ
1188 5115 1229 5163 τῆς
1240 5113 1331 5174 niptris·

149 5183 161 5218 ί·
174 5184 242 5239 llorel.
254 5194 328 5241 ὠκοῦν
339 5195 376 5242 trel
388 5199 449 5254 κακῷ
462 5199 498 5255 τῷ
508 5191 594 5239 leucoe
609 5194 695 5256 lpoyoe.
709 5188 777 5253 [otor
795 5190 842 5241 Sn-
927 5189 940 5229 ‘³
952 5184 1040 5248 Metel.
1055 5193 1066 5242 ό
1078 5190 1207 5254 χριττιανθς
1218 5189 1280 5247 μετὰ
1292 5188 1317 5232 ιθ
1330 5191 1376 5237 τῆς·

124 5258 158 5307 til.
169 5263 265 5318 ncodd.
273 5268 352 5319 nostri
363 5275 393 5326 νίς
404 5279 462 5318 ante
471 5270 611 5337 δικαστήριον
618 5265 761 5332 omittunt]
