3750 5940
229 400 299 475 228
572 423 601 471 S.
628 422 771 473 JOANNIS
796 419 981 472 CHRYSOST·
1009 421 1164 472 unctifflr.
1193 422 1467 475 CONSTAD'HNOP.

227 562 296 621 inter
306 571 422 620 veterem
433 569 459 616 et
470 576 567 618 novam
577 557 663 636 legem
674 578 730 617 esse
740 557 915 632 affinitatem,
934 555 971 618 si·

227 651 338 730 mulque
349 648 440 709 omnia
450 671 499 730 per
509 649 579 708 hanc
592 648 748 730 parabolam
758 649 852 708 efficit.
865 647 969 708 Memi-

226 743 267 802 nit
277 756 366 801 autem
380 740 515 821 proverbii
528 738 680 820 cujusdam,
695 737 767 818 quod
778 739 806 799 in
819 739 969 799 multorum

226 855 271 894 ore
288 832 429 892 serebatur.
445 834 493 891 57.
507 835 545 890 In
559 834 614 890 ltoc
627 834 716 902 enim,
732 829 831 908 inquit,
845 841 889 890 est
901 851 969 890 ver-

227 931 295 986 bum
305 947 408 985 uerum
424 949 433 982 .·
448 927 519 1005 ραίο
530 925 607 982 alius
621 935 665 982 est
679 926 730 1004 qui
741 926 878 994 seminat,
889 922 969 984 altus

226 1023 334 1098 estqui
346 1021 437 1076 metit.
454 1017 519 1075 Haec
535 1029 624 1075 autem
644 1014 770 1075 dicebant
787 1013 882 1089 multi,
895 1016 969 1074 Num

227 1111 273 1170 alii
286 1110 391 1169 labores
403 1109 518 1183 ferrent,
536 1107 584 1168 alii
601 1109 707 1168 fructus
727 1105 915 1188 decerperent?
926 1106 968 1167 di-

227 1203 316 1281 citque
326 1227 333 1258 :
345 1201 397 1259 Hic
418 1222 504 1260 sermo
514 1202 572 1281 jam
584 1222 665 1261 verus
678 1213 739 1269 est:
753 1200 891 1281 prophetae
907 1199 969 1280 qui-

1024 555 1147 635 βνίλιται
1160 557 1357 617 κατασκευάσαι
1368 556 1411 619 did
1421 556 1530 633 τούτων,
1541 555 1582 616 ὅτι
1595 557 1642 616 καί
1655 559 1794 639 προρηνιῗιν

1025 644 1127 726 θίλημα
1144 647 1222 709 τοῦτο’
1243 652 1312 723 ἔστι,
1325 649 1356 709 τὸ
1369 649 1429 729 ἐμοί
1447 649 1507 717 τοθς
1520 649 1675 730 ἀνθρώπους
1687 653 1795 730 προσυλ-

1025 745 1087 801 θιῖν.
1103 741 1189 800 Τοῦτο
1205 740 1250 799 καλ
1265 745 1279 799 ὁ
1292 742 1370 818 νόμος
1383 740 1581 810 κατεσκεύαζεν.
1595 741 1649 801 Διὰ
1662 746 1742 802 wire
1752 742 1794 803 καί

1020 823 1158 912 Υίσπειριιν,
1178 831 1238 890 11ἵνα
1251 839 1341 892 τοῦτον
1361 833 1458 894 τέκωσι
1477 831 1523 892 τὸν
1543 833 1657 913 καρπόν.
1676 833 1794 897 Δείκννσι

1025 921 1053 985 ii
1069 921 1111 984 ὅτι
1129 921 1265 992 κάκείνους
1279 925 1359 992 ,αὐτὸς
1377 925 1531 999 ἀπέστειλε,
1549 925 1597 985 καί
1613 924 1656 985 dn
1676 925 1792 1001 πολλὴη
1831 1002 1834 1007 1

1024 1015 1213 1097 συγγίνειατῇ
1234 1019 1320 1096 Κοινῇ
1338 1019 1403 1099 πρὸς
1418 1016 1466 1091 τλν
1487 1017 1625 1090 Παλαιὰν,
1648 1019 1694 1078 καί
1711 1019 1793 1079 πάντα
1830 1052 1834 1059 ·

1025 1113 1090 1186 ὁμοῦ
1107 1107 1150 1167 διὰ
1170 1112 1217 1180 τῆς
1235 1109 1391 1188 παραθολῆς
1406 1109 1504 1183 ταύτης
1521 1110 1724 1180 κατασκευάζει
1742 1109 1792 1173 lli·

979 1225 1124 1291 1πρινηται
1148 1199 1176 1260 δὲ
1197 1200 1243 1259 καί
1270 1201 1349 1281 λόγου
1373 1201 1568 1282 παροιμιώθως
1589 1203 1792 1284 περιφερομένας
1825 1211 1834 1281 ,¹

226 1294 288 1354 dem
297 1294 466 1366 laborarunt,
479 1314 527 1354 vos
540 1307 630 1351 autem
643 1292 767 1352 laborum
781 1292 901 1372 ipsorum
911 1294 968 1352 fru·
988 1308 1007 1353 λ
1025 1292 1098 1373 παρὰ
1112 1293 1226 1352 πολλῶν.
1239 1291 1287 1352 Ἐν
1304 1292 1356 1374 γὰρ
1369 1293 1469 1374 τούτῳ,
1484 1294 1572 1375 φησίν,
1585 1299 1599 1354 ὁ
1610 1293 1689 1372 λόγος
1702 1296 1792 1356 iniri
1830 1306 1834 1345 :

226 1403 300 1447 ctum
324 1385 474 1466 decerpitis.
498 1389 557 1445 Non
577 1385 659 1462 dixit,
681 1383 830 1444 mercedem
855 1408 862 1440 :
884 1406 968 1464 neque

225 1479 296 1538 enim
311 1479 354 1537 illi
367 1477 423 1538 sine
438 1477 559 1536 mercede
572 1490 678 1536 tantum
689 1498 828 1558 suscepere
838 1476 967 1556 laborem3

226 1570 283 1648 sed,
307 1571 434 1628 fructum.
454 1569 512 1629 Hoc
525 1583 550 1628 ct
565 1567 660 1628 Daniel
678 1568 756 1644 lecit,
777 1567 833 1649 ipse
853 1592 969 1647 namque

78 1666 166 1787 ἔχθει·
177 1664 214 1727 14·
225 1661 401 1744 proverbium
415 1662 468 1733 hoc
486 1673 676 1720 commemorat
689 1682 696 1715 ι
709 1661 793 1719 Exiit
806 1663 845 1719 ab
859 1666 968 1744 iniquis

224 1755 328 1815 scelus.
361 1752 451 1815 David
477 1773 583 1832 quoque
609 1750 697 1812 flendo
723 1750 805 1832 hujus
831 1753 968 1832 proverbii

223 1846 355 1907 meminit.
374 1845 438 1904 ideo
454 1847 513 1925 jam
529 1845 605 1926 prius
623 1844 749 1907 dixerat:
767 1847 805 1904 Ut
819 1858 847 1904 et
860 1850 911 1927 qui
923 1868 967 1907 se·

156 1960 157 1963 ¹
224 1943 318 1997 tninat
332 1938 420 1997 simul
436 1938 575 2017 gaudeat,
592 1949 619 1995 et
636 1939 687 2016 quii
700 1939 792 1995 metit.
811 1938 883 2011 Quia
895 1938 967 1999 enim

186 2053 188 2057 ’
222 2029 344 2089 dicturus
360 2043 415 2089 erat
431 2029 517 2088 aliurn
533 2028 744 2103 seminaturum,
757 2027 843 2087 alium
860 2051 966 2090 messu-

223 2146 284 2183 rum
304 2144 378 2194 esse,
395 2144 429 2182 ne
450 2122 527 2200 quis,
549 2135 579 2180 ut
598 2120 672 2198 dixi,
694 2134 798 2200 putaret
821 2121 967 2203 prophetas

223 2216 345 2277 mercede
358 2215 460 2297 privari
471 2236 531 2289 sua,
545 2235 644 2273 novum
658 2212 798 2293 quidpiam
808 2227 835 2272 et
844 2213 968 2296 inexspe-

224 2323 325 2370 ctatum
341 2307 423 2367 dicit·
415 2306 530 2385 ,quod
523 2327 551 2365 ιιι
565 2306 646 2365 rebus
667 2304 812 2364 sensilibus
824 2327 878 2365 non
891 2307 966 2367 aeci-

223 2495 275 2554 bus
286 2493 358 2552 enim
368 2492 391 2551 si
401 2493 537 2572 contingat
556 2491 640 2550 alium
649 2510 746 2594 serere,
759 2489 844 2549 alium
853 2504 966 2570 metere,

224 2609 277 2647 non
295 2609 346 2646 una
366 2585 496 2667 gaudent,
512 2585 559 2644 sed
570 2583 663 2642 dolct
655 2604 678 2642 is
691 2583 737 2661 qui
750 2583 906 2662 seminavit,
918 2600 965 2646 ut-

223 2696 285 2764 pote
294 2681 341 2760 qui
351 2681 428 2740 alteri
439 2677 601 2739 laboraverit
606 2701 616 2756 ς
629 2675 747 2757 gaudent
756 2698 821 2739 vero
831 2677 853 2736 ii
862 2691 967 2740 tantum

223 2775 270 2854 qui
284 2787 395 2834 metunt.
408 2771 459 2832 llic
473 2785 563 2830 autem
584 2791 637 2829 non
657 2769 708 2846 ita,
722 2768 769 2828 sed
780 2770 829 2848 qui
843 2792 896 2829 non
910 2794 966 2832 me-

222 2880 283 2927 tunt
304 2888 334 2926 ea
360 2887 420 2943 quae
442 2864 621 2939 seminarunt,
638 2881 691 2920 nna
717 2882 779 2935 cnm
804 2864 967 2924 metentibus

222 2958 352 3039 gaudent,
363 2955 434 3015 unde
443 2955 532 3036 palam
544 2964 584 3013 est
594 2974 639 3012 eos
650 2950 780 3013 mercedis
790 2973 847 3012 esse
857 2971 966 3016 oonsor·

221 3065 269 3111 tes.
282 3049 329 3110 58.
345 3052 409 3130 Ego
420 3052 486 3107 misi
499 3068 553 3106 vos
568 3058 674 3105 metere
687 3045 767 3126 quod
777 3065 832 3106 uos
845 3067 905 3105 non
920 3047 965 3106 ία-

223 3147 348 3203 borastis
364 3165 372 3199 ι
386 3142 441 3200 alii
460 3141 643 3209 laborarunt,
663 3150 690 3195 et
708 3158 763 3197 uos
784 3142 817 3195 in
835 3139 966 3199 laborem

222 3257 320 3294 eorum
335 3236 476 3292 intrastis.
493 3231 551 3289 Hoc
561 3244 638 3310 pacto
649 3228 711 3287 illos
723 3229 818 3289 melius
833 3229 964 3290 hortatur.

222 3327 294 3404 Quia
304 3325 375 3384 cuim
385 3323 550 3382 laboriosum
560 3321 702 3380 videbatur
712 3341 768 3379 esse
777 3333 863 3380 totum
871 3322 965 3383 orbem

221 3439 362 3500 peragrare
375 3431 399 3475 ct
412 3413 575 3497 praedicare,
589 3434 646 3472 rem
656 3433 711 3471 esso
721 3412 828 3471 facilem
838 3414 963 3474 ostendit.

1025 1383 1138 1457 ἀληθὴς,
1153 1382 1193 1443 ὅτι
1207 1383 1285 1451 ἄλλος
1298 1384 1368 1444 ἐστὶν
1382 1387 1396 1442 ὁ
1410 1385 1537 1466 σπείρων,
1554 1384 1600 1445 καί
1611 1386 1693 1453 ἄλλος
1703 1385 1790 1467 θθερί.
1832 1400 1834 1428 ;

1024 1479 1086 1545 ζων
1104 1477 1230 1535 Ταῦτα
1216 1497 1243 1534 οε
1233 1473 1347 1557 ἔλεγον
1368 1480 1393 1535 ot
1413 1475 1522 1548 πολλοὶ,
1542 1477 1631 1537 utrm
1650 1477 1725 1537 ἀλλον
1747 1477 1790 1558 pte
1830 1482 1834 1565 ξ

1024 1567 1084 1635 τοὺς
1097 1567 1190 1634 πόνους
1210 1568 1370 1642 υπς’στησαν,
1390 1567 1466 1628 ἄλλοι
1478 1568 1558 1630 δὲ
1519 1593 1579 1638 τοιις
1596 1568 1716 1652 καρπους
1728 1570 1834 1652 ίθρί·Ι
1829 1586 1834 1597 “

1024 1684 1119 1720 ποντο·
1139 1658 1334 1741 καίλέρει,θτι
1352 1651 1426 1729 οὗτος
1440 1661 1540 1742 ὀλίγος
1553 1664 1666 1722 ἐνταῦθα
1680 1663 1834 1741 μαλιστα
1828 1662 1834 1715 l

1024 1750 1072 1825 την
1087 1754 1211 1826 ἀληθειαν
1228 1752 1293 1833 ἔχει.
1307 1752 1460 1826 Ἐπόνησαν
1475 1753 1524 1831 μὲν
1522 1754 1629 1866 θ,γὰρ’
1604 1777 1631 1815 οι
1644 1746 1834 1836 supprimi
1829 1810 1834 1845 ÷

1025 1848 1098 1924 ὑμεῖς
1114 1845 1142 1906 δὲ
1165 1845 1223 1913 τους
1241 1844 1356 1923 καρποθς
1374 1844 1435 1913 τους
1455 1850 1540 1906 ἕκ”
1504 1871 1556 1906 των
1579 1845 1686 1907 ἐκείνων
1711 1845 1833 1909 πίνναν.
1823 1840 1834 1897 θ

1024 1942 1137 2016 ἀμᾶσθε.
1149 1937 1265 1998 α’ίίαλ
1239 1960 1357 1997 ουκ
1299 1928 1357 1996 εἶ
1367 1937 1448 2011 ,τοὺς
1461 1936 1580 2016 μισθους·
1594 1937 1791 2022 σθδὲγίιρέκιί·
1827 1922 1834 1993 l

1023 2053 1075 2098 νοις
1085 2031 1219 2110 ἄμισθος
1230 2028 1310 2098 πολυς
1317 2032 1413 2098 ἐκεινος
1420 2030 1507 2099 πόνος·
1501 2030 1643 2091 illi
1584 2055 1663 2106 τως
1670 2031 1834 2111 καρπσυς

1022 2121 1109 2182 Τουτο
1120 2121 1165 2181 καί
1174 2121 1275 2194 Δανιὴλ
1289 2120 1405 2194 ἐποίησε
1421 2122 1474 2182 Καί
1484 2122 1535 2203 ,lp
1549 2123 1596 2182 καί
1611 2123 1689 2190 αὐτὸς
1703 2146 1833 2205 παροι-
1830 2144 1834 2175 ι

1024 2213 1085 2292 μίας
1100 2213 1232 2293 μέμνηται
1250 2213 1391 2293 λεγούσης
1406 2213 1534 2285 Ἐξῆλθεν
1545 2213 1690 2292 ἒξᾶνθμυιν
1707 2217 1834 2305 πλημιῖΙ

1023 2305 1128 2384 μίλτια.
1143 2306 1324 2365 ΚαὶθΔαυλδ
1315 2307 1532 2394 ἐντῷθρηνεῖν
1553 2307 1690 2385 μέμνηται
1711 2307 1790 2369 τοιαθ·
1829 2286 1834 2361 l

147 2446 148 2451 ι
223 2404 284 2480 dat,
300 2400 388 2462 sedin
398 2399 584 2481 spiritualibus
604 2397 735 2456 eximium
755 2398 798 2457 sit.
811 2399 842 2457 ln
856 2399 966 2458 sensili·
985 2414 1069 2471 Βτης
1079 2397 1235 2478 παροιμίας
1248 2396 1301 2457 Διί
1313 2421 1391 2457 τουτο
1403 2398 1546 2478 προλαὸων
1562 2389 1622 2459 εἶπε
1629 2445 1639 2474 ,
1652 2397 1790 2463 'Israeli
1824 2372 1834 2461 l

1022 2489 1468 2573 σπείρωνθμουχαίρῃκαίθθερίζ
1467 2516 1514 2552 ων.
1531 2491 1645 2566 ’illine
1627 2491 1834 2576 ὴγθρίρμλ-
1826 2520 1834 2559 ς

1022 2586 1051 2642 λε
1070 2581 1156 2662 λέγειν
1171 2581 1212 2641 ὅτι
1227 2582 1305 2650 σίλλος
1319 2581 1441 2662 ἔσπειρε
1462 2582 1508 2641 καί
1527 2583 1606 2652 ἄλλος
1622 2583 1789 2665 tepitudo·
1821 2600 1834 2665 g

1023 2674 1061 2753 μή
1081 2698 1134 2746 τις,
1150 2673 1198 2734 tm
1200 2673 1306 2755 ρίιρην,
1321 2676 1419 2733 ἀπεστε
1421 2673 1588 2754 ρησθαιτοθς
1601 2675 1739 2756 προφήτας
1749 2699 1789 2739 νο·
1827 2694 1834 2741 j

1023 2765 1088 2846 μίση
1102 2790 1147 2825 του
1131 2770 1268 2844 ”μισθυῦ,
1285 2764 1355 2833 ξένον
1372 2789 1398 2824 τι
1416 2765 1488 2846 λέγει
1508 2765 1554 2824 καί
1572 2766 1789 2848 παράθοξον,κσλ

1021 2866 1075 2925 τοῖς
1086 2859 1217 2928 αἰσθητοῖς
1231 2859 1260 2916 οὗ
1274 2857 1426 2934 συμθαὶνον,
1450 2856 1518 2916 ἀλλὰ
1537 2861 1589 2916 τῶν
1610 2860 1788 2937 rumpenti
1828 2872 1834 2913 ·.

1022 2946 1151 3026 ἐξαίρετον
1164 2948 1202 3007 dr.
1214 2947 1261 3008 Ἐν
1278 2945 1326 3025 μὲν
1340 2947 1390 3028 γὰρ
1407 2957 1460 3015 τοῖς
1479 2946 1622 3027 πράγμασι
1635 2957 1692 3018 τοῖς
1703 2952 1801 3023 alrif

1022 3048 1075 3107 τοῖς
1091 3038 1136 3100 ἐὰν
1156 3039 1347 3120 συμὸῇέτερον
1370 3049 1478 3121 σπεῖραι
1501 3041 1548 3100 καί
1567 3039 1657 3122 ἕτερον
1679 3043 1788 3124 θερίσαι,
1832 3052 1834 3059 “

1022 3135 1071 3212 οὐχ
1090 3136 1155 3209 ὁμοῦ
1175 3131 1321 3212 χαίρουσιν,
1345 3132 1414 3192 ἀλλὰ
1435 3134 1559 3211 ἄλγοῦσιν
1579 3136 1604 3194 οἱ
1628 3133 1788 3218 σπείροντες,

1023 3223 1068 3283 ἅτε
1082 3223 1178 3303 ἑτέροις
1189 3222 1317 3301 καμόντας
1327 3271 1336 3298 ,
1346 3223 1469 3304 χαίρουσι
1479 3224 1508 3285 δὲ
1519 3227 1544 3283 ol
1556 3226 1703 3306 θερίζοντες
1713 3227 1788 3306 μίνυι,

1022 3316 1155 3375 Ἐνταῦθα
1172 3314 1199 3376 δὲ
1217 3318 1266 3396 οὐχ
1278 3314 1378 3390 οὕτως,
1401 3316 1470 3375 ἀλλὰ
1484 3317 1529 3377 καί
1548 3321 1573 3377 σί
1594 3319 1634 3397 μὴ
1655 3319 1788 3401 θερίζοντες

1023 3408 1090 3491 ἅπερ
1111 3409 1246 3488 ἔσπειραν,
1260 3409 1357 3487 ὁμοίοις
1373 3418 1426 3476 τοῖς
1450 3413 1540 3488 ἀμῶσι
1560 3412 1716 3492 χαίρουσιν·
1737 3412 1787 3473 ωτι

221 3514 292 3571 Nam
307 3510 358 3567 hoc
368 3508 547 3580 laboriosum,
560 3505 612 3563 hoc
626 3504 704 3569 multi
720 3503 827 3563 sudoris
840 3519 896 3565 ενοι
902 3551 910 3582 ,
924 3527 965 3566 se·
984 3511 1003 3558 C
1023 3501 1110 3572 δῆλον,
1130 3500 1171 3561 ὅτι
1191 3500 1237 3559 καὶ
1254 3500 1326 3559 αὐτοὶ
1345 3507 1499 3562 κοινωνοῦσι
1513 3506 1566 3563 τῶν
1591 3510 1705 3582 μισθῶν.
1725 3502 1788 3586 ’Ep

211 3605 294 3667 'mina
303 3604 403 3683 jacere,
418 3614 444 3659 et
458 3598 575 3658 animam
592 3618 644 3656 non
662 3595 795 3655 initiatam
808 3596 843 3656 ad
856 3597 907 3656 Dei
920 3619 965 3658 oo-

222 3696 368 3778 gnitionem
378 3692 518 3752 deducere.
531 3691 586 3750 Cur
596 3703 686 3747 autem
703 3689 762 3747 haec
774 3689 912 3769 loquitur?
927 3693 965 3752 Ut

222 3812 284 3850 cum
299 3788 416 3851 mitteret
425 3807 469 3845 eos
483 3783 519 3842 ad
533 3781 748 3863 predicandum,
759 3803 812 3842 non
824 3784 965 3844 turbaren-

222 3908 282 3963 tur,
292 3876 370 3963 quasi
379 3879 414 3939 ad
427 3899 483 3938 rem
496 3874 660 3940 laboriosam
671 3875 755 3935 missi.
766 3876 963 3956 Prophetarum

255 4076 268 4115 ἃ
280 4073 391 4138 Quidem
402 4073 502 4124 tissa-m
514 4076 595 4139 τοὺτῳ.

1023 3592 1166 3652 ἀπέστειλα
1190 3595 1258 3670 ὑμᾶς
1280 3593 1418 3672 θερίζεινθ
1438 3598 1488 3674 οὐχ
1510 3599 1584 3672 ὑμεῖς
1603 3599 1787 3659 κεκυπιῶιστι·

1022 3685 1097 3745 ἄλλοι
1108 3685 1296 3759 κεκοπιάκασι,
1311 3686 1357 3746 καὶ
1366 3689 1441 3764 ὑμεῖς
1454 3690 1491 3756 τίς
1499 3688 1544 3748 τὸν
1554 3688 1636 3749 κόπον
1646 3693 1731 3751 αὐτῶν
1743 3693 1788 3751 tlt·

1021 3776 1172 3850 εληλιίθατεἸ
1191 3776 1286 3858 Ταύτῃ
1297 3779 1440 3860 προτρέπει
1455 3782 1555 3858 μᾶλλον
1570 3780 1674 3850 αὐτούς.
1686 3781 1786 3855 Ἐπιιθιλ

1021 3867 1072 3950 γὰρ
1088 3868 1172 3929 ἐδόκει
1184 3868 1306 3930 ἐπίπονον
1321 3861 1387 3929 εἶναι
1401 3872 1431 3931 τὸ
1443 3882 1555 3952 πρᾶγμα
1566 3872 1596 3932 τὸ
1611 3873 1659 3946 τὴν
1674 3872 1784 3955 eompl-

1033 4073 1094 4140 lleg.
1114 4074 1156 4136 tt,
1170 4073 1209 4134 ts,
1229 4070 1272 4121 ubi
1281 4070 1380 4122 Sottlem
1392 4070 1531 4138 alloquens,
1542 4083 1568 4122 et
1577 4069 1610 4122 de
1627 4071 1725 4124 insidiis
1734 4088 1786 4125 con·

254 4170 266 4192 ιι
278 4152 325 4204 atii
336 4162 372 4205 νῦν
381 4157 419 4204 οὐκ
434 4156 489 4205 εἶπε.
502 4148 581 4200 Paulo
592 4158 650 4215 post
668 4153 734 4202 τοῦτο
750 4154 787 4200 καλ
798 4153 889 4208 Δανιήλ.
905 4146 981 4200 Savil.
1032 4162 1072 4200 tra
1091 4168 1116 4201 se
1128 4151 1231 4201 structis
1243 4167 1415 4217 conquerens,
1428 4152 1523 4217 Deique
1531 4151 1656 4217 justitiam
1667 4151 1786 4219 appellum

225 4233 278 4283 haec
290 4242 364 4284 notat
377 4250 382 4278 :
396 4230 461 4279 Hoec
472 4228 548 4280 uerba
560 4245 639 4295 usque
648 4228 684 4276 nd
693 4232 729 4280 διὰ
738 4232 815 4290 τοῦτο,
829 4227 898 4276 olent
915 4227 983 4296 glor-
1033 4228 1104 4294 dicit,
1115 4239 1188 4290 καθὼς
1205 4237 1315 4296 lisinii
1326 4236 1445 4301 παραθαλὴ
1458 4239 1561 4301 ἀρχαία,
1573 4237 1600 4293 λζ
1609 4240 1700 4298 ἀνεμων
1710 4234 1786 4294 λεὼ)-

222 4329 306 4363 sema:
321 4311 390 4377 quod
407 4312 430 4356 si
445 4308 576 4358 retinenda
593 4317 658 4367 sunt,
681 4318 707 4355 ιιι
725 4321 756 4355 ea
776 4308 865 4355 retinet
881 4317 984 4374 uterque
1034 4332 1096 4363 σεται
1108 4316 1216 4376 πλημμι
1215 4332 1267 4373 .,ιια
1284 4308 1356 4360 Utin
1368 4307 1786 4376 veteriserturpmverbiolisiui·

224 4387 313 4438 Codex
325 4397 417 4445 noster,
427 4402 474 4451 pro
491 4398 536 4437 λον
537 4392 573 4444 ml
595 4383 728 4451 legendum
748 4395 785 4432 est
802 4389 882 4447 Δαυίδ,
896 4395 920 4434 σι
937 4403 984 4454 pm
1033 4392 1092 4456 quis
1109 4389 1245 4456 egredietur
1261 4387 1352 4440 scelus.
1367 4390 1457 4454 Itaque
1473 4386 1523 4439 hoc
1535 4390 1636 4439 nonnisi
1647 4388 1681 4439 de
1701 4383 1786 4440 Daride

221 4470 288 4517 awti
301 4463 366 4528 forte
384 4461 516 4529 legendarii
534 4461 578 4510 vel
593 4468 674 4520 Δανιὴλ
692 4457 868 4532 vellipepiue,¹
878 4463 924 4512 aed
938 4481 983 4512 ne·
1033 4464 1085 4516 dict
1095 4469 1187 4531 potuit
1203 4467 1286 4533 Pergit
1297 4478 1401 4518 autem
1415 4471 1588 4519 retinueritis
1604 4480 1637 4534 τῷ
1657 4469 1788 4539 θρηνιίνμί·

221 4542 439 4593 εοίο.11ιςιειιιιε
464 4537 579 4590 Sarilius.
592 4538 643 4589 δαί
655 4537 707 4589 haec
724 4556 776 4589 non
788 4556 840 4590 esse
861 4538 983 4606 glossema
1032 4568 1117 4610 pom,
1130 4550 1234 4604 metm,
1251 4553 1384 4613 nepum
1399 4543 1488 4593 David
1503 4561 1604 4611 quoque
1616 4545 1704 4610 fluido
1723 4543 1791 4615 liujus

221 4618 332 4687 probant
349 4634 435 4668 omnen
453 4617 511 4666 lies.
526 4619 620 4677 nostri,
636 4628 689 4666 tim
698 4620 776 4668 etiam
795 4616 913 4670 Savilieni
921 4620 985 4685 ‚qui
1031 4621 1154 4689 proverbii
1167 4625 1286 4672 meminit.
1300 4622 1335 4671 Ut
1350 4619 1478 4670 Danielem
1495 4637 1542 4685 pro
1556 4619 1791 4690 Davidesuprapo·

219 4699 273 4749 haec
289 4694 403 4748 similiter
416 4694 526 4757 habent,
539 4706 564 4745 et
580 4694 684 4746 omnino
697 4695 824 4763 quadrant
835 4695 868 4747 ad
885 4695 982 4748 seriem.
1033 4701 1108 4749 sitnm
1121 4712 1192 4764 puto,
1212 4701 1247 4749 ita
1261 4698 1303 4749 hic
1322 4695 1404 4748 David
1416 4715 1462 4763 pro
1479 4697 1582 4749 Daniele
1598 4701 1696 4764 positus
1708 4700 1791 4767 inerit,

219 4778 357 4842 Postquam
375 4770 442 4823 enim
460 4771 571 4837 dixerat,
594 4781 700 4827 θπλνιααν
712 4781 755 4842 μιν
773 4785 817 4846 γὰρ
830 4784 849 4829 οἱ
859 4791 983 4848 προφῆται,
1034 4794 1092 4827 nom
1105 4789 1238 4844 postquam
1250 4795 1293 4843 per
1304 4788 1355 4827 tres
1369 4772 1542 4826 hebdomadas
1554 4775 1660 4828 {leverat
1670 4780 1794 4847 etjejrma·

218 4854 379 4905 Iaborarunt
397 4849 608 4918 euimpropketoe,
623 4850 656 4901 ad
670 4853 783 4918 exempla
795 4872 853 4906 mox
865 4857 941 4920 venit,
955 4868 981 4907 et
1034 4867 1105 4907 verat
1120 4854 1222 4921 Daniel,
1236 4855 1288 4906 haec
1301 4866 1359 4920 post
1374 4853 1422 4904 alia
1439 4852 1519 4904 multa
1535 4853 1649 4918 audivit,
1661 4866 1701 4911 καὶ
1713 4869 1795 4924 &aar

218 4935 301 4999 primo
320 4928 447 4981 Danielem
467 4941 651 4980 commemorat
661 4957 666 4995 5
676 4933 727 4984 ime
746 4935 829 4997 potius
846 4934 983 5000 Davidem,
1034 4958 1099 4987 σωσιν
1110 4943 1130 4987 οῖ
1142 4944 1221 4999 ἄνομοι
1231 4973 1237 4997 ,
1248 4946 1272 4984 et
1282 4937 1369 5002 inique
1385 4947 1461 5001 agent
1478 4936 1570 5002 iniqui,
1582 4950 1641 5001 cap.
1655 4939 1698 5000 tt,
1713 4940 1744 4989 tu
1756 4937 1797 4990 :iel

218 5029 277 5062 num
289 5010 331 5061 hic
349 5009 477 5061 Danielem
490 5019 552 5075 puto
567 5007 687 5061 mendose
705 5027 752 5075 pro
765 5011 861 5063 Doride
873 5010 984 5078 positum
1033 5010 1103 5080 quod
1120 5011 1147 5062 in
1163 5011 1224 5063 illud
1244 5029 1318 5078 supra
1336 5010 1441 5061 ollarum
1458 5010 1619 5077 proverbium
1640 5013 1799 5078 recidit&

218 5108 232 5140 ιι
244 5086 361 5140 librariis.
374 5088 504 5155 Siquidem
516 5086 678 5154 proverbium
698 5087 760 5139 illud
771 5131 778 5156 ,
791 5097 882 5152 λξῆλθςν
891 5098 917 5152 λε
930 5099 984 5144 ἀνι»
1028 5093 1128 5161 ἰίιῖραιέ
1142 5092 1281 5160 egredietur
1294 5090 1384 5142 scelus.
1399 5091 1491 5140 Verum
1509 5102 1599 5141 contra
1612 5092 1800 5163 llanurcripto·

217 5193 266 5238 μων
285 5174 440 5236 πλημμέλεια,
460 5165 492 5218 ab
519 5184 569 5216 urm
585 5164 681 5219 Davidc
704 5165 832 5233 prolatum
851 5171 948 5236 reperio
971 5173 980 5220 l
1034 5187 1089 5221 rum
1101 5173 1213 5222 omnium
1224 5171 1400 5220 auctoritatem
1413 5166 1475 5224 nihil
1488 5181 1585 5220 motare
1603 5174 1658 5223 ausi
1670 5190 1771 5228 sumna
