3750 5940
166 406 238 505 570
528 429 558 479 s.
587 428 726 479 ioannis
750 423 935 477 conrsosr.
963 426 1117 481 tumtur.
1143 428 1417 481 consrurmnor.

165 558 235 615 sori.
250 551 398 635 Oportebat
410 571 475 633 ergo
490 552 543 612 boc
559 552 704 634 diligenter
715 551 864 633 explorare,
875 569 910 609 an
962 572 1032 631 σαρι.
1047 550 1149 635 Ἐχρῆν
1162 545 1207 614 oliv
1221 559 1299 614 τῶτο
1318 552 1443 624 ίξσιάσαι
1455 553 1526 634 μετὰ
1543 558 1556 617 ί

165 643 337 728 tyrannidem
354 643 502 720 affectaret,
514 657 541 704 et
552 645 708 704 Cesareme
718 662 802 724 regno
818 639 908 722 depel·
961 664 993 721 γε
1002 643 1135 724 τυραννίδι
1148 643 1272 720 ίιιίθετσ,
1284 643 1332 706 καί
1344 646 1391 706 τὸν
1404 644 1530 727 Καίσαρα
1541 670 1556 706 τ

164 736 220 796 lere
239 748 360 797 tentaret.
375 735 429 798 Sed
451 734 521 796 illud
542 756 595 795 non
615 733 764 811 examinat,
777 733 839 794 ideo
852 732 910 815 ipse
962 733 1083 795 ἀιθαλτῖν
1100 735 1271 818 ίαεχείριστν.
1292 739 1364 797 Ἀλλ’
1382 739 1414 798 od
1431 745 1548 801 ποιεῖται

165 849 218 888 non
238 829 386 910 respondit,
400 850 463 888 ουιιι
480 827 561 889 sciret
574 827 666 910 ipsum
679 827 779 888 frustra
795 826 909 889 interro-
963 825 1030 902 μετὰ
1048 827 1195 909 ἀκριθείας.
1214 828 1268 889 Διά
1279 836 1358 891 ταῦτα
1377 828 1453 890 sons
1477 831 1550 912 aisi'p

164 940 238 1000 gare.
252 919 388 1001 Alioquin,
401 920 484 982 rebus
496 919 563 1002 ipsis
576 917 790 993 testificantibus,
801 915 909 976 nolebat
923 914 942 962 (ἶ
960 919 1050 993 ἐπειδὴ
1066 919 1124 1002 ᾔδει
1140 924 1199 1001 clxii
1215 921 1304 982 πάντα
1315 925 1489 1007 ’ἀρωιῦνια
1505 923 1556 984 Kal

164 1014 247 1074 verbo
256 1013 372 1090 vincere,
387 1027 414 1074 ct
425 1012 606 1073 defensionem
615 1031 720 1094 parare,
728 1009 870 1071 ostendens
880 1029 909 1069 se
959 1012 1012 1068 τῶν
1026 1009 1109 1092 ἔργων
1122 1012 1323 1096 μαρτυραίντοτι
1337 1017 1425 1098 αὐτῷ,
1438 1017 1490 1076 cdx
1507 1013 1556 1077 ίθα

163 1122 258 1190 sponte
275 1107 311 1168 ad
320 1107 372 1168 boc
389 1106 502 1169 venisse.
517 1107 588 1166 Cum
605 1105 695 1167 sileret
709 1123 783 1185 ergo,
796 1104 841 1163 10.
852 1102 908 1163 Au
958 1123 1006 1179 γαο
1016 1112 1092 1184 νυιᾷν
1103 1105 1149 1164 καί
1164 1105 1308 1185 ἀπολογίαν
1319 1106 1488 1178 συντιθέναι,
1501 1109 1556 1168 &rx

164 1202 283 1262 Pilutus
298 1223 307 1258 .·
324 1203 425 1262 Nescis
441 1204 512 1283 quia
524 1212 699 1281 potestatem
712 1199 805 1258 ἀσθσο
815 1199 907 1257 cneci·
959 1193 1004 1252 ἐπὶ
1019 1200 1096 1256 τοῦτο
1108 1195 1226 1278 ίρχιτσι.
1239 1197 1319 1272 Ἐπεί
1338 1190 1385 1259 vlu
1405 1199 1527 1276 ἀαίγηστ,
1549 1225 1556 1261 ι

162 1292 253 1375 figere
264 1292 416 1355 tcPViden’
427 1293 562 1374 quomodo
573 1291 691 1372 seipsum
700 1288 828 1350 damnare
840 1308 907 1371 prae·
958 1287 1052 1356 λάτος·
1066 1292 1126 1348 Οὔκ
1148 1280 1220 1360 οίθας
1239 1291 1280 1353 ὅτι
1305 1291 1426 1362 ἀξουσίσν
1446 1292 1504 1375 ἔχω
1524 1316 1556 1355 στ

164 1386 293 1468 occupet?
302 1388 372 1447 Nam
387 1385 451 1446 siin
465 1398 493 1445 te
509 1396 597 1444 toturn
617 1382 701 1442 sitnm
713 1392 762 1458 est,
776 1401 825 1440 cur
845 1400 908 1439 eum
958 1376 1042 1462 Ὁρᾷς
1055 1385 1112 1449 στῶς
1123 1383 1216 1444 ίαυτδν
1229 1384 1457 1469 προαατίιιρινεντ
1477 1388 1513 1447 Et
1531 1385 1556 1468 γί

164 1476 268 1537 nullam
284 1498 393 1537 cansam
412 1476 543 1550 invenias,
563 1495 616 1533 non
634 1473 752 1533 liberum
770 1469 907 1532 dimittis?
958 1479 1012 1530 πάν
1032 1480 1133 1549 κεῖται,
1148 1474 1219 1545 τίνος
1239 1475 1325 1537 ίνιαιν
1345 1475 1474 1558 οὖδιμίαν
1491 1477 1556 1539 αίτίτ

164 1571 235 1630 Corn
255 1592 319 1652 ergo
342 1553 504 1631 sententiani
519 1568 666 1628 adversum
690 1587 719 1627 se
740 1563 906 1647 protulisset,
959 1562 1097 1638 ἀπυλθιιςς
1111 1564 1189 1627 Ἐπεί
1211 1559 1256 1628 ds
1276 1572 1335 1628 καθ’
1354 1572 1451 1631 ίαυτοῦ
1471 1570 1556 1643 ιὴνά

163 1677 229 1724 tunc
246 1663 328 1724 dicit=
340 1666 390 1723 ίί.
406 1665 463 1742 Qui
474 1684 520 1722 mc
530 1662 653 1723 tradidit
662 1661 726 1732 sibi,
734 1662 830 1742 majus
839 1679 908 1739 pcc·
958 1652 1062 1734 ήνιγκι,
1072 1657 1132 1718 τότε
1143 1659 1224 1739 λέγει·
1238 1658 1357 1729 Melicae
1376 1661 1556 1744 ἀμαρτίανίχι

162 1767 261 1814 catum
279 1756 380 1828 habet,
397 1753 538 1814 ostendens
560 1752 649 1834 ipsum
673 1770 781 1831 quoque
799 1764 907 1832 peccato
959 1746 1017 1816 δαίς
1032 1748 1066 1827 μί
1079 1773 1135 1810 σοι·
1152 1750 1268 1826 δευινδς,
1291 1752 1333 1812 δτι
1350 1752 1398 1813 καὶ
1408 1753 1487 1822 αὐτὸς
1499 1758 1556 1815 θεαί

163 1846 314 1908 obnoxium
326 1868 397 1928 αισι,
410 1844 508 1907 deinde
521 1843 596 1904 illius
606 1841 907 1922 lastumarrogautiam-
924 1843 942 1890 ὓ
958 1838 1004 1921 τία
1021 1841 1101 1903 ἐστίν.
1119 1834 1188 1905 liius
1200 1848 1346 1906 ιιαιασστῶν
1360 1847 1443 1906 aneos
1456 1847 1488 1907 ιθ
1500 1846 1556 1930 φρίι

162 1961 214 2020 que
232 1940 386 2024 deprimens
406 1940 446 2002 ait
464 1963 471 1997 ι
487 1941 557 2001 Non
580 1940 701 1998 labem
720 1948 904 2017 potestatem,
956 1933 1156 2014 viennensis·
1172 1938 1232 1997 Οθιι
1245 1926 1314 2019 εἶχες
1327 1935 1458 2014 ἀξσισίαν,
1473 1930 1556 2018 είμὴἱ

162 2037 221 2095 nisi
233 2038 286 2095 tibi
303 2036 407 2099 datum
424 2046 508 2106 esset,
521 2031 661 2092 declarans
673 2050 727 2091 non
736 2042 845 2106 temere,
861 2051 906 2089 ne·
959 2023 1051 2102 μένον·
1068 2027 1156 2100 δηλῶν
1170 2029 1222 2109 οθχ
1233 2029 1325 2098 ἀτλῶς
1338 2029 1386 2090 καί
1397 2028 1470 2091 αστά
1482 2028 1548 2105 'ris

161 2146 213 2204 que
230 2123 379 2185 secondum
400 2144 569 2185 communem
584 2143 674 2198 usum,
688 2119 737 2182 aed
750 2120 864 2204 mystice
877 2119 907 2180 id
959 2117 1114 2178 ἀκολουθίαν
1132 2125 1211 2180 τοῦτο
1229 2119 1375 2202 γινάμανον,
1395 2122 1467 2183 ἀλλά
1488 2145 1556 2202 μυστ

160 2218 422 2298 completumt‘uisse.
435 2218 477 2276 Ne
486 2238 550 2277 vero
565 2213 690 2294 audiens,
704 2214 773 2275 Mo·
786 2216 840 2275 tibi
852 2215 905 2274 do·
958 2208 1093 2289 λούμενοι.
1106 2209 1167 2272 Ἵνα
1181 2209 1209 2272 ἀί
1224 2212 1262 2292 μὴ
1276 2213 1405 2289 ἀκούσας,
1428 2216 1463 2275 Ei
1477 2207 1555 2295 ptis

161 2322 223 2368 tum
238 2323 321 2383 essct,
336 2329 364 2370 se
379 2308 454 2369 omni
471 2307 584 2369 crimine
596 2307 717 2368 liberum
728 2319 847 2387 putaret,
860 2304 905 2366 di·
957 2323 1011 2377 νον,
1023 2303 1119 2385 νομίσῃ
1134 2313 1180 2366 τοῦ
1198 2304 1297 2375 παντὸς
1306 2307 1481 2389 ἀπηλλάχθαι
1497 2310 1556 2388 ἱγαλ

160 2400 217 2460 cita
233 2404 290 2482 Qui
302 2423 349 2463 me
361 2402 486 2463 tradidit
502 2403 565 2474 etti,
582 2401 678 2482 majus
689 2410 842 2480 peccatum
851 2399 905 2458 da-
956 2400 1033 2456 ro'iro
1043 2386 1115 2456 elne·
1138 2395 1256 2467 Μείζονα
1274 2397 1408 2480 ἁμαρτίαν
1419 2397 1476 2480 ίχιι
1495 2402 1556 2460 θαι

161 2494 217 2552 bct.
231 2492 315 2573 Atqui
327 2492 350 2553 si
362 2492 458 2552 datum
472 2504 539 2567 crat,
550 2489 691 2570 nequehic
703 2508 789 2568 neque
799 2487 840 2547 illi
851 2487 905 2549 ob·
957 2511 1006 2548 σοι.
1021 2488 1075 2549 nst
1090 2490 1143 2569 μὴν
1154 2492 1179 2549 εί
1191 2489 1329 2569 θεδομίνον
1340 2482 1383 2565 ἦν,
1394 2490 1456 2552 οὔτι
1466 2484 1554 2568 οὗτος,

162 2585 238 2647 noxii
253 2600 337 2646 eram.
353 2586 465 2646 Frustra
483 2583 522 2645 sie
537 2581 656 2664 loqueris
672 2605 679 2640 ι
697 2580 744 2642 bic
755 2581 828 2642 enim
839 2584 904 2642 Dc·
955 2580 1094 2641 θπεύθυνοι
1108 2581 1295 2664 ἐγκλημάτων.
1315 2585 1386 2664 Ean
1409 2590 1495 2645 ταῦτα
1508 2583 1556 2667 >lp

160 2690 222 2738 tum
242 2699 294 2761 pro
315 2698 471 2739 mocessom
491 2676 606 2754 dicitur3
618 2696 650 2736 ac
671 2674 696 2736 si
715 2673 827 2751 diceret,
839 2674 904 2736 llaeo
956 2673 1102 2752 Δεδομίναν
1115 2675 1271 2737 ἀνταῦθατδ
1292 2676 1556 2760 συγκτχωρημίνσνά

158 2769 219 2831 lieri
235 2770 381 2853 permisit:
399 2790 448 2832 nec
466 2770 529 2832 idco
547 2783 636 2830 tamen
654 2767 733 2850 culpa
755 2767 835 2829 liberi
855 2789 904 2830 vos
956 2762 1058 2844 ἔλεγεν·
1072 2765 1145 2826 ιίασι
1160 2773 1244 2828 ταῦτα
1267 2765 1402 2846 γενέσθαι·
1418 2770 1449 2829 od
1470 2768 1556 2847 μὴνθ

158 2861 233 2922 estis.
249 2862 348 2925 Verbis
358 2863 438 2924 illum
453 2862 606 2946 perterruit,
621 2859 775 2943 dammque
787 2861 903 2942 prebuit
955 2856 1082 2940 τινίρίας
1094 2859 1168 2927 ίατδς
1177 2862 1262 2938 ὑμεῖς.
1283 2858 1457 2933 Κατίπληξτν
1472 2860 1552 2923 αὐτὸν

158 2955 200 3015 sui
214 2956 401 3037 purgationem
412 2978 420 3014 t
431 2968 594 3039 quapropter
603 2954 651 3014 ille
663 2953 754 3037 ipsum
764 2953 905 3016 absolvere
919 2958 938 3006 E
957 2948 1058 3027 μάτων,
1071 2949 1117 3010 καλ
1130 2956 1202 3032 σαφῆ
1215 2950 1367 3032 παρίοχετο
1376 2950 1427 3026 τὴν
1438 2952 1556 3035 ἀπσλογίι

158 3046 304 3126 quaerebat.
320 3047 367 3108 llli
384 3069 450 3111 sero
475 3068 587 3109 rursum
607 3044 760 3107 clamabant
776 3067 784 3104 ι
800 3048 850 3106 ta.
873 3046 906 3107 Si
956 3041 1040 3115 ίζήτει
1051 3043 1128 3103 obelo
1140 3046 1273 3105 ἀναλῦσαι
1284 3043 1555 3112 ἀαιῑνος.Ἀλλάθσολ

157 3139 236 3199 bunc
260 3140 394 3214 dimittis,
410 3161 470 3200 non
492 3161 524 3200 es
546 3141 659 3198 amicus
681 3138 814 3198 Coesaris.
831 3136 904 3210 Quia
955 3136 1012 3202 ίαν·
1028 3133 1093 3194 'Edu
1107 3139 1199 3196 ru'iron
1214 3136 1363 3218 ἀπολύσῃς,
1379 3138 1430 3197 obt
1446 3127 1556 3218 ι’ίφίλας

157 3231 227 3291 enim
248 3254 284 3292 ex
304 3232 363 3312 lege
375 3232 487 3293 erimina
507 3231 679 3314 proferentes,
696 3229 767 3289 nihil
788 3230 904 3312 persece-
956 3228 1128 3308 ροςἘττειδὴ
1144 3229 1196 3311 γὰρ
1209 3229 1410 3309 ἀπδτοῦνόμω
1420 3254 1556 3314 παραγσγι

157 3336 227 3398 rant,
237 3325 313 3384 vaire
325 3324 363 3384 ad
375 3338 497 3385 externas
509 3336 655 3383 vertuntur
666 3323 749 3403 leges,
764 3320 904 3383 dicentes:
956 3343 1044 3398 ματα,
1060 3320 1133 3381 οθδίν
1148 3321 1265 3395 ὤνησαν,
1285 3321 1442 3403 κακούργως
1463 3324 1509 3384 ἐπὶ
1531 3347 1556 3384 τι

159 3417 261 3475 Omnis
275 3420 327 3497 qui
346 3437 377 3477 sc
387 3438 482 3498 regem
491 3418 578 3497 facit,
588 3415 764 3475 contradicit
781 3416 900 3475 Coesari.
953 3435 1047 3474 πονται
1058 3413 1166 3492 νόμους,
1177 3414 1381 3494 liscum-lle:
1391 3420 1407 3475 ὁ
1417 3416 1556 3496 βασιλίαθ

156 3505 194 3567 Et
208 3506 319 3567 ubinam
332 3507 379 3567 bic
396 3521 529 3590 tyrannus
541 3506 684 3587 apparuit?
700 3503 772 3565 unde
785 3506 815 3566 id
828 3527 944 3585 eom,⁰¹
954 3506 1084 3586 ἀντιλέγει
1098 3511 1137 3587 τῷ
1151 3505 1276 3590 Καίσαρι.
1287 3507 1342 3567 Καὶ
1352 3515 1404 3568 τοῦ
1411 3499 1488 3577 οὗτος
1498 3509 1556 3590 eripe

157 3598 272 3680 probare
284 3599 427 3681 poteritis?
439 3620 474 3659 ex
484 3598 626 3681 purpura?
637 3619 672 3657 ex
682 3596 853 3658 diademate?
865 3621 899 3659 ex
917 3603 935 3648 Α
952 3595 1030 3657 πόθεν
1044 3597 1072 3658 δὲ
1087 3598 1161 3680 ίχειε
1172 3597 1255 3667 δεῖξαι
1265 3606 1342 3660 τοῦτο
1351 3623 1359 3672 ;
1367 3600 1422 3660 ἀτιδ
1433 3604 1483 3672 τῆς
1494 3603 1556 3662 ἁλσί

156 3690 270 3752 habitu?
286 3714 322 3752 cx
336 3691 490 3751 militibus?
508 3712 597 3750 annon
616 3690 689 3750 aolus
707 3711 813 3772 semper
837 3713 899 3751 cum
951 3697 997 3750 τοῦ
1011 3690 1186 3769 διαδήματος,
1200 3691 1275 3751 ’ἀπὸ
1290 3696 1335 3751 τοῦ
1346 3692 1506 3773 σχήματος,
1522 3699 1556 3756 dn

154 3782 299 3846 duodecim
309 3785 452 3867 discipulis
465 3785 531 3860 ibat,
543 3784 669 3844 omnibus
682 3782 825 3844 vilioribus
835 3798 899 3844 ute·
951 3788 1066 3856 τιωτῶν;
1086 3784 1144 3865 οὐχί
1158 3783 1236 3862 μόνος
1253 3783 1295 3845 ἀεὶ
1314 3785 1383 3863 μετὰ
1405 3791 1460 3846 τῶν
1475 3787 1556 3848 tutte

153 3878 243 3953 batur,
258 3879 328 3956 cibo,
337 3892 422 3956 veste,
433 3876 606 3937 habitaculo?
615 3875 898 3958 Sedoimpudentiam
951 3875 1071 3947 ἐθάδισε,
1082 3877 1170 3935 πάντα
1184 3879 1295 3944 εὐτελῶς
1310 3876 1420 3957 μετιὼν,
1431 3878 1478 3937 καί
1494 3903 1556 3962 τραγ

154 3983 181 4030 et
197 3971 413 4054 intempestivam
431 3967 617 4031 sonnidineml
632 3967 736 4029 Pilatus
752 3968 897 4030 enimcum
950 3966 1011 4045 λὴν,
1031 3967 1077 4027 καί
1097 3969 1215 4041 οίοιησιν;
1237 3968 1306 4029 Ἀλλ’
1331 3968 1355 4028 ὢ
1375 3973 1425 4042 τῆς
1448 3969 1556 4032 ”drudo

153 4064 306 4144 periculum
318 4063 488 4141 formidaret,
499 4062 523 4122 si
534 4062 592 4122 baec
606 4062 761 4143 negligeret,
771 4064 897 4146 exitqui-
951 4062 1061 4145 ἀκαίρου
1075 4062 1184 4130 δειλίας·
1198 4066 1213 4121 θ
1233 4061 1286 4144 γάρ
1297 4065 1432 4137 Πιλᾶτος,
1445 4065 1556 4144 νομίσας

153 4155 216 4216 dem
225 4158 301 4238 qrrasi
319 4177 376 4217 rem
391 4158 591 4216 examinaturus
605 4153 653 4228 (id
669 4154 742 4215 enim
757 4155 810 4214 sibi
826 4156 896 4233 vult,
950 4156 1050 4228 λοιπὸν,
1063 4157 1085 4215 εί
1098 4152 1206 4235 παρίδοι
1218 4162 1316 4226 ταῦτα,
1338 4153 1479 4238 ἐξέρχεται
1495 4155 1556 4235 μὲν

154 4269 216 4308 cum
231 4249 332 4310 sedisse
349 4249 418 4309 dicit
427 4255 454 4326 );
469 4246 517 4307 sed
529 4247 606 4306 nullo
616 4247 686 4306 lacto
699 4247 831 4324 examine,
842 4262 896 4308 tra·
950 4247 980 4307 ιδ
990 4257 1103 4327 πρᾶγμα
1117 4247 1162 4327 (τὸ
1173 4247 1224 4328 γάρ
1240 4245 1349 4307 καθίσαι
1369 4255 1449 4308 τοῦτο
1464 4249 1556 4321 ἐδήλαι

154 4339 227 4401 didit
238 4363 312 4418 eum,
322 4354 420 4424 potans
433 4363 461 4401 sc
473 4340 534 4400 illos
551 4340 716 4399 inflexorum
731 4359 798 4400 esse.
815 4339 899 4412 Quod
951 4339 978 4400 δὲ
990 4340 1184 4419 οποιησάμενος
1200 4339 1329 4414 ἐξέτασιν,
1341 4341 1556 4423 παραδίδωσινσ

154 4433 226 4493 enirn
246 4434 294 4496 illo
314 4447 381 4494 esset
391 4434 492 4507 animo,
506 4454 542 4493 ex
561 4432 641 4492 dictis
655 4431 720 4491 audi
734 4456 741 4489 ι
756 4435 804 4491 ld.
819 4434 897 4493 Ecce
950 4433 1000 4500 ζων
1022 4431 1186 4504 δυσωπήσειν
1201 4431 1303 4500 αὐτούς.
1313 4429 1380 4491 Ὅτι
1390 4432 1443 4514 γάρ
1458 4433 1556 4503 ebroe«

153 4527 217 4584 Rex
236 4538 344 4585 vester.
359 4527 428 4585 Cum
451 4526 585 4586 dixissent
601 4525 653 4601 illi,
667 4526 823 4607 Cnccifigc,
836 4546 897 4583 rur-
951 4523 1061 4585 ἄκουσον
1073 4523 1100 4582 τί
1120 4548 1214 4604 φησιν·
1229 4523 1311 4584 ’leet
1329 4526 1453 4604 βασιλεὺς
1471 4530 1556 4607 ὑμῶν.

152 4638 214 4677 sum
224 4616 332 4678 addidit
350 4643 357 4675 a
375 4623 423 4680 15.
437 4622 543 4700 Regem
555 4632 687 4679 uestrum
704 4620 931 4701 crucistgamiss
951 4608 1022 4677 εἶπεν
1040 4619 1150 4691 ἐκεῖνον,
1166 4615 1336 4699 Σταύρωσον,
1344 4618 1427 4679 πάλιν
1437 4620 1556 4701 ἐττήγαγι

152 4711 206 4769 Illi
218 4732 290 4770 vero
301 4710 483 4783 clamabant,
495 4714 563 4770 Non
574 4713 716 4772 babemus
729 4733 824 4793 regem
839 4717 897 4772 nisi
952 4709 1062 4790 βασιλέα
1076 4713 1151 4789 ὑμῶν
1163 4708 1320 4790 σταυρώσως
1336 4713 1372 4770 ot
1384 4711 1414 4771 δὲ
1426 4712 1547 4793 ἔκραξαν,

153 4801 310 4863 cesarem.
332 4803 433 4882 Sponte
455 4823 484 4862 se
508 4802 604 4862 ultioni
627 4803 806 4883 subjecerunt.
828 4804 894 4864 Ideo
951 4803 1076 4883 βασιλέα,
1099 4805 1121 4863 εί
1134 4801 1172 4882 μὴ
1185 4802 1319 4884 Καίσαρα.
1336 4802 1464 4873 Ἑαόντες
1479 4809 1556 4869 ἔσυτο

183 5037 195 5062 ⁸
211 5019 282 5072 Editi
299 5026 396 5090 ἀροτῶν.
408 5016 485 5070 Savil.
500 5025 558 5089 ἀρῶν
577 5015 710 5086 legendum
728 5034 781 5071 esse
796 5020 908 5086 conjicit.
992 5031 1004 5058 ⁸
1020 5015 1068 5067 dlii
1079 5025 1125 5071 ἀπθ
1137 5023 1177 5070 τοῦ
1188 5017 1313 5084 ὀχήματος.

149 5100 242 5150 Verum
253 5098 312 5148 blas.
325 5111 388 5163 pene
398 5111 485 5146 omnes
496 5103 617 5166 ἀματῶντα
628 5094 732 5162 optime.
993 5099 1007 5135 b
1023 5095 1070 5146 dlii
1082 5100 1210 5167 ἀνανδρίας.

182 5185 197 5227 b
215 5174 262 5228 dlii
274 5187 315 5238 τὴν
326 5189 370 5230 τῶν
380 5179 456 5229 ἄλλων
467 5179 532 5226 ἀιολ.
994 5190 1004 5213 ⁰
1027 5172 1113 5225 ltorel.
1127 5181 1290 5238 πονησάμενος.
