3750 5940
358 388 396 441 ru
423 388 705 438 ιιιοοιιιικτιοιιιιιι
732 389 868 453 nouum,
897 379 973 436 ατο.
1384 365 1455 439 885

49 535 123 584 oroi,
138 509 182 570 im
195 509 374 583 καταξυυθῆτε
386 490 496 572 essm
508 514 556 583 τῆς
567 527 656 590 μοικα-
711 515 763 571 tris
787 514 854 584 mei,
868 511 1014 590 possidete
1035 521 1175 590 paratum
1192 515 1278 573 uobis
1295 531 1417 593 reginem
1435 535 1456 573 a

49 596 167 671 ςρωνῆς·
182 594 266 649 Δεῦτε
276 595 301 651 οἱ
310 590 481 668 εὐλογημένοι
493 596 539 650 τοῦ
549 589 657 670 Πατρός
710 594 917 650 comtitntione
937 591 1040 649 mnndi
1054 613 1063 646 .·
1075 589 1150 669 quod
1171 611 1220 650 nos
1240 611 1332 651 omnes
1348 592 1455 670 assequi

49 671 187 767 νομησοτε
211 667 470 819 τὴνὴτορκαρμίνην
490 672 552 772 ὑμῖν
576 673 655 748 βασι·
711 669 859 758 contingat,
876 669 963 760 grstia
983 682 1007 727 et
1029 668 1213 806 miseriepnlia
1235 671 1346 762 Domini
1370 671 1453 730 nostri

49 748 376 908 tttffltttttuti
389 753 656 930 ῖῗάιίίξίῖίίὲξ
710 748 1452 909 ίῖῗείἘάὲιίὲῗῖῗάῖῗέείάὲῖίιἰῗίζῗὲῗέἑείιῖ

49 906 183 985 ιτοῦ,μεθ’
230 910 269 987 τῷ
280 852 655 1008 Πατρίίάξα,κροιτος,τιμὴ
709 907 877 966 saecnlonrm.
891 907 988 967 Anien.

49 1010 130 1059 ιησις,
142 984 187 1047 σῦν
199 984 267 1066 ἁγίῳ
280 987 430 1063 Πνευμοιτι,
440 987 477 1052 εἰς
489 984 548 1051 τοῦς
559 987 656 1052 αἰῶνας

49 1091 62 1127 ι.
75 1064 165 1144 Ἀμήν.

454 1381 869 1533 MONITUM

233 1627 348 1749 ‘un
389 1624 728 1720 snoonunnu
766 1625 1065 1701 uounuuu.
1125 1716 1130 1728 ,

49 1807 260 1868 miliamreteris
268 1827 325 1866 esse
340 1805 481 1888 scriptoris
493 1818 520 1865 et
532 1803 568 1864 ad
578 1804 766 1887 chrysostomi
775 1826 866 1868 rerum
879 1806 1030 1867 accolentis
1045 1806 1158 1869 suadere
1183 1809 1312 1871 videntur
1324 1823 1383 1874 tum
1396 1814 1451 1873 alia

49 1924 74 1962 iae
88 1901 152 1961 hinc
165 1900 262 1961 etinde
275 1913 415 1974 ocurrunt,
424 1913 484 1958 tum
494 1899 541 1958 illa
556 1920 615 1978 quae
629 1898 760 1958 dicuntur
772 1899 807 1959 de
835 1901 1023 1982 Psathyrianis
1047 1902 1190 1982 hereticis,
1216 1927 1332 1984 quorum
1351 1909 1470 1968 mentio

49 2011 170 2075 oetatem,
180 1997 366 2072 sozomenum,
380 1993 500 2073 aliosque
513 1993 665 2074 scriptores,
681 2007 713 2052 ut
737 1994 807 2054 infra
830 1993 979 2057 videbitur.
995 1995 1085 2078 Hujus
1105 1997 1234 2058 orationis
1246 1997 1311 2060 dona
1326 2001 1451 2079 quasdam

49 2089 180 2165 ursone,
195 2111 255 2169 quae
268 2088 333 2149 vide
347 2087 385 2148 sis
404 2087 432 2147 in
458 2086 576 2146 editione
590 2087 798 2168 Rothomagensi
814 2108 884 2147 anno
900 2089 989 2163 1655,
1005 2112 1034 2171 p.
1050 2091 1129 2150 ists
1142 2104 1169 2151 et
1188 2093 1373 2173 sequentibus,
1389 2116 1450 2173 qum

51 2184 193 2260 ntulimus,
207 2198 238 2242 ut
251 2182 347 2245 videas
356 2180 386 2241 in
396 2179 521 2240 decursu.
538 2179 592 2240 Sed
606 2181 654 2240 ille
667 2202 717 2262 pro
730 2181 818 2241 lubitu
835 2181 889 2240 alia
901 2182 989 2259 affert,
1003 2183 1055 2243 alia
1063 2186 1255 2265 pretermittit,
1267 2200 1297 2246 nt
1310 2187 1404 2249 videre
1411 2203 1451 2249 est

49 2280 99 2340 diis
108 2281 137 2339 in
150 2279 226 2338 locis.

49 2399 68 2436 ο
78 2376 265 2458 chrysostomi
274 2397 343 2457 opus
354 2395 432 2435 nemo
443 2395 524 2435 sanus
535 2374 638 2436 dixerit
652 2397 659 2431 ι
672 2395 736 2434 nam
744 2375 844 2458 stylus,
852 2374 947 2452 dictio,
959 2375 1090 2454 inventio,
1103 2377 1180 2453 ordo,
1195 2391 1341 2460 ceteraque
1351 2381 1451 2459 omnia,

49 2485 125 2531 ntum
136 2471 283 2531 abhorrent
293 2469 503 2552 nChrysostomi
514 2468 623 2533 dicendi
633 2490 739 2549 genere.
752 2470 803 2530 Est
812 2492 922 2551 prorsus
932 2471 1068 2552 inelegans
1087 2473 1213 2555 scriptor,
1225 2475 1273 2554 qui
1282 2476 1305 2535 si
1317 2498 1370 2555 qua
1380 2475 1450 2536 hona

49 2567 106 2648 ipsa
117 2565 201 2625 nimia
217 2566 380 2646 loquacitate
388 2566 541 2626 labefactat.
561 2566 634 2624 Tum
650 2565 802 2646 implicatas
813 2566 940 2647 proponit
954 2568 1123 2645 questiones,
1138 2568 1174 2627 ab
1188 2569 1273 2629 altero
1290 2569 1326 2629 sd
1335 2571 1450 2630 alterum

49 2683 75 2721 m
88 2662 178 2721 subito
195 2661 303 2739 transit,
318 2675 345 2720 et
371 2661 448 2741 quasi
465 2659 627 2739 farraginem
643 2659 788 2738 quamdam
811 2660 986 2736 consarcinat,
1009 2661 1247 2742 longissimumque
1265 2666 1386 2724 omnium
1401 2664 1452 2725 ho·

67 2756 175 2817 emittit.
201 2759 273 2818 Loca
294 2755 418 2835 quaedam
432 2753 623 2816 obscurissima
636 2767 710 2834 sunt,
727 2774 786 2833 quae
811 2754 891 2813 certis
904 2754 933 2812 in
946 2754 1013 2814 locis
1025 2756 1102 2835 quasi
1115 2756 1263 2818 divinando
1285 2759 1451 2840 interpretati

49 3005 77 3012 ..-

1331 3019 1435 3029 ——a

49 3133 228 3215 resipuimus
254 3139 299 3194 τοῦ
326 3133 425 3213 Κυρίου
459 3135 537 3211 ἡμῶν
567 3133 655 3203 Ἰησοῦ
674 3135 693 3184 Β
711 3130 749 3188 ln
761 3132 1001 3188 Incarnotionem
1018 3132 1141 3190 Domini
1155 3137 1248 3192 nostri
1264 3135 1337 3195 Jesu
1362 3137 1448 3196 Cirri-

49 3271 53 3295 ‚
80 3228 126 3286 καὶ
148 3225 191 3286 ὅτι
218 3226 323 3305 ἑκάστῳ
346 3223 457 3305 κλίματι
480 3222 657 3304 ἐφεστήκασιν
749 3228 799 3298 sti,
816 3236 844 3283 et
858 3225 938 3303 quod
949 3226 1252 3305 singulisclimatibus
1264 3230 1365 3310 angeli
1377 3252 1451 3311 μινυ-

749 3319 817 3375 sint.
944 3318 947 3325 '

49 3503 160 3584 ἐπεφάνη
181 3506 275 3581 ἡμῐνὴ
309 3501 367 3582 άρις
389 3505 434 3562 τοῦ
452 3503 582 3584 Χριστοῦ,
607 3501 653 3560 καὶ
749 3502 777 3558 1.
801 3502 873 3562 Vere
890 3502 1018 3583 apparuit
1031 3502 1107 3563 nobis
1120 3503 1205 3586 gratia
1219 3506 1339 3587 Christi,
1354 3522 1380 3569 et
1397 3532 1450 3570 una

49 3607 71 3642 εν
89 3589 155 3660 ἡμῖν
169 3588 217 3656 τῆς
239 3526 371 3649 εὖσέῦείας
388 3587 406 3654 ἡ
427 3578 552 3659 δύναμις·
572 3582 653 3651 ὄντως
707 3577 799 3638 illuxit
813 3579 891 3641 nohis
911 3583 963 3663 piae
977 3581 1115 3663 religionis
1127 3586 1214 3647 virtus
1228 3608 1235 3642 ι
1251 3608 1313 3650 vere
1326 3603 1400 3649 ortus
1411 3605 1450 3650 est

49 3667 113 3722 ιῖνὸ
127 3667 174 3734 τῆς
188 3661 352 3733 δικαιοσύνης
366 3660 454 3732 ἥλιος,
464 3662 510 3719 καὶ
525 3671 652 3741 μαρτυρεῖ
707 3658 785 3718 nobis
798 3659 845 3719 Sol
855 3660 980 3741 justitiae,
1001 3662 1083 3742 idque
1096 3665 1274 3726 testificantur
1290 3668 1365 3727 orbis
1384 3669 1451 3729 fines

55 3746 102 3812 τῆς
113 3740 267 3819 οἰκουμένης
279 3739 313 3798 τά
327 3740 439 3821 πέρατα.
452 3739 589 3819 Ἐπεφάνη
601 3740 652 3822 γάρ
707 3738 863 3799 illuminati.
878 3741 1012 3822 Apparuit
1028 3744 1100 3812 enim
1116 3745 1243 3805 caelorum
1264 3749 1410 3824 Dominus,
1424 3763 1451 3808 et

49 3826 95 3880 νῶν
116 3821 266 3895 Δεσπότης,
289 3820 334 3878 καί
356 3829 444 3879 πᾶσαν
464 3820 512 3892 τὴν
537 3824 597 3897 γῆν,
616 3824 652 3887 ὡς
707 3831 790 3877 totam
801 3833 907 3892 terram,
919 3833 948 3878 ut
960 3822 1057 3891 voluit,
1072 3823 1100 3881 in
1108 3823 1205 3882 caelum
1219 3827 1365 3900 transtulit,
1380 3828 1451 3886 sicut

49 3906 68 3969 ίς
81 3902 191 3981 οὐρανὸν
204 3898 375 3978 μετεποίησα,
388 3897 475 3966 καθὼς
487 3899 651 3980 προείρηται·
707 3896 867 3978 praedictum
888 3898 960 3957 fuit:
977 3902 1088 3961 caelestis
1108 3902 1166 3977 ille,
1181 3903 1228 3981 qui
1249 3905 1324 3983 apud
1338 3926 1386 3965 vos
1399 3920 1450 3980 est,

49 3980 150 4063 υράνιος
166 3978 201 4038 ὢν
217 3979 384 4061 ἐπουρανίους
400 3979 576 4058 ἀπεργάζεται
587 4023 595 4051 ,
607 3978 652 4037 καί
706 3997 755 4036 vos
769 3977 885 4036 caelestes
905 3978 997 4053 efficit,
1012 3994 1038 4039 et
1053 3981 1169 4040 caelestia
1189 3984 1338 4043 caelestibus
1351 3984 1450 4065 elargi-

49 4069 93 4127 ιοῖς
107 4059 270 4140 ἐπουρανίοις
283 4057 435 4140 χαρίζεται·
447 4058 521 4137 παρά
540 4063 586 4115 τοῦ
603 4083 652 4116 πι-
706 4068 769 4113 tur:
784 4078 799 4114 a
814 4055 888 4115 fideli
904 4057 1031 4118 fidelibus
1044 4058 1266 4136 fidelia,asaucto
1277 4063 1375 4123 sanctis
1389 4087 1450 4124 san·

49 4148 147 4206 τιστοῑς
167 4138 200 4197 τά
222 4140 319 4208 πιστά,
338 4136 412 4218 παρὰ
433 4142 478 4197 τοῦ
501 4139 518 4196 ἁ
538 4134 576 4194 ίου
598 4145 652 4204 τοῖς
706 4147 760 4213 cta,
775 4157 791 4194 a
805 4136 915 4197 vivente
924 4137 1078 4198 viventibus
1092 4140 1211 4200 viventia
1224 4143 1368 4223 prodeunt.
1385 4144 1450 4204 Haee

49 4243 97 4291 ια,
112 4217 185 4300 παρὰ
196 4222 241 4276 τοῦ
256 4219 351 4284 ζῶντος
363 4227 417 4285 τοῖς
430 4219 495 4286 ζῶσι
508 4161 542 4276 τί
557 4219 650 4285 ζῶντα.
670 4227 689 4274 c
706 4216 778 4274 enim
794 4215 873 4274 vohis
894 4215 923 4275 in
938 4219 1021 4277 sacris
1039 4232 1065 4278 et
1087 4219 1168 4298 regiis
1183 4223 1366 4302 apostolorum
1379 4223 1449 4282 aulis

57 4302 121 4375 ὑμῖν
139 4302 166 4355 ἐν
186 4306 244 4365 ταῖς
258 4298 341 4376 ίεραῖς
362 4296 407 4354 καὶ
429 4299 577 4375 βασιλικοῖς
598 4301 652 4356 τῶν
705 4294 879 4372 tradidimus,
889 4317 951 4354 cum
963 4299 1135 4378 propheticas
1145 4302 1288 4361 sententias
1300 4303 1449 4383 attigimus,

49 4379 138 4443 αὐλαῖς
155 4379 211 4448 είση
230 4375 345 4454 οιίμεθα,
365 4375 409 4434 ὅτε
419 4380 471 4434 τῶν
483 4379 652 4457 προφητικῶν
707 4394 769 4433 cum
781 4374 875 4433 eaelum
886 4388 912 4434 et
929 4389 999 4434 terra
1029 4377 1181 4458 ropheticas
1192 4401 1271 4440 voces
1282 4382 1352 4441 inter
1365 4402 1394 4442 se
1405 4381 1449 4440 di-

49 4457 180 4533 τημάτοιν,
273 4453 381 4534 οὐρανὸς
395 4455 441 4514 καὶ
455 4459 489 4535 γῆ
504 4454 653 4537 ἐμερίζοντο
707 4452 837 4514 videbant
842 4477 851 4529 3
866 4467 936 4513 terra
947 4399 1058 4533 quidim
1070 4478 1162 4517 vocem
1173 4461 1283 4521 Joannis
1294 4461 1395 4522 liabens
1407 4461 1450 4521 di-

49 4540 81 4594 ῦν
92 4539 244 4617 προφητῶν·
256 4539 291 4613 γῆ
304 4533 352 4613 μὲν
363 4534 461 4615 ἔχουσα
471 4535 515 4593 τὸν
527 4534 652 4607 Ἰωάννην
707 4534 804 4609 centis,
816 4536 880 4592 Vox
892 4535 1050 4595 clamantis
1057 4541 1089 4595 in
1100 4539 1213 4599 deserto
1224 4564 1233 4597 .·
1244 4543 1358 4602 Parate
1366 4546 1449 4601 uiam
1459 4544 1544 4591 maret.
1553 4543 1602 4591 Μ·

49 4618 112 4687 ιωνὴ
140 4618 252 4694 βοῶντος
266 4618 293 4674 ἐν
307 4619 341 4689 τῇ
362 4614 471 4694 ἐρήμῳ,
494 4614 653 4691 ἑτοιμάσατε
708 4614 841 4684 Domini,
855 4627 950 4674 rectos
952 4616 1052 4751 {acite
1063 4621 1182 4678 semitas
1195 4623 1275 4702 ejus;
1287 4622 1383 4682 caelum
1404 4643 1450 4682 ve-

49 4694 129 4777 ιρίου,
143 4695 251 4760 εὐθείας·
262 4702 362 4754 ποιοῖτο
378 4693 425 4760 τὰς
439 4691 544 4775 τρίῦους
559 4697 636 4754 αὐτοῦ
646 4718 652 4730 ·
662 4725 700 4764 γη,
709 4713 738 4751 ro
754 4693 943 4753 Patrisvooem
973 4695 1072 4754 abensi
1093 4696 1131 4756 sis
1140 4699 1220 4758 rebus
1230 4701 1374 4778 firmatam,
1388 4705 1450 4760 Vox
1462 4699 1528 4745 Psat.
1537 4694 1602 4743 ²⁸3·

49 4777 106 4855 γων
117 4779 163 4833 τοῦ
178 4774 240 4833 Πατ
257 4771 339 4845 ‘serlo
350 4773 437 4854 φωνὴν
453 4773 496 4832 ἐπὶ
506 4780 559 4840 τοῖς
570 4772 654 4854 ἔργοις
672 4782 692 4827 Δ
708 4773 831 4831 Domini
853 4793 940 4864 super
962 4719 1146 4867 aquaeilnc
1168 4778 1247 4839 vobis
1267 4782 1450 4841 tradidimus:

49 4878 82 4927 pi,
105 4852 146 4932 άτι
170 4796 255 4924 Φωνί
279 4853 377 4934 Κυρίου
401 4852 444 4912 ἐπὶ
468 4856 520 4911 τῶν
543 4853 653 4912 ὑδάτων.
708 4850 766 4909 Ηοο
781 4850 907 4911 studiosas
932 4853 1070 4913 sullreiunt
1086 4855 1121 4915 ad
1134 4856 1353 4934 admonitionem,
1370 4874 1396 4920 et
1419 4859 1453 4919 fi-

55 4932 218 5012 ὑπεθέμεθα·
234 4936 309 5014 ἀρκεῖ
320 4931 442 4991 δὲταῦτα
456 4931 501 4991 καὶ
513 4940 566 4999 τοῖς
577 4953 656 4992 σπου-
708 4929 815 4989 delibus
838 4930 876 4990 ad
894 4931 1134 4993 confirmationem.
1151 4938 1298 4998 Sciendum
1308 4954 1397 4999 autem
1415 4952 1454 4997 est

49 5012 183 5090 τάμνησιν,
197 5011 243 5070 καί
256 5020 311 5079 τοῖς
325 5021 427 5078 πιστοῖς
443 5014 480 5079 είς
502 5009 655 5090 βιῦαίωσιν,
711 5009 845 5069 bonorum
860 5032 889 5069 re
908 5011 1045 5072 etitionem
1066 5013 1199 5076 firmiores
1216 5018 1319 5077 animas
1333 5018 1453 5077 reddere.

49 5109 90 5166 αι’,
103 5089 237 5162 ὅτιὴτῶν
248 5094 353 5171 ἀγαθῶν
371 5090 535 5170 ἐπανάληψις
553 5089 657 5169 βεῦοιο
712 5089 865 5162 Quemadm
901 5112 949 5150 um
963 5093 1034 5152 enim
1053 5106 1151 5154 terram
1165 5110 1228 5156 tune
1242 5096 1464 5177 optimecultam‘

58 5171 105 5239 τάς
118 5169 205 5250 ψυχὰς
221 5170 406 5250 ἀπεργάζεται.
420 5168 527 5252 Ὥσπερ
541 5171 593 5251 γάρ
606 5171 654 5242 τὴν
712 5168 846 5248 videmus,
863 5191 926 5230 curn
949 5171 1047 5232 iisdem
1069 5174 1190 5234 sulcatur
1213 5177 1326 5254 aratris,
1345 5191 1371 5236 et
1393 5199 1457 5238 cum
