3750 5940
638 408 672 454 ιιι
699 407 827 472 raseris
853 408 889 454 v.

1473 403 1546 499 949

61 553 125 602 ιητα
145 528 352 607 ἐπενδυσάμενος
373 527 421 607 ίση
442 527 574 608 πρύύατον
593 530 677 604 Θεοῦ,
698 529 743 587 καί
796 529 834 588 ris
847 549 945 609 corpus
957 541 1035 587 tuum
1053 530 1169 599 hostiam
1183 535 1330 613 viventem,
1343 553 1474 619 sanctam,
1486 544 1544 604 Deo

72 635 112 669 πα
148 608 248 680 στάσας
268 609 299 667 τὸ
321 612 413 666 ἑαυτοῦ
434 610 513 686 σῶμα
532 605 622 667 θυσίαν
646 611 742 678 ζῶσαν,
796 607 955 688 placentem,
967 609 1117 699 secundum
1140 614 1303 692 apostolum,
1312 616 1348 699 ad
1361 633 1488 679 eternam
1500 624 1544 683 vi·

61 692 214 767 ,εὖαρεστον
227 690 300 768 Θεῷ,
315 688 385 747 κατὰ
397 687 441 745 τὸν
454 686 609 760 ἀπόστολον,
620 687 667 744 καί
677 687 743 768 πρὸς
796 701 851 746 tam
861 701 1061 747 transmitteris.

61 768 141 826 οινίαν
154 767 373 846 παραπεμφθήση
388 767 466 838 ζωήν.

61 857 110 945 qe,
131 845 171 905 θτι
190 847 221 905 τὸ
236 847 330 925 πάσχα
350 846 381 905 τὸ
401 846 446 904 σὸν
461 844 518 904 οὐδὲ
535 843 601 924 σύγκ
620 868 670 903 ισιν
686 844 742 925 ἔχει
835 840 864 897 θ.
876 837 977 900 Viden'
995 838 1098 907 Pascha
1114 853 1192 901 tuum
1209 844 1284 906 nullo
1298 847 1379 909 modo
1392 855 1541 990 ooqqparari

61 947 84 986 ιο
97 925 256 996 Ἰουδαϊκὸν,
281 924 340 984 ἀλλ’
353 924 477 1024 ὁμοίωσιν
492 927 570 983 αὐτοῦ
584 868 632 994 rhu
646 946 742 984 σκιοει-

794 937 872 996 posse
885 938 948 977 cum
963 916 1089 997 Judai'co,
1101 920 1149 979 sed
1161 923 1334 985 umbratilem
1348 945 1410 988 cum
1423 931 1431 989 i
1455 955 1472 990 o
1483 948 1541 993 tan·

61 1029 96 1064 m,
112 995 182 1083 ,qu
201 1007 299 1076 gum,
325 1007 378 1064 K„
389 1005 507 1076 ,ήπωςη
524 1001 634 1082 Ἰσραὴλ
651 1003 739 1083 ἕπὶτῇ
759 1017 777 1061 n
795 1009 866 1089 tumn
883 997 1100 1088 similitudinem·
1113 994 1235 1090 babere?
1259 1006 1350 1064 inians
1375 1011 1478 1147 quipqe
1502 1028 1541 1072 cst

795 1075 878 1134 lsrael
899 1096 927 1134 ιιι
948 1097 1011 1155 agni
1034 1079 1177 1155 sacrificio,
1202 1080 1269 1141 dum
1292 1100 1371 1165 putat
1392 1088 1442 1148 sliu
1484 1093 1541 1152 Deo

794 1174 851 1213 esse
864 1176 944 1231 curae,
960 1170 985 1214 et
1001 1178 1050 1236 per
1063 1157 1134 1216 illud
1151 1181 1178 1217 se
1195 1161 1309 1222 salutem
1323 1170 1459 1246 consequi,
1473 1168 1541 1246 dum

792 1230 865 1291 illud
878 1255 930 1293 non
952 1235 1032 1294 babet
1051 1238 1128 1314 quasi
1148 1238 1265 1317 figuram
1282 1243 1388 1322 bostiae,
1405 1268 1464 1325 quae
1478 1270 1541 1310 vere

793 1313 906 1373 salutem
923 1314 1004 1394 parit.
1027 1318 1119 1389 Quare
1139 1316 1206 1377 dicit
1228 1320 1284 1379 iliis
1305 1324 1449 1484 Deussser
1464 1330 1540 1388 Jere-

61 1083 170 1165 ρούάτου
191 1084 288 1163 θυσία,
308 1081 405 1152 ταύτην
429 1082 571 1163 ἡγούμενος
590 1082 663 1183 παρὰ
677 1085 740 1162 Θεῷ

61 1167 177 1236 ίζεσθαι,
191 1162 235 1221 καί
247 1162 291 1222 διὰ
304 1162 402 1233 ταύτης
418 1164 533 1239 οἰόμενος
544 1163 678 1241 είληρεναι
692 1160 739 1233 τὴν

61 1243 121 1316 ίίιιι,
144 1242 189 1300 καί
209 1245 258 1321 οὐχ
269 1244 306 1307 ὡς
320 1241 402 1299 τύπον
415 1245 482 1322 δρῶν
497 1238 576 1311 αὐτὴν
596 1245 643 1311 τῆς
659 1242 739 1308 ύντως

61 1345 103 1394 ιης
113 1321 212 1386 θυσίας.
234 1320 283 1379 Διὸ
293 1319 397 1399 λέγεται
411 1321 462 1379 ὑπὸ
472 1327 517 1378 τοῦ
531 1322 600 1378 Θεοῦ
616 1320 680 1400 πρὸς
691 1323 739 1378 αὖ·

61 1401 86 1461 ιδ
98 1399 236 1481 Ἱερεμίου,
247 1399 289 1459 ὅτι
301 1402 358 1458 oux
370 1398 539 1475 ἐνετειλάμην
550 1400 611 1474 ὑμῖν
622 1399 682 1480 περί
693 1404 739 1457 θυ-

61 1479 112 1541 Καί
125 1483 172 1539 οὐκ
182 1477 237 1538 ἔστι
249 1477 322 1558 παρὰ
333 1481 395 1558 Θεῷ
405 1479 512 1557 ψεῦδος,
528 1475 571 1534 ἵνα
582 1478 736 1554 ἐντειλάμε-

61 1584 85 1632 τη
102 1558 140 1636 μὴ
155 1557 314 1617 ἐντετάλθαι,
336 1559 404 1616 Ἀλλ’
428 1562 446 1628 ἡ
464 1562 543 1614 τοῦτ
561 1554 677 1634 άγματος
692 1557 706 1614 δ
728 1591 738 1602 ·

72 1624 197 1714 δύναμις,
215 1638 255 1696 άτι
267 1659 303 1715 πρ
338 1639 467 1707 ητικῶςὴ
492 1581 568 1694 θυσία
590 1635 739 1697 ἐπίτελεῖτο

61 1721 236 1797 οομηνυτικῶς
258 1719 293 1783 εἷς
305 1660 432 1794 ίίίριστόν.
453 1714 507 1773 Καὶ
520 1714 652 1795 πρύύατον
669 1714 736 1775 θύειν

61 1779 149 1876 άμενος
171 1801 185 1855 δ
203 1796 283 1869 Θεὸς,
303 1794 416 1875 λ’ριστδν
440 1794 532 1864 ἐδήλου
556 1792 737 1873 τεθυσύμενον,

70 1876 130 1956 περὶ
145 1877 175 1935 τὸ
190 1875 320 1954 πρύάατον
336 1874 441 1932 ἅπαντα
455 1875 490 1938 είς
505 1873 618 1952 Χριστὸν
628 1873 738 1953 προετύ-

794 1392 975 1472 ιιιίιιιιιεΝοιι
997 1400 1123 1473 praecepi
1145 1401 1230 1457 vobis
1251 1401 1288 1457 de
1309 1407 1387 1462 sacri
1400 1411 1473 1465 sciis.
1497 1411 1538 1467 Et
1548 1431 1672 1493 rem..

794 1492 853 1529 non
875 1484 918 1531 cst
939 1477 1020 1553 apud
1041 1476 1139 1533 Deum
1164 1480 1370 1551 mendacium
1386 1497 1422 1543 ita
1450 1499 1490 1558 ut,
1515 1488 1538 1546 si

792 1552 961 1630 praeceperit,
974 1552 1048 1612 dicat
1063 1576 1090 1612 se
1104 1576 1156 1613 non
1167 1559 1332 1638 praecepisse.
1349 1561 1405 1620 Sed
1426 1565 1464 1622 rei
1482 1565 1538 1624 vir·

792 1643 836 1687 tus
860 1632 1056 1709 manifestatur,
1071 1634 1134 1711 quia
1158 1637 1315 1715 prophetico
1336 1661 1411 1700 more
1430 1645 1536 1703 sacrifi-

793 1707 866 1766 cium
880 1711 1053 1788 offerebatur,
1067 1727 1098 1770 ut
1105 1714 1327 1794 praesignificaret
1341 1720 1443 1780 Christi
1456 1727 1538 1783 sacri·

793 1786 897 1848 ficium.
912 1794 953 1848 Ac
963 1811 1025 1849 cum
1040 1793 1113 1850 Deus
1127 1813 1228 1871 agnum
1245 1796 1385 1857 immolare
1397 1802 1537 1883 precipic-

791 1866 857 1942 bat,
881 1868 1020 1928 Christum
1051 1870 1188 1931 indicabat
1215 1872 1428 1957 immolandum,
1456 1895 1537 1960 atque

61 1946 87 2015 δν
102 1954 196 2033 τὰμὲν
215 1954 266 2026 ἤδη
282 1951 457 2050 τεθεώρηκας,
470 1952 507 2048 τὰ
523 1952 551 2011 δὲ
562 1951 654 2032 ἐφεξῆς
670 1951 737 2012 θεώ-
746 1991 782 2030 ,,,
792 1946 881 2004 omnia
890 1969 951 2026 quae
962 1949 997 2007 ad
1006 1969 1107 2028 agnum
1116 1952 1293 2031 pertinebant,
1302 1978 1331 2015 ea
1339 1979 1403 2094 iqua·
1413 1959 1449 2050 ad
1457 1961 1536 2019 Chm

61 2034 235 2110 nitidaeque.
257 2033 322 2092 Ἐπί
340 2032 428 2102 πάσης
457 2030 580 2110 θύραίων
605 2032 688 2099 οἰκίας
708 2030 735 2091 ἓν
754 2049 773 2094 Α
791 2038 863 2083 stum
883 2041 1003 2117 spectant
1018 2028 1289 2108 praefigurabantzex
1301 2057 1336 2115 qu
1370 2060 1400 2095 us
1412 2040 1466 2097 aba
1478 2062 1536 2120 Jam

61 2139 100 2174 τον
114 2112 257 2184 αὐτοτελὲς,
272 2111 316 2171 καί
328 2111 362 2190 με’
380 2135 406 2178 ος
420 2112 450 2168 ἐκ
464 2115 515 2168 τῶν
529 2114 613 2190 κρεῶν
632 2113 678 2170 ούκ
692 2113 735 2171 ἐκ·

61 2216 104 2253 ται
126 2199 174 2264 τῆς
196 2192 280 2258 οίιιίας
300 2193 328 2251 ἒν
349 2133 378 2269 di
386 2189 482 2250 θύεται.
505 2189 569 2249 Ἐπί
582 2189 670 2262 πάσης
684 2191 738 2272 γάρ

61 2273 129 2348 ησίας
139 2272 184 2331 καί
195 2275 280 2369 ψυγῆς
292 2268 405 2349 Χριστὸς
415 2269 474 2334 ὅλος
484 2274 617 2349 πανταχῆ,
631 2270 676 2328 καί
689 2273 735 2329 ού-

61 2352 175 2434 μερυιύς.
197 2356 246 2409 Διυ
258 2350 343 2409 πολλύι
358 2348 405 2427 μὲν
418 2351 472 2406 ἐκεῖ
485 2348 519 2408 τά
533 2337 655 2429 πρόύατυ
675 2349 735 2408 καθ’

61 2455 83 2504 ιν
102 2432 202 2490 οἰκίαν·
220 2421 257 2497 εἷς
273 2429 301 2486 δὲ
318 2427 431 2508 Χριστὸς
451 2426 520 2486 κατδι
540 2437 627 2487 πᾶσαν
647 2426 734 2510 ψυχὴν

61 2536 83 2579 ς.
104 2511 189 2569 Πέντε
207 2510 308 2588 ἡμέρας
327 2507 370 2567 tat
385 2513 431 2580 τῆς
449 2508 532 2576 οἰκίας
550 2507 693 2587 κατέχεται
704 2509 735 2568 τδ

61 2614 118 2665 ιον,
144 2588 197 2649 ἀπὸ
227 2589 337 2660 δεκάτης
366 2590 401 2653 είς
427 2588 733 2667 τεσσαρεσκαιδεκάτην·

70 2670 138 2730 ούτω
150 2668 237 2728 θύεται
249 2673 282 2746 τῇ
294 2667 567 2747 τεσσαρεσκαιδεκάτη
580 2667 644 2745 πρὸς
657 2666 734 2752 ἑσπύῇ

61 2751 136 2821 δτῆς
151 2746 282 2807 Ἰουδαίων
294 2751 456 2826 συναγωγῆς.
469 2745 555 2804 Πέντε
566 2746 733 2824 διαστήματα

84 2832 209 2901 δηλοῦται
234 2836 290 2895 ταῖς
317 2826 395 2885 πέντε
421 2823 529 2891 ταύταις
548 2824 660 2914 ἡμέραις
681 2827 734 2887 ἀπὸ

63 2908 146 2989 μέχρι
159 2905 325 2972 συντελείας·
339 2905 366 2963 ἓν
386 2903 432 2983 μὲν
455 2904 485 2962 τὸ
499 2904 579 2984 μέχρι
593 2907 663 2976 nus,
675 2905 734 2966 δεύ-

61 2988 89 3049 id
111 2979 142 3046 τὸ
162 2990 259 3046 ἐκεῖθεν
276 2986 355 3064 μέχρι
376 2982 517 3064 Ἀβραάμ,
533 2984 620 3064 τρίτον
639 2985 670 3043 τὸ
690 2986 734 3044 ἐπί

62 3094 98 3140 α,
112 3067 235 3146 τέταρτον
249 3065 279 3124 τὸ
299 3068 330 3124 ἐκ
343 3064 476 3130 Μωϋσίως
494 3063 537 3122 ἐπί
551 3063 600 3136 τὴν
618 3065 733 3145 Χριστοῦ

61 3148 122 3220 ίαν,
141 3146 261 3224 πέμπτον
279 3142 396 3222 δπαρὼν
410 3147 458 3213 τῆς
471 3143 617 3225 παρουσίας
630 3143 731 3223 καιρός.

74 3227 107 3289 δὲ
126 3227 191 3306 πρὸς
204 3224 326 3305 ἑσπέραν,
347 3223 388 3283 ὅτι
403 3225 443 3281 ἐπ’
457 3224 570 3302 ἐσχάτου
584 3230 630 3282 τοῦ
641 3226 733 3290 αἰῶνος

61 3309 128 3378 άσης
150 3309 196 3376 τῆς
214 3306 369 3383 συναγωγῆς
392 3300 571 3449 συνερύινησεν
591 3307 605 3360 δ
624 3300 734 3381 Ἰσραὴλ

790 2102 896 2183 vidisti,
911 2107 965 2165 alia
977 2130 1026 2188 pro
1040 2108 1115 2168 virili
1135 2110 1283 2171 considera.
1302 2116 1332 2173 ln
1353 2116 1467 2196 singulis
1482 2120 1536 2178 He-

790 2183 925 2243 braeorum
938 2184 1064 2245 domibus
1078 2203 1135 2247 erat
1147 2210 1232 2268 agnus
1248 2213 1318 2251 unus
1341 2216 1376 2254 ex
1393 2218 1422 2255 se
1447 2199 1534 2278 perse·

790 2276 859 2335 ctus,
874 2277 900 2323 et
914 2266 1036 2324 carnium
1049 2267 1106 2347 ejus
1119 2269 1193 2328 nulia
1208 2292 1271 2350 pars
1285 2273 1446 2334 efferebamr
1458 2292 1535 2337 extra

789 2341 919 2422 domum,
936 2344 1030 2424 inqua
1046 2346 1202 2407 immolatus
1221 2350 1314 2410 fuerat.
1329 2355 1400 2413 Nam
1412 2355 1441 2414 in
1460 2358 1535 2416 omni

790 2420 923 2500 Ecclesia,
943 2425 972 2482 in
986 2425 1059 2484 omni
1073 2425 1163 2485 anima
1185 2428 1309 2489 Christus
1323 2432 1426 2511 ubique
1440 2450 1492 2513 cst,
1508 2449 1535 2496 ct

789 2520 922 2579 nusquam
945 2525 1008 2594 pars
1032 2506 1090 2586 ejus
1114 2520 1230 2566 tantum.
1247 2510 1343 2569 Multae
1367 2513 1406 2572 ibi
1421 2536 1485 2574 oves
1507 2530 1534 2575 et

787 2581 850 2659 agni
865 2596 940 2641 erant
951 2604 978 2641 ιιι
989 2584 1103 2663 singulis
1116 2585 1262 2646 domibus:
1286 2612 1355 2650 unus
1373 2614 1436 2652 vero
1453 2595 1533 2653 Chri-

787 2673 844 2719 stus
859 2660 971 2721 inomni
984 2665 1084 2740 anima,
1098 2679 1124 2724 et
1137 2666 1160 2724 is
1175 2667 1231 2746 ipse
1244 2682 1291 2728 est.
1301 2670 1428 2749 Quinque
1436 2672 1533 2734 diebus

787 2738 863 2797 domi
878 2742 1008 2801 retinetur
1018 2764 1112 2821 agnus,
1125 2767 1141 2802 a
1152 2745 1256 2806 decima
1271 2749 1308 2806 ad
1323 2766 1447 2827 quartam
1460 2752 1533 2811 deci·
1612 2824 1614 2829 Ι

788 2839 860 2877 mam
865 2843 874 2895 5
884 2818 981 2880 deinde
991 2822 1030 2881 sic
1043 2823 1205 2882 immolatur
1213 2823 1317 2886 decima
1331 2845 1426 2908 quarta
1438 2831 1533 2892 dicad

788 2919 833 2958 ves
854 2921 927 2958 eram
946 2921 962 2958 a
985 2900 1142 2970 Judaeorum
1166 2926 1313 2985 synagoga.
1338 2909 1387 2967 His
1415 2911 1533 2991 quinque

787 2921 884 3036 diciius
898 2979 1086 3059 significantur
1103 2982 1221 3062 quinque
1241 2987 1369 3069 temporis
1391 2991 1477 3070 spatia
1497 2993 1533 3050 ab

788 3055 892 3117 Adamo
906 3080 991 3138 usque
1003 3061 1041 3121 ad
1053 3064 1310 3124 consummationem
1324 3091 1330 3124 ι
1344 3088 1429 3127 unum
1449 3092 1532 3149 usqne

786 3135 822 3194 ad
836 3138 901 3214 Noe,
914 3139 1029 3199 alterum
1049 3163 1065 3200 a
1079 3144 1135 3200 Noe
1154 3150 1239 3219 usqne
1257 3145 1294 3204 ad
1309 3146 1533 3231 abrahamu-

787 3216 856 3274 tium
871 3239 954 3296 usquc
967 3219 1002 3277 ad
1013 3223 1151 3300 Moysem,
1173 3237 1300 3300 quartum
1312 3248 1327 3284 a
1341 3228 1437 3309 Moyse
1448 3251 1532 3307 usque

787 3294 822 3355 ad
837 3296 937 3356 Christi
946 3298 1105 3378 adventum,
1116 3300 1241 3438 quintum
1253 3327 1369 3384 praesens
1382 3309 1417 3366 ab
1429 3308 1533 3368 adven·

61 3390 173 3471 ζριστοῦ.
201 3384 363 3460 Ἐμελετᾶτο
383 3381 458 3460 μὲνέ
487 3383 601 3461 ἀρχῆςη
618 3383 732 3464 Χριστοῦ
751 3391 769 3438 Β
786 3377 895 3466 tutius
908 3390 1023 3458 tempus.
1040 3381 1126 3438 Immo
1139 3394 1200 3441 atur
1219 3396 1309 3442 autem
1323 3384 1356 3444 ad
1375 3408 1531 3468 vesperam:

61 3471 85 3526 ίν
105 3474 161 3530 τοῖς
173 3464 214 3522 ἀεὶ
227 3466 279 3521 τῶν
292 3460 399 3520 δικαίων
412 3460 567 3536 παθήμασιν
581 3458 633 3518 ἀπὸ
655 3460 734 3520 Ἀύελ

61 3547 131 3620 αίσυ,
143 3543 187 3603 καί
198 3542 310 3622 Χριστὸς
319 3533 351 3614 ἦν
360 3542 386 3598 ἐν
398 3539 496 3600 ἅπασιν
507 3545 520 3598 θ
530 3539 652 3618 πάσχων·
667 3542 733 3599 ἔπε-

61 3659 66 3701 γ
93 3626 142 3696 δὲ,
162 3623 206 3682 ὅτε
226 3621 302 3688 αὐτὸς
326 3622 360 3680 δι’
375 3623 468 3679 ἑαυτοῦ
483 3617 575 3699 παρὼν
589 3607 705 3698 ἔπασχεν
720 3626 734 3681 ὁ

61 3705 133 3771 ιυός.
156 3702 208 3762 Καὶ
225 3700 256 3772 δὴ
284 3701 353 3760 κατὰ
366 3698 414 3771 τὴν
428 3706 473 3758 τοῦ
488 3701 565 3757 αὐτοῦ
581 3699 662 3776 μηνὸς
675 3724 734 3760 τεσ-

61 3782 204 3855 ιιδεκάτην
224 3781 340 3860 ἔπασγε,
362 3779 408 3838 καὶ
427 3779 457 3837 τὸ
475 3783 579 3877 πνεῦμα
593 3780 734 3857 παρεδίδου

61 3863 179 3944 επέραν,
209 3861 254 3919 καί
270 3849 339 3919 κατὰ
352 3865 441 3919 τοῦτον
459 3857 503 3916 τὸν
517 3879 604 3931 τυπον
611 3865 687 3917 τοῦτο
700 3850 733 3930 ἦν

61 3945 175 4015 δεκάτης
187 3941 370 4019 λαμύάνεσθαι
384 3939 415 3996 τὸ
427 3936 560 4016 πρύὸατον
575 3938 611 4003 είς
626 3935 673 4007 τὴν
690 3943 734 3996 θυ-

61 4023 103 4085 eti
117 4022 223 4081 θύεσθαι
238 4024 271 4099 τῇ
288 4015 560 4099 τεσσαρεσκαιδεκάτη
574 4014 638 4097 πρδς
651 4016 731 4076 ἐσπί-

61 4128 96 4163 τι
111 4094 144 4174 ἦν
162 4104 208 4160 ἀπ’
233 4104 317 4179 ἀρχῆς
338 4099 385 4174 μὲν
406 4102 423 4167 ἡ
441 4095 538 4173 μελέτη
558 4100 603 4154 τοῦ
623 4095 731 4168 πάθους,

61 4211 66 4244 ι
98 4183 126 4241 δὲ
140 4182 170 4241 τὸ
183 4179 273 4244 πάθος.
295 4168 362 4238 Εἶτά
379 4199 424 4255 μοι
439 4175 533 4235 σκόπει
546 4173 608 4250 περί
622 4172 670 4245 τὴν
685 4180 730 4233 τοῦ

61 4287 96 4323 συ
120 4265 136 4338 β
156 4266 217 4319 ”etv
240 4256 346 4328 ἐντολὴν
362 4259 431 4316 Θεοῦ
448 4253 541 4325 καινὴν
555 4254 601 4313 καί
614 4253 731 4336 παράδο-

82 4344 180 4404 ἐσθιειν
195 4337 257 4415 ὠμὰ
270 4337 305 4396 τδι
317 4341 362 4397 τοῦ
373 4334 506 4415 προάάτου
521 4332 596 4413 κρέα.
618 4333 667 4401 Τίς
678 4333 713 4410 γά

61 4397 73 4481 λ
100 4419 192 4500 φάγοις
216 4418 306 4477 Ἔστω
322 4416 422 4554 λέγειν,
439 4413 613 4512 μηδίγίρθὸγ,
633 4411 677 4511 ivo
691 4359 733 4490 uh

61 4523 145 4560 ωσινΙ
161 4496 358 4577 ἐπειγόμενοςγ
379 4519 393 4576 ρ
408 4500 534 4570 ὁκαιρος.
558 4495 594 4551 Τι
616 4514 646 4550 το
682 4491 729 4566 nti

61 4579 137 4650 ἀλλ’,
154 4576 244 4636 Ὀπτὰ
257 4576 338 4678 πυρί,
364 4573 456 4639 Οὐδείς
470 4571 521 4653 γὰρ
533 4571 630 4631 κωλύει
645 4517 683 4631 rh

62 4683 108 4719 ον.
125 4657 202 4717 Ἀλλὰ
214 4652 427 4755 σημαινεταιΙδιδι
437 4657 489 4711 τῶν
499 4650 597 4754 τύιγωγ,
609 4653 644 4716 ὡς
655 4651 730 4731 ἔφην,

61 4729 730 4897 sinisteritatissisteret

67 4902 105 4967 τῆ
124 4903 169 4955 τοῦ
191 4894 247 4974 βίου
261 4892 376 4974 ῥαθυμίᾳ
390 4892 420 4950 τὸ
432 4890 540 4970 στερρὸν
554 4893 601 4960 τῆς
614 4890 738 4957 πίστεως.

69 4964 222 5036 *ε’πιτελῶν
243 4976 269 5033 ἐν
284 4956 414 5050 Ιπνεύματι
430 4973 519 5052 θερμῷ
532 4992 562 5028 τε
578 4968 623 5027 καί
635 4968 728 5038 ζέοντι.

61 5171 167 5237 uaedam
180 5170 297 5222 ridentur
309 5154 464 5221 intercidisse
477 5163 545 5219 velut
563 5173 634 5227 ὀπτὴν
645 5169 678 5230 u,
691 5167 725 5231 θ]

787 3477 850 3534 quia
872 3476 901 3514 ιιι
914 3457 969 3514 fine
991 3458 1082 3516 saeculi
1098 3481 1160 3518 cum
1175 3461 1249 3520 omni
1263 3484 1400 3545 synagoga
1424 3488 1533 3528 consen·

787 3556 846 3593 sum
868 3534 986 3615 praebuit
1007 3538 1089 3597 lsrail
1110 3552 1202 3598 contra
1222 3543 1371 3604 Christum.
1391 3546 1434 3605 Ab
1455 3547 1533 3608 initio

789 3614 888 3674 Christi
902 3614 1265 3698 immolatio'intelligcbatur
1276 3644 1380 3705 semper
1393 3626 1421 3684 in
1431 3628 1533 3707 passio-

787 3694 868 3753 nibus
882 3695 1018 3774 justorum
1037 3698 1073 3756 ab
1095 3699 1178 3757 Abele
1197 3700 1289 3779 justo,
1311 3704 1384 3762 etin
1406 3707 1533 3767 omnibus

789 3774 915 3833 Christus
934 3789 990 3833 erat
1004 3777 1050 3853 qui
1049 3777 1234 3912 dpatiebatur,
1255 3797 1470 3842 consummatum
1484 3807 1532 3843 au-

788 3866 840 3911 tem
855 3852 885 3911 id
897 3853 959 3927 suit,
975 3875 1046 3932 quan
1068 3876 1083 3912 ο
1105 3857 1262 3934 praesensio
1283 3861 1369 3940 seipso
1383 3883 1478 3941 passus
1492 3880 1532 3924 est
1628 3867 1635 3879 “

787 3932 897 4005 divinus
911 3952 1003 4010 agnus.
1020 3933 1162 4012 Etiamque
1177 3936 1297 3996 e'usdcm
1317 3942 1415 3999 mensis
1427 3942 1532 4003 decima

787 4025 884 4088 quarta
896 4031 992 4092 passus
1005 4025 1061 4088 est,
1074 4026 1100 4070 ct
1114 3958 1228 4075 tradidit
1251 4017 1375 4097 spiritum
1388 4019 1425 4079 ad
1438 4042 1530 4102 vespe

787 4111 854 4149 ram.
866 4093 905 4148 Ac
915 4089 1064 4150 secuudum
1076 4092 1145 4152 hanc
1156 4095 1272 4174 figuram
1287 4096 1449 4177 dispositum
1463 4116 1531 4174 erat,

787 4183 817 4227 ut
831 4192 846 4228 a
859 4168 964 4227 decima
979 4168 1024 4228 dic
1037 4192 1122 4250 agnus
1144 4172 1179 4231 ad
1200 4175 1363 4235 sacrificium
1379 4200 1530 4240 assumere-

787 4263 842 4326 tur,
856 4263 882 4308 ct
902 4248 1086 4310 immolaretur
1104 4250 1207 4312 decima
1222 4269 1317 4332 quarta
1332 4256 1377 4315 die
1390 4257 1427 4316 ad
1438 4281 1531 4340 vespe·

786 4349 862 4405 ram,
875 4328 938 4408 quia
952 4351 967 4386 a
982 4330 1115 4411 principio
1132 4333 1264 4412 passionis
1283 4336 1425 4396 consilium
1446 4353 1531 4399 statu·
1593 4384 1597 4402 .

786 4423 843 4468 tum
861 4410 957 4473 inierat.
974 4409 1065 4468 infinc
1079 4431 1143 4469 vero
1164 4413 1223 4492 ipsa
1239 4414 1327 4504 passio
1349 4416 1410 4475 fuit.
1427 4419 1532 4479 Deinde

785 4489 853 4547 mihi
873 4487 1191 4570 considera‘praeceptum
1203 4493 1252 4551 Der
1275 4494 1346 4553 circa
1365 4498 1427 4574 agni
1441 4519 1532 4559 comc-

690 4571 728 4650 μὴ
748 4577 766 4625 C
785 4569 913 4643 stionem,
936 4589 1017 4658 quam
1039 4591 1141 4628 novum
1162 4585 1187 4629 et
1208 4573 1371 4653 stupendum
1391 4577 1443 4635 sit:
1469 4580 1530 4638 Non

785 4646 908 4707 comedes
921 4667 984 4726 agni
1007 4668 1099 4706 carnes
1119 4648 1224 4709 ertidas.
1240 4653 1310 4725 Quis
1330 4654 1403 4714 enim
1422 4678 1530 4718 carnem

785 4727 897 4788 crudam
908 4726 1050 4785 comedat?
1066 4727 1146 4804 Esto,
1157 4728 1261 4788 dictum
1274 4732 1320 4810 sit,
1340 4755 1393 4793 non
1409 4752 1528 4809 coctam,

784 4829 818 4866 ne
828 4827 918 4866 moras
932 4807 1068 4865 traherent
1086 4830 1093 4863 :
1109 4829 1171 4867 nam
1187 4823 1293 4892 tempus
1314 4815 1427 4892 urgebat
1435 4839 1445 4893 γ
1460 4817 1529 4894 quid

785 4901 823 4947 cst
837 4900 927 4945 autem
948 4886 1019 4945 illud
1029 4931 1038 4961 ,
1052 4908 1106 4945 non
1121 4887 1257 4967 crudum,
1275 4891 1322 4951 scd
1337 4895 1429 4953 Cocta
1443 4899 1454 4952 ἱ
1474 4900 1529 4953 ni?
1588 4967 1590 4972 γ

785 4968 870 5026 Νοιιιο
883 4965 954 5025 enim
967 4969 1039 5028 vetat
1053 4966 1081 5026 id
1096 4968 1169 5045 quod
1189 4991 1336 5049 numquam
1356 4973 1398 5032 iit.
1412 4917 1482 5051 sei,
1499 4988 1530 5034 ut
