3750 5940
55 484 75 504 ..
97 450 198 503 cxvi.
225 428 274 503 el.
303 450 384 502 cxv.
490 393 493 398 ⁵
776 424 846 525 457

101 577 184 658 gotio,
197 591 225 638 et
250 576 405 638 liberatica
422 573 551 658 motans,
568 573 693 634 Christus
711 593 777 635 vero
794 594 848 635 non

101 670 222 755 peecavit
238 694 245 729 ι
260 692 310 731 cur
325 667 490 731 resurrexit?
499 666 692 749 quomodonos
707 664 848 728 amaledi·

102 764 188 824 ctione
200 762 308 822 liberati
326 782 430 840 sumus,
447 761 471 821 si
486 760 544 843 ipse
554 759 697 843 peccavit?
711 758 848 839 quomodo

66 855 169 915 edicit
180 901 189 932 ,
202 858 289 915 Venit
308 859 443 937 princeps
462 857 550 937 hujus
572 854 685 931 mundi,
704 856 781 913 etin
801 872 876 929 πω),

102 950 260 1008 nonhabet
277 950 459 1030 quidquam?
472 949 542 1009 Nam
561 945 613 1006 lroc
635 944 876 1027 imponentium-e

101 1054 155 1100 tem
162 1041 221 1121 ejus
235 1039 378 1120 siguificat.
393 1040 482 1120 igitur
491 1038 638 1099 seeundum
649 1037 722 1114 illos,
733 1051 782 1098 aut
793 1058 847 1097 non

101 1136 229 1211 surrexit,
254 1135 299 1195 vel
319 1147 349 1194 ut
373 1147 534 1214 resurgeret,
552 1146 614 1193 ente
626 1130 848 1192 resurrectionem

100 1227 230 1307 peocuvit.
244 1226 334 1288 Sedet
346 1227 505 1302 resurrexit,
517 1239 544 1286 et
554 1238 694 1308 peecatum
706 1243 760 1285 non
771 1222 845 1285 iecit.

101 1319 175 1399 Ergo
185 1320 344 1397 resurrexit3
357 1319 450 1380 etham
463 1340 548 1401 prava
558 1317 681 1378 doctrine
692 1316 763 1377 niltil
770 1316 849 1377 eliud

100 1424 139 1470 est
154 1432 236 1490 quant
249 1411 336 1471 inanis
347 1411 440 1491 gloriae
451 1411 549 1494 proles.
559 1408 848 1490 Hunc-ergomorbum

100 1502 247 1583 fugiamus.
261 1505 331 1563 Nam
343 1505 540 1585 Corrumpunt
551 1506 642 1563 bonos
651 1522 746 1563 mores
756 1502 847 1563 eollo·
860 1539 870 1573 1

100 1603 173 1681 quio
183 1620 286 1681 prava.
297 1600 358 1660 Non
369 1613 432 1660 sunt
440 1600 497 1660 lnaec
510 1598 696 1681 apostolorum
707 1591 872 1687 gloguam)

65 1704 85 1752 ῐ)
100 1692 222 1752 Marcion
231 1705 258 1752 et
269 1692 430 1756 Valentinus
443 1692 502 1752 lnaec
513 1693 685 1752 innovarunt.
698 1691 848 1773 Fugiemus
858 1725 875 1759 ,ι

100 1804 174 1863 ergo,
191 1780 291 1843 dilecti.
310 1784 386 1843 Nihil
397 1783 506 1865 prodest
522 1783 579 1844 vite
592 1783 672 1861 bonu,
686 1804 749 1843 oum
762 1802 846 1865 prere
857 1793 875 1822 ¹¹¹

99 1878 220 1938 doctrina
238 1902 245 1936 :
265 1892 295 1938 ut
312 1879 433 1940 vicissim
456 1878 525 1938 nihil
546 1898 610 1938 sane
629 1877 762 1956 docmina,
783 1899 847 1938 curn

100 1971 157 2031 vita
171 1986 307 2054 corrupta.
322 1972 386 2031 Huc
405 1971 519 2052 gentiles
538 1984 699 2053 pepererunt
709 1993 718 2029 t
728 1969 789 2031 bec
804 1968 847 2029 illi

101 2078 235 2124 attxerunt
245 2064 281 2124 ab
293 2064 412 2125 externis
422 2076 530 2145 accepte
540 2060 719 2146 philosophis,
728 2074 755 2122 et
764 2075 847 2122 mate·

101 2156 170 2215 riam
184 2178 237 2216 non
248 2158 346 2217 lacum
355 2169 382 2216 et
395 2155 480 2215 multa
493 2153 681 2236 hujuscemodi
690 2166 846 2215 statuentes.

102 2251 141 2308 Ut
154 2271 218 2329 orgo
227 2248 355 2310 dixerunt
369 2271 423 2309 non
436 2269 493 2309 esse
505 2260 652 2308 creatorem
662 2245 721 2307 sine
733 2245 847 2307 materis

101 2362 154 2401 non
167 2343 236 2402 lacta
249 2366 256 2399 z
268 2342 308 2402 sic
320 2356 347 2402 et
359 2341 581 2401 resurrectionem
590 2351 731 2419 negantut.
741 2340 849 2403 Verum

101 2434 182 2494 neiis
208 2434 387 2514 attendemus,
401 2456 463 2495 cum
478 2434 636 2494 immensum
660 2430 712 2493 Dei
728 2444 848 2517 poteste-

100 2540 155 2586 tcm
167 2549 308 2588 noscamus
322 2551 329 2586 ι
344 2549 378 2588 ne
394 2525 573 2587 attendamus.
588 2524 678 2588 Vobis
692 2524 751 2587 leuc
771 2523 846 2587 (lieo.

101 2623 235 2683 Nosenim
245 2623 375 2684 adversus
386 2623 447 2684 illos
457 2642 640 2705 pugnarenon
650 2619 847 2683 notabimus.

101 2715 155 2775 Sed
168 2717 279 2776 inermis
298 2730 324 2776 et
336 2715 435 2793 nudus,
452 2715 501 2774 etsi
524 2714 552 2774 in
564 2713 728 2775 infirmiores
740 2711 848 2775 incide-

65 2821 84 2869 Ε
100 2809 145 2884 rit,
155 2809 218 2868 licet
233 2808 338 2884 sortior,
353 2808 432 2868 facile
447 2807 577 2889 capietur.
596 2804 703 2867 Namsi
724 2804 849 2891 Scriptu-

99 2903 138 2961 ris
151 2901 334 2980 attenderetis,
347 2914 373 2961 et
385 2922 432 2962 vos
445 2900 566 2981 quotidie
583 2898 620 2959 ed
630 2919 748 2981 pugnarn
760 2919 846 2980 eppa·

100 2996 264 3073 raretis,non
279 3009 374 3055 auctor
383 2993 462 3055 vobis
476 3014 561 3054 essem
571 3006 602 3053 ut
617 3012 737 3075 pugnam
750 2991 847 3052 adver-

100 3109 146 3148 sus
154 3089 214 3148 illos
222 3087 355 3164 vitaretis,
364 3085 411 3147 scd
420 3107 531 3146 manum
544 3082 847 3146 consereresuaderem:

101 3202 162 3239 naut
176 3179 253 3239 fortis
264 3193 303 3239 est
318 3178 426 3239 veritas.
451 3177 524 3252 Quia
547 3198 613 3238 vero
633 3175 787 3259 Scripturis
806 3175 848 3236 uti

100 3272 218 3346 nescitis,
238 3291 413 3352 congressum
434 3270 527 3345 timeo,
544 3290 578 3329 ne
604 3269 720 3329 inermes
742 3288 792 3330 vos
806 3266 848 3328 tlli

98 3378 277 3446 prosternant.
292 3363 368 3424 Nihil
383 3362 466 3439 enim,
487 3361 558 3423 nihil
575 3361 669 3442 utique
683 3359 849 3421 imbecillius

55 3458 133 3554 miis
143 3459 190 3538 qui
204 3458 322 3540 Spiritus
334 3457 438 3517 auxilio
451 3469 514 3516 sunt
527 3453 660 3516 destituti.
676 3453 758 3528 Quod
768 3453 791 3515 si
800 3476 849 3517 ex·

65 3568 85 3614 Α
99 3552 195 3611 teriorc
207 3565 317 3610 utantur
330 3549 470 3631 sapientia,
491 3546 647 3608 mirandum
661 3567 714 3606 non
729 3559 778 3622 ost,
801 3544 848 3606 sed

98 3644 188 3724 potius
198 3643 342 3703 ridendum
361 3641 434 3722 quod
445 3641 536 3701 stultis
556 3654 666 3700 utantur
679 3639 847 3699 doctoribus.

99 3738 191 3815 Neque
201 3737 273 3794 enim
284 3737 328 3797 vel
347 3735 382 3795 de
393 3737 461 3809 Deo,
474 3733 519 3794 vel
533 3731 567 3792 de
584 3745 705 3791 creatura
722 3729 790 3811 quid
804 3753 848 3791 sa-

100 3849 166 3888 num
180 3829 220 3888 illi
234 3828 354 3888 invenire
368 3839 529 3908 potuerunt,
545 3823 592 3885 sed
602 3847 633 3883 ea
644 3844 704 3904 quae
713 3822 788 3905 apud
798 3844 846 3883 nos

101 3922 185 3983 vidua
208 3921 291 3994 novit,
307 3920 476 4002 Pythagoras
499 3938 609 4000 prorsus
628 3914 773 3996 ignoravit.
792 3914 846 3975 sed

100 4014 195 4073 dicunt
220 4014 337 4072 animam
360 4011 493 4085 fruticem,
517 4010 628 4090 piscem,
655 4028 749 4067 canem
773 4007 844 4067 fieri.

102 4107 196 4179 Hisne,
210 4127 311 4184 queso,
320 4103 460 4164 attendas?
479 4116 505 4161 et
530 4123 583 4181 qua
604 4100 726 4160 ratione?
751 4097 873 4180 Magni¹¹

101 4216 163 4261 sunt
177 4201 217 4260 illi
231 4201 258 4259 iu
272 4200 345 4273 vico,
360 4198 497 4257 cincinnos
506 4194 635 4277 pulchros
650 4193 741 4270 alunt,
754 4192 848 4275 palliis

101 4294 264 4353 induuntur:
276 4290 404 4350 hactenus
419 4287 548 4370 pertingit
560 4306 654 4346 eorum
665 4284 846 4369 philosophie.

66 4379 84 4425 Β
101 4387 130 4446 Si
144 4386 214 4444 intus
230 4382 365 4463 respicias,
380 4381 457 4454 cinis,
470 4378 571 4460 pulvis,
595 4376 663 4438 nihil
684 4398 781 4439 sanum
797 4391 846 4455 est,

101 4479 147 4539 sod
160 4477 330 4558 Sepulcrum
342 4486 447 4555 patens
461 4485 505 4532 est
513 4484 616 4552 gratur
624 4492 724 4531 eorum
729 4497 742 4545 ‚·
757 4470 846 4531 omnia
857 4505 872 4550 ι

102 4570 272 4633 immunditie
285 4583 310 4628 et
322 4568 395 4628 sanie
404 4567 491 4648 plena,
504 4578 530 4625 et
540 4587 633 4627 eorum
644 4565 772 4647 dogumtu
786 4587 847 4627 ver·

102 4667 192 4727 miluus
206 4675 317 4722 scatent.
336 4660 445 4721 Primus
466 4680 559 4719 eorum
582 4680 682 4739 equum
701 4656 775 4718 dixit
791 4678 848 4719 esse

103 4757 197 4830 deum,
212 4752 260 4831 qui
275 4763 405 4829 sequutus
418 4759 470 4825 est,
487 4745 591 4827 ignem3
607 4747 688 4825 alius,
708 4768 810 4823 nerem3
822 4758 848 4805 et

103 4869 195 4912 omnes
203 4844 239 4904 ad
254 4863 366 4924 corpore
382 4839 466 4900 delati
495 4853 565 4899 sunt.
583 4838 681 4915 Hosne,
691 4837 849 4919 presumi-

119 5068 129 5091 ⁶
141 5051 183 5102 Sic
194 5051 255 5099 tou.
266 5042 335 5097 Editi
348 5060 407 5096 teto
421 5041 486 5093 mule
495 5041 549 5110 μεθ’
560 5045 665 5100 Morus.

120 5147 129 5168 ¹
140 5125 218 5179 Suvil.
229 5135 264 5181 ὅτι
281 5133 366 5190 θάμνος
377 5131 423 5176 καὶ.

121 5210 133 5234 “
146 5209 258 5260 Jiistinus
269 5207 368 5274 Mertyr
384 5205 409 5254 iu
429 5202 582 5252 Peroenetico
600 5197 635 5249 ed
651 5197 754 5250 Grecos
773 5194 850 5263 paulo

90 5300 147 5357 post
165 5285 265 5339 initium
283 5283 316 5336 dc
336 5299 418 5334 terrun
435 5281 548 5332 omnium
569 5274 693 5344 principio
711 5272 848 5330 secuudum
