3750 5940
53 427 78 477 t.
106 425 213 479 mvn.
233 403 282 479 al.
309 427 403 481 axvi.
784 405 858 508 459

53 586 62 599 ·
111 549 203 612 dicate
220 553 376 631 (hriomot
391 555 525 613 onim
540 571 637 626 amru,
650 552 753 635 perdet
771 574 858 631 eom,·

53 670 63 707 ι
111 649 201 726 etqui
211 646 273 705 odit
286 649 419 705 animum
444 666 530 706 suoru
552 649 585 705 in
602 646 658 706 ltoo
682 646 802 721 mundo,
823 649 859 707 ira

53 746 94 799 ic
111 741 208 795 uitam
221 749 363 797 aurnum
376 738 504 799 custodit
513 757 590 798 root.
608 738 665 816 Qui
679 738 754 797 milii
768 740 856 797 mini-

54 865 58 879 ·
110 844 196 904 strat,
214 852 260 891 mo
282 845 444 914 sopiretur:
459 844 488 891 et
511 833 562 891 ulii
577 850 630 913 ego
653 851 730 904 stim,
748 831 813 892 illio
825 843 856 893 et

54 933 60 984 l
110 928 243 984 minister
252 945 332 985 meus
344 928 410 985 erit.
424 923 488 984 llaec
498 923 636 1005 aenigmati
646 922 747 985 similia
759 922 855 985 viden·

54 1039 59 1075 ι
109 1030 163 1093 tur,
175 1038 260 1097 neque
273 1032 363 1078 tamen
373 1029 445 1093 sunt,
460 1016 699 1099 sedmaltaeplena
708 1015 855 1100 sapientia.

54 1143 59 1155 ·
110 1107 146 1167 Et
157 1108 293 1188 quomodo
309 1111 366 1189 Qui
390 1122 474 1169 amat
490 1113 624 1169 umatum
643 1130 739 1180 suum,
752 1108 879 1190 perdet(

54 1235 58 1247 ·
108 1208 196 1260 eom?
208 1202 264 1276 Qui
278 1200 405 1263 absurdis
414 1203 473 1283 ejus
482 1201 707 1285 cuncupiscentiis
716 1192 878 1283 obtemptu-‘¹

54 1319 57 1341 ι
108 1306 161 1372 rat,
172 1294 220 1374 qui
233 1294 386 1377 plusquam
399 1316 450 1377 par
469 1307 509 1354 est
529 1293 553 1354 ei
576 1293 707 1376 indulget
726 1292 791 1355 ldeu
803 1291 880 1355 ad·u

54 1431 58 1447 .
109 1402 198 1448 monet
207 1389 353 1470 quispiam,
362 1388 636 1461 Noliumbulorein
645 1366 880 1472 cupiditatibus}

55 1504 58 1531 ι
109 1484 217 1539 anim
236 1492 304 1540 tuoe.
327 1480 374 1540 Sic
392 1479 465 1539 enim
481 1479 558 1540 illam
578 1477 674 1562 perdet
688 1485 794 1555 (namn
808 1477 880 1541 viat

55 1598 59 1625 t
108 1569 145 1631 ad
158 1570 288 1631 virtutem
300 1584 395 1652 agente
407 1570 551 1648 abducit):
566 1585 598 1631 ut
607 1584 709 1646 uonna,
721 1572 780 1651 Qui
793 1571 857 1631 odit

55 1689 60 1734 ;
108 1683 175 1723 com
188 1667 220 1722 in
231 1665 287 1724 ltoc
310 1665 430 1736 mundo,
455 1666 585 1725 servabit
606 1684 683 1724 eom.
706 1660 782 1737 Quid
803 1674 856 1741 eat,

55 1783 58 1803 ·
113 1757 170 1835 Qui
180 1757 242 1816 odit
252 1763 338 1816 eum?
348 1756 455 1830 Quiilti
469 1756 618 1837 perniciosa
627 1754 735 1838 jubenti
746 1753 856 1815 resistit.

55 1885 58 1896 ·
74 1860 94 1909 u
110 1849 204 1927 Neque
213 1848 294 1923 dixit,
301 1848 356 1922 Qui
368 1869 421 1909 nun
432 1848 517 1908 credit
525 1848 561 1923 ei,
570 1847 630 1925 sod,
642 1850 699 1929 Qui
707 1848 770 1907 odit
780 1866 856 1907 eom.

55 1977 59 1988 ·
110 1939 347 2014 Quemadmodum
360 1939 433 2000 enim
446 1939 553 2001 odiosos
566 1961 615 2000 nec
623 1938 719 2000 audire
732 1938 857 2016 libenter,

56 2050 59 2084 i
110 2031 256 2091 necvidem
267 2030 371 2112 placide
380 2052 525 2113 pomumua
540 2031 599 2092 :aie
609 2045 636 2092 et
648 2030 779 2107 animam,
792 2050 857 2091 cum

56 2155 59 2184 ;
109 2124 241 2184 cunnaria
249 2125 300 2185 Dei
308 2123 443 2186 voluntati
455 2123 579 2206 precipit
598 2123 769 2187 vehementer
780 2142 858 2185 aver·

56 2245 58 2255 ·
109 2216 163 2275 sari
177 2229 291 2298 oportet.
310 2215 385 2292 Quia
394 2215 466 2276 enim
478 2216 537 2298 jam
546 2216 582 2277 de
594 2230 681 2277 morte
693 2215 858 2295 loquuturus

56 2340 60 2367 t
110 2320 149 2367 est
164 2307 235 2380 illia,
249 2307 284 2367 dc
295 2321 385 2368 morte
403 2306 508 2368 scilieet
528 2329 588 2383 aua,
598 2306 783 2390 praevidetque
794 2304 858 2367 illut

56 2429 60 2461 ·.
110 2399 137 2460 in
153 2399 307 2461 mestitiam
318 2399 475 2483 delapsurus
487 2421 554 2472 ease,
564 2421 620 2461 rem
631 2397 786 2461 sublimiori
798 2418 858 2459 mo·

56 2521 60 2562 t
109 2492 145 2552 du
159 2506 272 2553 tractat:
284 2492 359 2566 Quid
369 2492 599 2571 diou,aimortem
610 2514 699 2555 meam
712 2513 767 2555 non
779 2491 858 2553 forti-

57 2624 59 2634 ·
109 2597 150 2645 ter
164 2585 274 2645 leuatis?
287 2584 346 2646 Nisi
366 2607 415 2646 vua
436 2585 489 2668 ipsi
510 2584 674 2663 moriamini,
696 2583 860 2647 nihilvubio

57 2713 59 2732 .
109 2677 178 2737 lucri
192 2678 333 2760 supererit.
354 2677 391 2738 Et
410 2676 474 2738 vide
494 2676 630 2757 quomodo
649 2676 860 2739 cumulationem

57 2800 59 2808 ι
109 2773 226 2832 sermoni
238 2771 379 2833 admiscet.
389 2770 479 2835 Valde
489 2771 591 2832 durum
604 2784 631 2831 et
641 2770 785 2832 molestum
801 2780 859 2833 erat

109 2863 215 2941 audire,
231 2863 368 2924 bominem
378 2863 474 2924 animae
485 2885 540 2924 oua
559 2863 775 2932 amatissimum
788 2864 858 2925 mori

74 2971 92 3018 tt
110 2972 239 3037 oportere.
252 2956 360 3036 Ecquid
375 2971 466 3017 vetera
478 2978 641 3031 recenseam,
658 2955 766 3037 quando
786 2978 859 3018 nunu

110 3048 190 3107 ctiam
204 3049 303 3109 multus
317 3048 486 3110 inveniemus
495 3049 542 3129 qui
556 3048 670 3108 libenter
690 3047 782 3108 omnia
790 3048 858 3109 tole·

109 3154 177 3217 rent,
190 3154 219 3199 ut
233 3141 284 3201 hac
298 3142 353 3202 vita
361 3142 495 3218 leniantur,
506 3141 612 3202 etiamsi
625 3141 719 3201 futura
728 3140 857 3202 caedant?

109 3234 155 3312 qui
171 3256 233 3294 cum
247 3235 340 3295 uident
354 3233 479 3309 aedilicia,
501 3232 619 3316 opificia,
637 3230 789 3311 machinae,
816 3232 857 3295 la·

110 3341 262 3408 crymantes
273 3326 335 3387 talia
342 3325 437 3386 dieunt
448 3350 455 3384 ε
465 3328 574 3402 Quanta
580 3325 752 3387 machinatur
761 3325 856 3405 humo,

110 3433 136 3478 et
145 3419 238 3500 pulvis
246 3418 384 3479 efficitur?
395 3419 436 3479 lta
443 3438 541 3500 magna
549 3432 589 3480 est
596 3417 710 3501 hujusce
722 3416 786 3479 vita
795 3438 859 3479 con·

110 3513 282 3594 cupiscentia.
298 3513 362 3573 llaec
376 3513 465 3594 itaque
482 3513 590 3575 vinmda
610 3512 717 3575 aulvena
732 3512 859 3573 Christus

109 3605 146 3663 ait
166 3628 172 3662 ε
190 3607 248 3683 Qui
262 3607 324 3666 odit
338 3610 471 3667 uminum
481 3626 567 3666 suom
578 3609 611 3665 iu
619 3608 675 3666 ltoc
694 3607 813 3680 mundo,
826 3608 859 3665 ira

63 3751 97 3792 m
109 3702 207 3757 vitam
218 3712 358 3759 oeternom
371 3701 515 3760 custodiet
529 3721 605 3760 eom.
626 3698 708 3774 Quod
720 3714 811 3760 autem
827 3713 859 3760 ut

72 3813 92 3860 Α
108 3789 170 3849 illos
180 3805 309 3869 moneret,
322 3805 348 3851 et
357 3805 460 3851 metum
475 3813 568 3851 eorum
578 3791 767 3869 solveret,hac
780 3789 858 3852 dixe·

107 3882 153 3956 rit,
165 3883 230 3941 audi
240 3905 275 3942 ex
286 3883 457 3962 sequentibus
469 3907 476 3940 s
487 3885 536 3944 26.
548 3886 606 3962 Qui
614 3885 686 3943 milti
695 3886 855 3956 ministrat,

108 3997 154 4034 me
167 3989 325 4056 sequutum
338 3974 371 4035 de
390 3989 476 4035 morte
489 3976 612 4056 loquens,
625 3988 651 4034 et
666 3986 696 4033 ut
711 3995 761 4056 per
775 3994 857 4055 opera

107 4066 198 4147 ipsum
208 4081 355 4146 sequantur
370 4067 490 4147 exigens.
507 4066 632 4127 Minister
648 4064 720 4126 enim
735 4086 798 4126 eum
811 4064 856 4125 cui

107 4159 439 4239 ministratsequiumniuo
447 4157 536 4218 debet.
543 4158 579 4218 Et
588 4152 855 4238 consideraquando·

108 4274 170 4312 nam
182 4253 239 4312 hac
254 4252 401 4332 loquatur:
416 4273 470 4311 nun
487 4272 550 4311 cum
561 4250 796 4333 persequutionem
803 4272 855 4333 pa·

107 4345 254 4418 uellantur,
272 4343 320 4404 sod
334 4365 396 4402 cum
410 4344 437 4402 in
448 4342 549 4403 fiducia
563 4342 698 4424 degebant
711 4355 738 4403 et
752 4341 782 4403 iu
794 4354 854 4405 tutu

106 4460 162 4497 esse
171 4438 335 4521 putabant,a
349 4436 442 4496 multis
456 4435 580 4496 honorati
591 4448 618 4496 et
632 4434 784 4514 culti3cum
797 4454 854 4495 aeae

106 4530 208 4609 erigere
227 4520 350 4610 poteraut
374 4541 401 4588 et
424 4526 540 4588 audire:
557 4530 599 4589 Et
621 4527 709 4588 tollat
735 4548 851 4588 crucem
861 4554 885 4600 u

105 4645 203 4696 suom,
220 4636 248 4682 ct
261 4635 402 4703 sequatur
413 4643 479 4680 me:
496 4620 526 4680 id
546 4634 595 4697 est,
610 4623 725 4682 Paratus
747 4620 886 4703 semper¹l

105 4730 161 4776 estu
176 4714 211 4775 ad
225 4714 355 4796 pericula,
369 4713 404 4773 ad
419 4727 542 4790 mortem,
563 4713 600 4773 ad
618 4710 794 4792 migrandum
816 4732 851 4772 ex

105 4809 156 4868 hac
167 4809 233 4868 vita.
247 4806 353 4867 Deinde
373 4828 436 4867 cum
449 4806 543 4888 gravia
555 4820 582 4867 et
603 4805 713 4866 molesta
727 4802 851 4883 dixisset,

68 4903 246 4985 Bpraemium
261 4900 350 4961 addit.
375 4900 523 4975 Quodnam
545 4900 635 4961 illud?
655 4898 738 4974 Quod
760 4898 851 4980 ipsum

103 4991 323 5076 sequatur,quud
335 4993 371 5055 ait
384 5015 439 5055 una
461 5015 552 5054 secum
568 5017 575 5052 ι
591 4992 732 5054 ostendens
744 4994 802 5056 lore
820 5009 850 5056 ut

90 5191 181 5259 placet.
190 5191 200 5256 ]
