3750 5940
51 442 94 491 m.
124 440 218 491 miv.
246 416 293 489 ol.
323 441 414 491 mitt.
784 418 857 521 439

51 599 56 628 ι
109 568 162 633 dit:
177 573 224 633 Ne
236 572 472 633 scandalizemus
483 592 543 645 eos,
563 574 675 655 projice
688 570 811 632 hamum
824 576 858 633 ia
866 588 953 637 ttatm.
971 601 1006 652 ¹⁷·

51 701 56 712 ·
109 687 201 725 mare.
213 663 295 739 Quod
305 666 385 725 etiam
399 665 447 724 hic
456 664 529 725 iacit.
540 667 610 724 Nam
622 677 766 746 postquam
778 663 856 727 dixe·
867 650 907 699 ²⁶·

51 784 56 835 ι
108 770 161 831 rot,
177 759 243 839 Ego
253 761 379 818 sciebam
394 762 466 841 quia
479 777 592 838 semper
603 778 650 816 mc
659 758 745 817 audes
755 782 768 828 ;
778 756 857 819 eddi-

52 876 56 905 t
108 848 159 927 dit,
176 852 235 911 Sed
244 863 363 932 propter
376 853 492 910 turbam
511 855 749 910 circumstantem
769 850 834 911 disi
843 896 855 925 ,

52 968 57 999 ι
110 955 143 1002 ut
157 944 289 1004 credant.
304 947 347 1003 An
357 955 447 1003 nostro
457 942 515 1003 haec
526 941 609 1003 sunt?
619 963 654 1001 an
668 941 786 1026 humana
793 964 857 1005 oon·

52 1062 58 1096 t
104 1035 231 1116 jectum?
246 1037 317 1096 Cum
331 1056 395 1117 ergo
408 1036 470 1115 quis
483 1057 518 1095 ex
530 1035 639 1117 scriptis
657 1055 686 1095 sc
702 1035 858 1117 persuaderi

52 1154 57 1183 ι
108 1148 162 1186 non
180 1126 294 1209 patitur,
306 1125 380 1207 quod
397 1126 448 1209 ipsi
469 1126 504 1191 dc
518 1126 726 1188 sublimioribus
740 1127 858 1190 offende-

52 1271 56 1295 ‚
109 1232 212 1293 rentur,
226 1219 249 1278 is
268 1219 380 1279 audiens
396 1220 536 1280 Christum
547 1218 680 1279 dicentem
693 1241 722 1279 se
731 1218 792 1281 idco
805 1221 857 1281 hu·

52 1323 56 1373 i
109 1310 185 1371 milio
199 1311 275 1391 loqui
292 1333 326 1371 oe
339 1310 563 1390 scandalizentur,
575 1310 712 1391 quomodo
725 1312 857 1395 suspicari

52 1433 56 1468 ς
109 1403 207 1483 poterit
220 1402 299 1462 illum
316 1425 351 1464 ex
369 1417 464 1463 notum
481 1403 520 1462 rei
535 1401 624 1482 loqui,
637 1416 664 1463 et
681 1424 734 1463 noo
753 1404 857 1487 perin-

52 1531 56 1564 ;
107 1495 276 1577 dulgentiam
297 1496 462 1577 quamdam?
475 1497 522 1559 stc
536 1510 561 1557 et
571 1495 638 1557 alibi
659 1518 725 1557 voce
742 1520 857 1581 superne

52 1607 91 1663 ’,ὓ
108 1591 196 1652 delam
215 1590 304 1651 dicit:
321 1594 389 1652 Noa
404 1606 522 1674 propter
539 1614 585 1653 me
605 1594 668 1652 ltoec
687 1614 749 1653 vox
762 1595 937 1676 jactatam.
959 1618 997 1654 n.

52 1727 54 1733 -
109 1698 162 1759 est,
174 1688 226 1745 scd
238 1699 357 1767 propter
366 1707 431 1746 uos.
444 1687 524 1766 Atqui
538 1706 637 1766 magno
650 1684 712 1746 lieet
725 1688 811 1747 multu
822 1665 906 1749 de³⁰·
970 1710 975 1716 ·

52 1832 56 1842 .
109 1802 137 1839 se
148 1779 287 1841 humiliter
296 1778 461 1863 predicere3
476 1779 524 1840 vili
547 1794 637 1839 autem
651 1780 790 1862 etubjecto
802 1802 856 1841 non

52 1910 55 1918 ·
109 1872 172 1932 licet
194 1894 323 1954 magnum
341 1872 482 1955 quidpiam
498 1886 524 1932 et
537 1872 654 1934 sublime
671 1873 706 1933 dc
717 1896 747 1934 se
758 1872 856 1935 diceet.

52 1973 55 2017 i
110 1964 181 2024 Illud
196 1988 230 2025 ex
245 1965 464 2047 attemperatione
474 1964 592 2045 quadum
603 1964 646 2040 lit,
656 1979 687 2025 ut
697 1964 733 2025 ad
745 1964 857 2027 audien-

109 2056 178 2116 tium
193 2057 406 2118 imbecillitatem
426 2055 644 2118 accommodetur
653 2102 663 2136 ,
680 2056 736 2119 imo
750 2060 857 2141 magis,

52 2180 56 2201 ·
112 2165 140 2209 nt
158 2151 338 2211 humilitatem
358 2151 398 2210 illi
422 2164 581 2227 exerceant,
601 2164 628 2211 et
647 2172 711 2212 vere
730 2151 858 2213 indutum

53 2285 56 2298 ,
109 2265 187 2305 corne
207 2266 264 2304 esse
283 2245 387 2323 seiant3
404 2244 521 2324 itemque
536 2258 566 2304 ut
586 2243 681 2305 docent
699 2246 856 2326 audium,

53 2383 55 2393 ,
109 2357 256 2415 numquam
270 2357 398 2417 magnum
412 2335 554 2418 quidpiam
563 2334 858 2415 deseloqueodumeo
902 2394 912 2407 ,

53 2454 55 2485 ;
108 2453 153 2506 se;
172 2444 231 2490 tum
245 2452 276 2490 eo
296 2429 441 2512 quod'ipse
459 2443 600 2513 putaretur
613 2431 672 2490 Deo
686 2428 858 2491 adversarius

71 2540 89 2586 E
107 2545 174 2597 esse,
189 2537 215 2582 et
227 2520 301 2603 quod
316 2544 369 2582 uon
384 2521 537 2583 croleretur
548 2544 565 2581 a
578 2523 636 2582 Deo
655 2521 757 2600 venire,
771 2523 857 2603 quod·

53 2645 54 2656 ι
108 2637 161 2695 que
171 2615 371 2697 suspicarentur
385 2615 476 2697 ipsum
495 2614 598 2674 solvere
611 2613 709 2695 legem,
720 2614 793 2695 quod
803 2639 857 2678 au-

106 2707 206 2767 ditores
220 2709 270 2789 ipsi
284 2708 455 2786 inviderent,
470 2707 615 2790 ipsumque
631 2706 695 2766 odio
708 2706 856 2788 hebetent,

107 2800 170 2881 quia
186 2823 214 2860 se
230 2801 337 2861 dicebat
351 2800 481 2881 aeqnalem
495 2802 562 2860 Deo.
577 2799 658 2871 Quod
668 2813 759 2861 autem
772 2800 796 2862 is
808 2804 856 2883 qui

107 2894 170 2953 vilis
181 2894 353 2975 abjectusque
363 2907 414 2966 est,
426 2892 554 2953 sublimia
562 2891 597 2951 do
606 2913 635 2951 se
647 2892 781 2972 loquutur,
792 2896 856 2957 nul-

60 3041 97 3080 ω
107 2984 133 3044 le
150 3000 301 3067 potestesse
316 2998 490 3046 consentanea
506 3006 597 3060 causa,
613 2988 661 3044 scd
676 2984 705 3044 id
714 2986 802 3047 solum
813 3009 857 3049 ar·

69 3101 86 3143 Λ
107 3082 234 3161 rogantia·
248 3096 273 3142 et
288 3082 462 3164 impudentiae
480 3079 662 3159 adscribatur,
683 3081 857 3165 undecimque

106 3174 180 3232 nulla
195 3176 272 3234 venio
285 3174 384 3255 dignm.
397 3176 454 3233 Cur
466 3194 530 3254 ergo
543 3172 658 3234 humilia
669 3174 854 3259 loquitur,qui

106 3266 251 3327 ineffabilis
270 3267 347 3327 illius
363 3280 389 3325 et
407 3287 510 3346 mogum
528 3266 686 3328 substantie
698 3268 758 3328 est?
780 3269 855 3331 Tum

105 3357 139 3417 iis
152 3380 219 3438 qum
231 3358 354 3418 diximus
369 3357 404 3417 dc
417 3357 515 3434 causis,
531 3371 590 3417 tum
604 3378 639 3418 ne
658 3374 799 3441 putaretur
812 3362 856 3424 iu·

104 3451 210 3529 genitus
223 3472 288 3509 esse.
299 3451 369 3509 Nam
379 3464 405 3509 et
417 3449 518 3508 Paulus
529 3448 582 3508 tale
592 3448 735 3533 quidpiam
749 3453 854 3515 timuis-

104 3564 132 3601 se
146 3542 260 3601 uidetur.
275 3542 339 3601 ldeo
350 3541 405 3600 nit:
417 3544 604 3601 Proetcreum
620 3547 672 3623 qui
684 3545 734 3603 illi
744 3560 853 3608 cuncta
865 3576 885 3608 ι.
898 3563 951 3610 cor.
969 3564 1003 3612 ιε.

104 3638 238 3717 subjecit.
250 3633 307 3693 lloe
326 3634 397 3694 enim
411 3633 454 3694 vel
471 3633 588 3713 cogitare
600 3622 720 3717 impiuui
733 3654 810 3700 esset.
821 3641 852 3702 Si
862 3638 901 3689 ¹⁷·

104 3729 176 3788 onim
188 3729 275 3788 minor
289 3729 369 3788 Patre
381 3743 406 3787 ct
418 3749 452 3787 ex
465 3727 520 3787 elia
532 3728 681 3789 substantia
692 3732 796 3807 fuisset,
804 3758 852 3795 an·

105 3843 158 3881 non
174 3822 264 3881 omnia
279 3822 394 3895 iecisset,
410 3842 443 3879 ne
456 3820 517 3879 talis
530 3834 669 3901 putaretur
684 3826 852 3888 esselNunc

105 3938 167 3974 vero
180 3917 342 3975 eontrarium
358 3915 441 3974 eflicit
456 3914 566 3974 dicens:
579 3916 611 3975 Si
622 3920 978 4003 noasacioopmm,10,

104 4031 139 4067 ra
153 4013 215 4090 ejtts
230 4013 280 4090 qui
301 4012 378 4067 misit
397 4027 452 4079 me,
467 4007 557 4065 nolite
582 4009 656 4066 milti
672 4013 799 4074 credere.
813 4015 850 4077 Et
859 4004 899 4067 ³⁷·

103 4124 167 4160 cmn
185 4101 268 4176 dicit,
279 4104 343 4182 Ego
362 4105 394 4160 in
413 4103 514 4173 Patre,
531 4113 559 4158 et
573 4102 666 4160 Pater
678 4107 710 4162 in
728 4127 775 4167 me
793 4124 846 4184 cst,

65 4206 81 4251 u
102 4194 282 4272 aequalitatem
304 4193 381 4252 nobis
404 4190 566 4251 subindicat.
588 4195 758 4274 Oportuisset
776 4201 849 4262 enim

102 4310 162 4346 cum
183 4286 350 4348 vehementia
367 4285 443 4345 illam
455 4283 609 4368 opinionem
623 4303 753 4368 avertere,
765 4293 788 4353 si
800 4295 849 4355 mi·

101 4402 150 4440 nor
164 4381 266 4455 luisset,
277 4394 303 4439 et
316 4400 449 4458 nusqunm
460 4376 564 4436 dicere:
582 4381 647 4460 Ego
657 4384 690 4441 ia
703 4386 806 4463 Patre,
820 4402 849 4450 et
889 4401 1002 4450 t’rotmur

101 4479 194 4535 Pater
203 4479 233 4533 in
246 4497 292 4533 me
300 4499 311 4544 ;
323 4487 360 4545 et,
377 4476 474 4532 Unum
488 4493 589 4532 sumus
595 4497 608 4544 ,·
621 4489 677 4553 aut,
692 4478 752 4557 Qui
764 4464 1002 4573 vidctssfflfff'

101 4591 156 4639 me,
173 4570 253 4626 uidet
270 4580 298 4625 et
312 4569 444 4626 Patrem.
461 4566 533 4625 Nam
547 4587 609 4625 cum
630 4566 665 4627 de
677 4569 778 4633 virtute
792 4598 879 4637 ser-se
896 4590 968 4636 tunt·
978 4602 1002 4639 et

100 4683 144 4720 mo
161 4675 225 4736 erat,
246 4658 364 4734 dicebat,
381 4661 446 4739 Ego
461 4670 489 4717 ct
506 4660 597 4718 Pater
615 4681 707 4723 unum
723 4684 825 4731 sumus
836 4650 919 4735 emi·

99 4769 201 4814 etcum
221 4752 256 4813 dc
269 4766 409 4834 potestate,
423 4752 504 4812 Sicut
521 4756 601 4811 enim
613 4756 708 4817 Pater
723 4766 847 4824 suscitat
854 4783 922 4827 toan.
937 4797 974 4831 ιο.

855 4843 885 4891 38
907 4848 980 4894 et3o.

83 4960 184 5020 nostris,
200 4958 290 5022 recte]
308 4953 386 5009 Paulo
398 4966 457 5022 post
468 4953 572 5022 quidem
583 4958 641 5012 ttss.
655 4971 694 5016 siv
714 4976 794 5031 νόμον·
808 4980 846 5026 tat
855 4907 999 5030 ligia&

81 5051 122 5096 τήν
134 5052 178 5090 τῶν
189 5045 314 5089 ἀκουόντων
332 5043 466 5103 βασκανίαν,
479 5044 516 5089 zai
528 5044 554 5088 tl
565 5042 667 5102 λέγεσθαι
679 5059 773 5111 συνεχῶς
783 5055 806 5100 t„
817 5066 846 5120 τῇ

83 5125 182 5182 naluit,
193 5121 270 5183 tipum
280 5122 356 5174 locis
364 5136 410 5179 mu,
422 5119 499 5185 κὺριος
508 5117 538 5173 tls
546 5121 602 5169 ἐστι·
614 5123 845 5194 stetimusque.

117 5208 126 5228 ‘
140 5195 215 5247 llorel
240 5204 327 5253 ulfias,
341 5200 398 5254 lime
407 5204 474 5247 τοῦτο
484 5196 634 5264 templalium.

119 5277 131 5301 ⁸
144 5274 201 5339 [etit
219 5280 351 5339 testatem.
366 5272 432 5322 Tum
446 5280 464 5324 el
479 5281 524 5339 peip
535 5272 624 5340 §eviij
639 5280 686 5331 uli
697 5278 761 5333 (iod.
776 5286 846 5351 709]
