3750 5940
462 645 1279 868 PRAEFATIO

725 1064 781 1125 sl)
807 1063 1019 1127 flortlutls

248 1345 311 1471 S.
371 1342 764 1474 JOANNIS
821 1342 1479 1478 CHRYSOSTOMI

455 1772 459 1776 Α
587 1702 596 1711 ’
634 1687 708 1785 ΙΝ
747 1683 1104 1795 JOANNEM.

524 2012 1193 2060 w

120 2306 159 2366 nd
174 2302 310 2365 Homilias
326 2301 356 2360 in
370 2296 551 2378 Evangelium
565 2294 677 2360 Joanuis
689 2291 801 2354 taudem
813 2291 989 2371 devenimus,
1001 2292 1051 2354 ubi
1066 2315 1168 2357 uorum
1181 2318 1293 2379 prorsus
1302 2301 1476 2365 concionandi
1490 2307 1592 2389 ritum,
1605 2310 1647 2371 in·

86 2402 185 2461 solitam
197 2395 429 2479 deprehendimus
443 2390 594 2452 disserendi
608 2388 749 2449 rationem.
764 2388 875 2470 Stylum
893 2407 957 2447 sane
973 2387 1099 2449 eumdem
1114 2390 1261 2470 cernimus,
1276 2393 1421 2457 dictionem
1441 2420 1552 2480 prorsus
1566 2405 1646 2466 simi.

87 2494 340 2574 lffl;eumdr1nque
359 2489 452 2550 statim
469 2484 640 2568 agnoscimus
656 2481 764 2543 dicendi
786 2482 917 2542 artificem
933 2482 1159 2565 chrysostomum
1170 2511 1177 2545 ε
1188 2487 1217 2547 in
1239 2488 1334 2550 ordine
1351 2507 1441 2554 autem
1455 2510 1481 2556 et
1494 2504 1646 2579 argumenti

87 2594 183 2651 ratione
197 2611 297 2669 magna
308 2607 366 2648 sese
376 2587 456 2645 offert
469 2580 619 2644 cavositas
633 2579 666 2640 ln
679 2577 782 2638 caeteris
792 2598 908 2658 namque
919 2578 947 2637 iu
956 2578 1125 2660 scripturam
1138 2603 1241 2643 sacram
1250 2584 1465 2669 Commentariis,
1477 2595 1648 2676 maximeque

87 2688 113 2745 in
127 2685 252 2744 Homiliis
265 2685 294 2743 in
303 2681 474 2756 Matthaeum,
488 2690 631 2758 postquam
643 2672 812 2753 singulorum
822 2692 951 2756 versuum
963 2671 1070 2734 literam
1082 2676 1249 2757 explanarit,
1263 2682 1402 2743 occasione
1416 2706 1451 2746 ex
1465 2689 1533 2748 serie
1549 2707 1648 2770 sumta,

87 2782 117 2840 ad
131 2803 236 2841 morum
255 2777 474 2838 informationem
493 2772 638 2855 spectantia
652 2769 739 2831 multa
761 2766 910 2845 interserit3
929 2782 1011 2848 atque
1034 2769 1063 2828 in
1083 2770 1138 2831 fine
1156 2773 1292 2834 concionis
1311 2776 1496 2857 longissimam
1517 2787 1647 2850 moralem

86 2878 294 2936 adhortationem
304 2872 409 2953 adjicit,
422 2891 477 2950 qua
489 2883 515 2928 et
527 2887 670 2950 procerum
682 2878 709 2925 et
719 2863 893 2947 popularium
904 2863 971 2926 vitia
984 2863 1139 2944 insectatur,
1155 2881 1237 2948 atque
1248 2870 1284 2931 ad
1293 2872 1422 2935 virtutem
1432 2875 1591 2941 adeundam»
1598 2883 1647 2942 sti.

87 2973 171 3032 mulos
182 2970 267 3031 addit.
286 2971 319 3028 In
332 2968 408 3028 hisce
416 2979 507 3026 autem
515 2964 544 3024 in
559 2965 689 3026 loannem
699 2958 827 3020 llomiliis
838 2957 893 3019 alio
903 2958 1078 3019 concionandi
1090 2982 1185 3041 genere
1196 2965 1324 3044 pmocdit.
1336 2968 1444 3030 Passim
1450 2992 1564 3051 namque
1573 2991 1648 3055 post.

89 3089 168 3145 quam
182 3065 297 3145 singulos
309 3083 404 3124 versus
417 3060 522 3137 attulit,
535 3059 651 3136 illosque
670 3055 789 3116 maxime
800 3074 868 3134 quos
889 3054 1036 3114 Catholicis
1051 3055 1168 3116 haretici
1184 3058 1296 3137 quidam
1313 3061 1434 3142 objicere
1449 3066 1581 3146 solebant,
1597 3093 1646 3130 au.

91 3161 185 3221 ditores
194 3158 389 3221 suosadversus
399 3157 509 3215 illorum
519 3165 676 3233 argumenta
688 3165 714 3210 ct
727 3149 894 3232 sophismata
904 3148 992 3208 munit
1001 3149 1162 3230 roboratque
1168 3174 1178 3229 ;
1192 3165 1272 3232 atque
1284 3156 1415 3217 usuum
1424 3157 1645 3243 deprehenditur,

89 3256 121 3316 iis
135 3257 180 3336 qui
188 3271 278 3315 conua
291 3254 382 3313 hostes
391 3248 547 3332 hujusmodi
562 3268 632 3330 saepe
642 3266 738 3307 manus
751 3241 934 3321 comebant,
943 3265 1019 3304 arma
1030 3244 1172 3305 ministrat.
1183 3246 1235 3306 llic
1245 3269 1342 3330 scopus
1354 3254 1468 3313 oratoris
1482 3257 1646 3338 precipuus,

88 3374 116 3412 eo
129 3374 221 3413 nervos
235 3371 327 3410 omnes
339 3346 484 3425 contendit,
498 3359 528 3406 ut
538 3343 722 3405 Chrbtiauum
735 3339 861 3418 militem,
870 3338 919 3418 qui
933 3340 1034 3421 passim
1046 3354 1138 3401 contra
1152 3341 1291 3404 hereticos
1307 3344 1472 3427 decertabat,
1485 3349 1520 3410 ad
1533 3351 1644 3413 illorum

88 3445 519 3620 deplliiinpiiritilicidsirilirinhrbus
530 3530 652 3591 homiliis
664 3541 823 3608 occurrunt,
834 3526 918 3590 sedin
929 3528 963 3589 iis
976 3541 1083 3588 tanmm
1096 3529 1143 3589 ubi
1156 3551 1187 3590 ea
1196 3532 1307 3593 ioannis
1325 3533 1383 3594 loca
1392 3537 1571 3619 explicantur,
1581 3562 1642 3620 quae

89 3638 127 3696 re]
138 3637 173 3695 ad
187 3633 365 3715 equalitatem
379 3627 734 3705 consubstantialitatemque
750 3625 838 3686 Patris
848 3638 875 3686 et
889 3624 953 3684 Filii
971 3623 1139 3706 probandam
1151 3638 1213 3706 apta
1235 3641 1307 3703 stunt,
1328 3628 1372 3689 vel
1389 3653 1448 3710 qne
1463 3634 1499 3694 ab
1512 3635 1643 3696 haereticis

88 3732 119 3790 ,d
133 3731 206 3790 illam
216 3727 428 3810 impugnandam
437 3723 644 3805 usurpabautur.
658 3721 716 3781 Ubi
728 3741 793 3780 vero
805 3719 841 3780 de
847 3718 991 3781 divinitate
1003 3718 1090 3798 deque
1105 3720 1381 3783 consubstantialitate
1397 3725 1460 3786 Filii
1473 3750 1527 3789 non
1538 3731 1639 3810 agitur,

89 3825 186 3884 qum,
196 3824 241 3882 ffl„
251 3824 344 3905 pauci,
353 3821 512 3902 plerumque
519 3815 654 3896 explanat.
667 3814 800 3874 Moralem
814 3835 921 3894 quoque
930 3812 1104 3894 disciplinam
1115 3814 1185 3873 inter
1198 3815 1412 3878 concionandum
1426 3821 1514 3881 rarius
1522 3824 1643 3904 attingit,

90 3920 287 3998 morientemque
299 3915 457 3978 brevissima
469 3910 655 3974 adhortatione
662 3909 758 3969 morali
772 3907 888 3986 claudit,
902 3909 939 3968 ita
950 3922 981 3968 ut
999 3909 1040 3968 ha
1057 3909 1223 3971 inJoannem
1236 3912 1374 3972 conciones
1381 3958 1390 3990 ,
1403 3913 1519 3976 dimidia
1531 3918 1585 3978 sere
1597 3920 1641 3980 sui

92 4030 162 4093 parte
173 4016 288 4074 minores
298 4010 491 4093 utplurimum
503 4007 556 4067 sint
569 4006 696 4067 Homiliis
710 4005 738 4064 iu
753 4003 923 4072 Manhenm.

126 4109 192 4167 Hine
201 4122 270 4167 certe
274 4108 332 4188 jam
342 4104 434 4165 multae
447 4113 595 4182 exsurgunt
603 4098 762 4180 quaestiones
775 4121 781 4155 ε
795 4097 907 4178 quinam
920 4117 1014 4180 nempe
1031 4097 1085 4157 sint
1100 4097 1232 4175 heretici,
1242 4099 1291 4178 qui
1304 4101 1490 4180 Chrysostomi
1506 4105 1642 4169 auditores

93 4203 146 4262 101ss
163 4225 196 4262 ex
208 4202 318 4264 Joannis
329 4197 478 4278 Evangelio
493 4194 626 4256 dcsumtis
640 4193 823 4276 impetebant:
837 4213 886 4252 cur
902 4192 964 4251 illos
977 4191 1186 4273 chrysostomus
1205 4215 1257 4253 non
1274 4195 1411 4256 nominet:
1425 4219 1460 4257 ex
1473 4221 1527 4278 qna
1537 4201 1640 4265 familia

92 4300 138 4356 (pri
151 4299 177 4356 hi
185 4296 301 4356 haeretiei
314 4306 415 4369 essent3
429 4292 529 4372 quibus
539 4290 659 4351 maxime
669 4287 835 4369 argumentis
842 4287 1004 4369 objectiones
1015 4286 1197 4366 lucifugarum
1212 4289 1387 4351 confutandas
1395 4313 1452 4352 csse
1460 4292 1563 4355 doceat.
1576 4297 1641 4359 Haec

92 4414 164 4473 porro
175 4392 261 4452 omnia
270 4389 421 4472 expendere
434 4408 486 4447 non
494 4386 607 4469 pigebit,
620 4397 762 4467 postquam
773 4383 807 4443 de
823 4403 935 4443 nuuunn
948 4380 1128 4442 llomiliamm
1144 4382 1171 4440 in
1183 4385 1324 4462 loannem,
1341 4385 1375 4446 de
1389 4387 1456 4448 urbe
1466 4388 1495 4449 in
1509 4412 1564 4470 qua
1583 4393 1641 4454 haec

93 4488 251 4548 mndomrus
264 4499 319 4564 eet,
331 4486 366 4546 de
374 4481 510 4544 concionis
521 4481 597 4559 hora,
606 4480 693 4561 deque
704 4478 767 4540 aliis
779 4477 916 4540 nonnullis
928 4475 1053 4557 quedam
1066 4476 1284 4558 premiserimus·

823 4717 888 4796 ει
1003 4718 1007 4725 ·

94 4932 111 4968 ι,
124 4912 168 4970 De
182 4927 301 4970 numero
312 4903 513 4967 [domitianum
523 4906 555 4960 in
568 4903 728 4962 loannem.
740 4903 771 4959 2.
788 4898 856 4978 Qua
866 4901 898 4956 in
911 4899 982 4957 urbe
996 4896 1085 4957 hosce
1102 4896 1236 4956 homilias
1250 4897 1386 4958 habuerit
1403 4901 1641 4980 chrysostomus,

582 5013 798 5088 Antiochinae,
812 5031 853 5070 on
865 5008 1129 5087 Constantinopoli.

123 5209 147 5261 t.
163 5203 285 5265 llomiliae
301 5203 328 5262 in
342 5203 473 5264 Joannem
486 5195 559 5278 apud
577 5193 710 5258 Savilium
725 5191 860 5272 octoginta
878 5205 938 5251 octo
954 5191 1088 5267 feruntur,
1102 5187 1176 5268 npud
1190 5189 1336 5249 Motellum
1347 5203 1435 5250 utitem
1450 5194 1583 5273 octoginta
1603 5217 1644 5256 sc·
