3750 5940
55 471 137 520 ιιιιιιι
165 454 389 520 annuarum
769 472 837 543 797

64 603 81 648 B
100 597 121 655 si
129 595 279 688 postlepem
306 593 379 653 ratiae
388 613 495 652 cornere
502 592 532 651 id
541 594 618 675 cupis
624 594 729 675 ,cogita
740 609 839 674 quanta

99 675 276 756 sintpaseru
319 673 492 753 isquopacto
501 672 706 734 liberosmatros
718 675 839 757 ipsorum

100 754 279 832 comederint,
297 752 339 812 ba
365 766 482 826 assatos,
497 751 552 812 illae
573 752 626 811 alia
639 754 752 814 ‘ratione
776 776 840 815 norr-

99 848 222 894 sumtus:
239 832 374 911 quomodo
395 832 465 891 lame
486 832 577 892 vexati
593 832 648 892 sint
661 833 839 910 intolerabili,

99 913 232 992 bellisque
242 912 326 973 variis
335 933 367 971 ac
376 910 506 990 molestis,
518 912 558 972 sic
570 925 603 971 ιιι
616 933 709 973 omnes
719 914 839 995 priorum

100 1007 154 1052 tem
191 1015 252 1052 rum
275 990 391 1071 tragicos
420 1011 498 1051 casus
522 991 706 1052 calamitatum
731 1013 842 1054 suarum

101 1015 246 1133 aceditate
268 1070 428 1153 superarint.
440 1073 479 1131 Ut
492 1071 564 1130 enim
584 1071 654 1131 scias
669 1072 728 1131 haec
751 1071 779 1132 in
796 1095 842 1133 eos

102 1152 242 1212 Christum
250 1151 405 1229 immisisse,
415 1149 606 1232 praedicentem
612 1152 684 1225 haec;
695 1150 766 1213 illud
776 1154 842 1214 audi

102 1246 161 1292 tum
176 1253 225 1312 per
237 1230 395 1313 parabolas,
411 1244 469 1289 tum
484 1229 555 1291 clare
570 1244 597 1290 et
608 1246 718 1312 aperte:
732 1254 781 1314 per
793 1254 842 1314 pa-

103 1311 209 1371 rabolas
220 1309 343 1391 quidem,
359 1325 389 1370 ιιι
409 1331 473 1370 enm
490 1309 545 1384 ait,
566 1312 628 1370 Eos
653 1325 765 1385 autem,
785 1318 843 1452 poi
852 1336 991 1393 meren.

104 1392 260 1451 nolumunt
272 1412 317 1449 me
332 1411 456 1471 regnare
468 1409 554 1469 super
567 1411 617 1462 se,
634 1393 772 1452 adducite
807 1414 843 1453 uo

103 1484 131 1529 et
143 1475 154 1529 i
156 1471 299 1552 interficite
305 1495 317 1544 ,·
326 1469 445 1608 itempue
454 1490 503 1550 per
511 1469 618 1531 vineam
629 1484 654 1530 et
662 1492 710 1552 per
719 1472 842 1564 nuptias:

103 1550 173 1609 clare
184 1571 248 1610 vero
261 1571 293 1608 ac
304 1549 388 1609 diluei
409 1570 440 1622 e,
452 1549 536 1609 veluti
548 1571 611 1609 cum
619 1550 724 1611 minans
733 1566 771 1611 art
782 1576 789 1610 ι
801 1556 830 1612 E
832 1566 842 1612 t
853 1568 912 1614 [tm.
923 1581 961 1613 ιι.

66 1638 85 1685 c
103 1631 210 1689 cadent
226 1634 324 1689 inore
341 1630 450 1710 gladii,
463 1634 554 1688 eterit
566 1634 691 1689 interris
704 1652 842 1712 pressura
853 1635 891 1692 ιι·
908 1632 947 1678 ²⁵·

102 1714 241 1790 gentium,
260 1708 287 1768 in
301 1709 434 1769 anxietate
444 1723 581 1768 resonante
593 1709 664 1768 mari
677 1722 705 1769 et
719 1712 785 1785 salo,
795 1734 842 1771 ex-

104 1789 228 1847 animatis
242 1786 397 1849 hominibus
406 1811 462 1870 pra
469 1789 573 1863 timore,
581 1802 607 1848 et
615 1791 683 1848 Erit
690 1793 842 1852 tribulatio
852 1811 937 1855 araret.
954 1807 992 1870 at.

105 1871 175 1928 talis
197 1869 295 1950 qualis
322 1872 461 1950 nonfuit
485 1889 636 1950 unquam,
664 1891 757 1953 neque
770 1873 890 1953 fietu·

106 1948 223 2007 Ananias
236 1947 316 2006 etiam
326 1961 353 2006 et
361 1947 495 2030 sapphira
508 1969 576 2026 quas
588 1949 624 2008 ob
637 1970 785 2030 paucorum
799 1974 842 2011 ar·
853 1975 905 2018 Aa.
919 1971 941 2018 5.
957 1982 976 2016 ι.
1052 1988 1057 1998 ·

104 2041 260 2106 gonteorum
276 2027 377 2086 lurtum
392 2049 485 2108 poenas
497 2026 634 2103 dederint,
648 2030 732 2090 nostis
738 2052 840 2093 omnes.

104 2107 282 2182 Quotidianas
293 2122 383 2167 autem
395 2106 559 2166 calamitates
573 2122 639 2187 quot
652 2110 768 2172 seramus
778 2159 785 2185 ,
797 2113 845 2190 qui

104 2201 211 2277 peccata
221 2186 424 2262 committimus,
434 2208 521 2247 nonne
530 2188 659 2247 remitis?
671 2209 705 2247 an
714 2211 779 2251 vero
789 2193 846 2252 bac

104 2288 161 2346 ipsa
181 2287 233 2325 non
247 2267 414 2327 evenerunt?
427 2268 521 2326 Nonne
530 2266 631 2327 videtis
648 2289 693 2328 ens
706 2269 753 2362 epti
775 2293 846 2331 nunc

103 2346 182 2404 etiam
196 2346 266 2405 fame
280 2345 471 2405 contabescunt
476 2346 542 2426 ,qui
552 2346 730 2428 elephantiasi
740 2363 767 2410 et
779 2351 846 2412 vitio

104 2425 225 2506 corporis
243 2425 413 2502 detinentur,
435 2425 484 2504 qui
493 2440 622 2518 perpetua
630 2426 734 2508 degunt
744 2430 771 2490 in
785 2453 845 2513 ege·

105 2518 186 2582 state,
206 2505 253 2584 qui
265 2503 340 2564 mille
351 2505 518 2585 gravissimis
534 2519 560 2564 et
577 2506 751 2569 intolerandis
768 2512 847 2571 malis

106 2585 289 2663 affliguntur?
307 2585 432 2656 Quonam
450 2584 534 2664 igitur
551 2599 631 2667 pacto
645 2608 753 2666 aequum
766 2591 846 2652 suerit

107 2663 846 2759 quosdampuniri,qnosdamverononptruirii’Namsi

106 2744 221 2823 injustus
228 2764 280 2802 non
289 2744 414 2819 estDeus‚
420 2758 449 2802 ut
463 2745 583 2824 prolecto
594 2744 710 2825 injustus
720 2768 772 2808 non
787 2764 844 2831 est,

105 2824 215 2882 omnino
227 2837 255 2882 tn
267 2843 375 2915 quoque
388 2843 481 2904 poenas
496 2822 583 2898 dabis,
589 2823 611 2884 si
619 2827 788 2906 peccaveris:
804 2831 845 2890 sin

107 2917 217 2979 etitem,
239 2923 303 2981 qura
324 2900 457 2982 benignus
479 2916 518 2961 est
532 2904 621 2979 Deus,
635 2925 687 2964 non
706 2907 799 2988 punit,
814 2932 848 2970 ne

71 2994 90 3039 t)
107 2982 157 3041 hos
183 2981 293 3060 quidem
308 2981 400 3063 puniri
413 2983 562 3064 oportebat.
580 2985 642 3044 Jam
653 3006 718 3045 vero
738 3003 848 3070 propter

108 3061 165 3120 haee
180 3061 270 3142 inepta
282 3074 370 3121 vestra
392 3061 475 3121 rerba
494 3062 595 3121 multos
614 3062 659 3122 hic
671 3065 751 3126 etiam
768 3070 848 3149 punit

108 3143 190 3216 Deus,
205 3155 307 3201 utrum
318 3140 453 3200 minarum
468 3141 559 3200 verbis
578 3163 631 3202 non
645 3143 780 3221 credatis,
794 3148 848 3207 sal·

108 3235 161 3279 tem
171 3220 253 3280 rebus
262 3221 327 3301 ipsis
334 3240 473 3301 pomarum
484 3219 613 3281 credatis:
622 3236 648 3281 et
657 3225 785 3302 quoniam
794 3247 846 3288 non

109 3300 145 3359 ita
159 3300 237 3360 vobis
250 3300 360 3391 antiqua
373 3299 498 3359 umorem
515 3301 663 3375 incutiunt,
675 3302 710 3364 iis
722 3326 782 3385 qraae
793 3308 848 3367 sin-

109 3380 181 3459 golis
205 3378 422 3459 generationibus
440 3379 580 3456 accidunt,
595 3381 657 3442 illos
681 3383 730 3463 qui
751 3385 848 3447 iisdem

108 3460 275 3599 topporibus
283 3459 396 3540 vivunt,
410 3460 527 3541 seguiter
536 3475 707 3544 egerentes,
715 3465 849 3547 corrigere

108 3555 183 3602 5001.

148 3622 176 3680 ὅ.
199 3623 292 3696 Quare
316 3641 381 3682 vero
405 3642 457 3682 non
479 3643 571 3682 omnes
590 3622 638 3683 hic
657 3627 755 3716 punit,
776 3626 848 3688 dicet

108 3700 279 3781 aliquislUt
302 3701 364 3761 aliis
388 3701 507 3783 spatium
528 3701 574 3762 det
596 3706 767 3784 poenrtentiae.
792 3709 848 3768 Cor
882 3738 1000 3781 omnen,

108 3795 198 3839 antem
219 3802 272 3841 non
292 3781 349 3840 illic
372 3801 464 3841 omnes
484 3782 619 3860 castigat?
632 3785 673 3842 Ne
689 3785 768 3845 multi
789 3788 847 3867 ejus
858 3816 901 3844 nou
964 3801 1000 3843 ute

109 3860 306 3939 providentiam
318 3880 372 3919 non
393 3860 511 3918 credant.
526 3861 615 3932 Quam
628 3863 707 3923 multi
720 3864 846 3940 latrones,
856 3877 933 3937 ΨΜ·
954 3878 998 3921 po·

108 3940 155 3997 alii
208 3939 280 3998 idem
301 3939 421 3998 damnati
444 3953 522 4014 sunt,
535 3938 582 3998 alii
602 3960 667 4000 voro
688 3963 740 4003 non
757 3935 911 4006 affecti¹¹¹²¹‘

108 3962 241 4099 supplicio
262 4017 409 4077 abierunt?
425 4018 473 4076 ubi
495 4039 559 4110 ergo
586 4020 637 4078 Dei
650 4020 802 4103 benignitas
822 4039 848 4085 et

105 4098 210 4177 justum
220 4096 379 4177 judicium?
392 4118 483 4156 meum
495 4112 616 4159 enimest
632 4112 657 4159 te
671 4100 770 4162 interro
789 4126 845 4163 are.
934 4128 941 4135 ·

73 4193 92 4239 n
110 4179 179 4236 Nam
193 4177 216 4236 si
233 4177 324 4236 nullus
334 4197 444 4258 prorsus
455 4177 607 4258 puniretur,
623 4195 729 4259 possent
796 4183 848 4244 boc

110 4255 220 4335 quidem
231 4255 387 4335 coningere:
407 4276 470 4315 cum
492 4277 555 4319 vero
566 4258 614 4318 alii
632 4258 743 4338 quidem
755 4283 848 4343 poenas

110 4336 188 4411 dent,
208 4337 257 4395 alii
271 4357 334 4396 vero
347 4356 400 4394 non
412 4336 478 4394 deut
486 4380 496 4413 ,
517 4338 624 4397 tametsi
637 4340 728 4420 pejora
740 4355 849 4423 peccata

110 4416 290 4490 committant,
306 4414 440 4494 quomodo
456 4416 564 4496 justum
577 4431 659 4496 esset,
672 4431 704 4480 ιιι
721 4440 784 4481 rum
795 4443 848 4482 non

111 4495 204 4554 eadem
216 4509 302 4554 essent
315 4494 429 4570 delicta,
442 4516 526 4576 poenae
539 4509 626 4557 tamen
636 4497 737 4560 eatdn
746 4499 850 4562 lueren-

112 4575 176 4634 tur?
189 4575 340 4635 nonneillis
352 4574 449 4655 injuria
464 4575 523 4634 fieri
538 4576 745 4658 videretur,qui
763 4581 849 4663 puni-

59 4695 60 4702 1
111 4654 440 4733 rentur?Gurigitur,in
482 4654 849 4740 't,omnesbicpleetuntur?

114 4733 436 4815 AudiDominumipsnm
465 4733 618 4796 acdoresic
627 4738 678 4798 tibi
687 4739 850 4800 satisfacien-

67 4854 103 4895 ,ω
113 4827 175 4872 ιιιιι.
185 4813 325 4893 Namquia
337 4827 451 4873 mortem
459 4813 581 4875 obierant
590 4818 658 4877 turri
666 4817 778 4879 cadente
786 4822 847 4899 qui-

76 4912 95 4956 Λ
112 4894 190 4967 dam,
202 4893 268 4966 illis,
281 4892 328 4972 qui
339 4914 420 4974 snper
429 4892 474 4953 bis
483 4892 678 4957 dubitationem
690 4899 849 4978 afferebant,

110 4972 228 5034 dicebat:
237 4975 366 5046 Putatis,
374 4977 445 5052 quio
455 4974 488 5033 tt
499 4975 556 5034 soli
567 4990 735 5055 procederes
745 4993 851 5058 proter
860 4995 916 5041 tue.
929 4994 964 5041 rt.
976 4993 999 5039 3.

93 5157 122 5200 ιὰ
136 5153 170 5218 tp*
182 5153 276 5207 lanieras
287 5159 363 5213 γιιιις
377 5155 541 5215 nuptialem,
557 5159 597 5206 solu
612 5155 699 5213 τούτοις
710 5141 851 5224 miserrimo,

92 5233 128 5286 ὠς
137 5251 158 5279 κ.
173 5250 195 5281 τ.
211 5228 246 5294 l.]

126 5306 139 5345 ⁸¹
157 5306 227 5358 Unus
238 5311 345 5375 τοῖςπερὶ
356 5309 449 5360 τοὺτων.
