3750 5940
402 467 439 518 ιιι
464 466 624 537 toanunsr
651 467 769 516 ironic.
799 468 871 517 nnc.
898 444 945 517 al.
979 469 1076 518 ινιιι.
1437 453 1501 540 [μοι

63 585 192 675 ὐνατθςῇ
212 593 259 656 καὶ
273 592 390 677 ριλῇ,τί
409 592 635 672 τδκωλύονῆμᾶς
655 617 710 652 οω-
762 591 875 674 impedit
890 593 1036 673 quominus
1054 594 1168 654 salutem
1181 594 1395 674 consequamur?
1415 595 1509 673 Nihil,

63 685 138 758 teta,
154 689 179 747 el
194 686 232 765 μὴ
246 693 324 765 ἡμεῖς
343 685 419 746 αύτολ
441 684 634 764 ἀποσταίημεν.
646 687 710 752 Πῶς
761 685 813 745 nisi
834 707 883 745 nos
903 684 955 768 ipsi
979 685 1146 747 deficiamus.
1167 687 1312 761 Quomodo
1332 688 1509 749 deficiemus?

63 777 341 857 ησύμεθαςἌκουσον
362 781 444 838 atem
460 779 593 858 λύγοντος·
609 780 650 837 Οὐ
666 777 712 837 δύ·
763 778 844 838 lllum
861 778 926 838 audi
940 778 1073 839 dicentem
1089 804 1095 838 :
1111 783 1179 840 Non
1195 786 1315 861 potestis
1331 783 1443 842 hobus
1457 784 1604 841 do-Mauh·
1619 787 1643 832 6.

63 873 86 934 εὶ
106 872 208 953 κυρίοις
229 871 370 948 δουλεύειν,
384 875 448 952 Θεῷ
464 873 511 931 καί
526 882 649 952 μαμωνᾷ.
664 869 709 930 Ἂν
728 883 747 928 θ
763 875 850 932 minr's
863 877 988 946 servire,
1006 875 1071 933 Deo
1094 887 1123 934 et
1140 895 1293 934 mamone.
1308 876 1338 936 si
1359 895 1424 956 ergo
1443 851 1557 937 huic²4

62 964 129 1047 ύτῳ
156 964 330 1043 δουλεύομεν,
354 967 405 1046 οὐχ
430 963 635 1042 θποοτησίμεθα
662 962 710 1036 τὴν
763 965 922 1042 serviamus,
939 963 1014 1024 illius
1036 964 1175 1048 tyrannidi
1195 967 1308 1048 subjecti
1331 989 1384 1027 non
1398 968 1508 1027 erimus.

62 1060 199 1141 νραννίδα.
211 1056 710 1140 Καίγάρτυραννίδοςάπάσηςπικρύ-
731 1062 733 1067 ’
763 1057 831 1114 Nam
853 1055 996 1139 tyrannide
1017 1059 1113 1136 quavis
1131 1059 1252 1119 acerbior
1273 1073 1312 1120 est
1335 1061 1510 1143 pecuniarum

62 1156 117 1214 τῶν
131 1152 281 1234 χρημάτων
306 1151 445 1230 ίπιθυμία.
461 1151 576 1223 Ἡδονὴν
597 1149 644 1229 μὲν
660 1149 712 1231 γὰρ
762 1150 982 1231 concupicientia.
994 1151 1103 1210 Nullam
1118 1153 1199 1212 habet
1211 1154 1446 1236 voluptatem,sed
1459 1156 1510 1215 sol·

69 1244 345 1329 ἔχενρροντίδαςδί
359 1243 712 1325 καλρθύνους,καὶέπι6ου-
761 1241 934 1317 licitudines,
960 1242 1109 1315 invidiam,
1132 1245 1259 1322 insidias,
1286 1246 1396 1325 ούίυιιι,
1428 1269 1510 1330 syco-

74 1348 158 1418 μῖσος
182 1337 230 1398 καί
249 1335 440 1417 συκοφαντίας,
454 1336 500 1395 καί
517 1338 613 1417 ἀρετῆς
630 1335 712 1417 μυρία
762 1333 899 1414 phantias,
909 1349 935 1395 et
947 1335 1022 1394 mille
1032 1336 1142 1396 virtutis
1152 1338 1510 1419 impedimenta,desidiam,

62 1454 95 1501 r,
111 1428 414 1511 §auspicatissimum
437 1426 598 1501 πλεονεξίαν,
614 1428 710 1506 μίθην·
761 1428 899 1488 lasciviam
908 1474 917 1507 ,
938 1428 1096 1505 avaritiam,
1108 1431 1277 1506 ebrictatem,
1293 1455 1352 1511 que
1367 1434 1466 1496 liberos
1482 1436 1509 1495 in

62 1546 86 1590 νς
100 1520 255 1602 ἐλευθέρως
275 1520 383 1588 δούλους
402 1527 473 1579 ποιεῖ
491 1519 537 1581 καί
558 1520 711 1600 ἀργυρωνή-
761 1523 917 1583 servitutem
932 1521 1076 1603 redigunt,
1099 1537 1124 1583 et
1150 1525 1235 1586 servis
1247 1525 1392 1586 deteriores
1412 1529 1509 1588 consti·

62 1641 121 1688 ιυς,
137 1616 184 1675 καὶ
197 1613 321 1687 δούλους,
336 1617 383 1673 οὐκ
405 1613 567 1694 ἀνθρώπων,
582 1613 650 1674 ἀλλά
666 1614 711 1673 καί
761 1627 840 1672 tuunt
856 1639 862 1672 :
877 1637 981 1692 seruos,
996 1615 1269 1696 inquam,reddunt,
1284 1619 1508 1698 nonhominum,
1564 1628 1663 1700 ὃνννιιαι
1710 1639 1714 1648 ¹

62 1709 186 1790 πωτίρου
200 1713 254 1769 τῶν
263 1712 354 1768 παθῶν
368 1708 415 1768 καλ
427 1710 481 1766 τῶν
494 1706 652 1785 νοσημάτων
663 1711 711 1779 τῆς
761 1707 808 1768 sed
832 1709 986 1789 gravissimi
1006 1711 1128 1771 omnium
1157 1711 1240 1771 animi
1267 1713 1432 1774 morborum.
1457 1705 1662 1797 llicd„2:⁸,'s¹„¹,¹:f¹¹

62 1896 154 1955 όντων
164 1896 267 1974 τολμᾷ,
282 1892 406 1960 δεδοικὼς
418 1893 507 1972 μήτις
518 1894 598 1952 αὐτοῦ
610 1891 659 1964 τὴν
672 1894 712 1952 δε·
763 1908 838 1968 cent,
855 1907 976 1953 metuens
997 1916 1030 1954 ne
1041 1895 1103 1974 quis
1116 1917 1144 1955 se
1154 1896 1189 1955 ab
1203 1897 1254 1955 hae
1267 1898 1396 1958 servitute
1407 1899 1511 1960 liberet.

64 1987 204 2069 ἀφέληται
210 1985 471 2067 ταύτην.Ὡπικράς
479 1986 596 2053 δουλείας
605 1985 651 2045 καὶ
659 1988 713 2044 δια·
764 1990 789 2043 ί)
803 1987 928 2045 acerbam
943 1987 1118 2064 servitutem,
1130 2001 1156 2046 et
1167 1988 1330 2048 diabolicam
1343 1991 1513 2072 potestatem!

62 2079 219 2147 beneroles·
227 2087 304 2140 τοῦτο
313 2077 365 2159 γάρ
373 2079 491 2158 μάλιστα
499 2079 604 2138 πάντων
615 2078 670 2138 ἐστὶ
684 2078 715 2137 τδ
731 2101 749 2148 ε
767 2079 829 2138 llaec
842 2079 944 2160 qttippe
957 2093 998 2138 est
1012 2079 1134 2139 omnium
1146 2081 1320 2161 gravissima,
1335 2082 1409 2162 quod
1420 2097 1459 2145 tot
1469 2086 1512 2146 de

62 2197 160 2250 recor,
178 2172 220 2234 ὅτι
239 2174 267 2232 ἐν
282 2169 415 2239 τοσούτοις
432 2170 605 2252 κατεχόμενοι
625 2179 715 2238 κακοῖς
766 2172 831 2231 tenti
852 2170 931 2230 malis
944 2169 1121 2246 delectemur,
1140 2185 1166 2230 et
1180 2186 1285 2232 catenas
1306 2174 1514 2256 amplectamur,

61 2267 129 2331 ,καὶ
143 2266 194 2338 τὴν
207 2265 299 2325 ἅλυσιν
317 2262 505 2342 ἀσπαζόμεθα,
519 2263 566 2322 καί
579 2264 716 2343 δεσμωτή-
765 2278 791 2323 et
804 2262 877 2343 quod
891 2263 1061 2323 tenebrosum
1083 2286 1216 2324 carcerem
1236 2265 1407 2345 habitantes,
1426 2268 1516 2329 lucem

61 2367 134 2426 ’νοτες
144 2358 254 2426 σκότους
262 2355 470 2438 πεπληρωμένον
485 2359 522 2424 είς
535 2361 590 2437 phe
604 2356 715 2425 ἐξελθεῖν
765 2357 920 2435 fugiamus,
942 2356 989 2416 sed
1018 2378 1067 2416 nos
1087 2357 1166 2416 melis
1191 2358 1422 2438 constringamus,
1442 2374 1467 2421 et
1486 2363 1515 2422 in

61 2457 140 2528 μεθᾳ,
149 2452 208 2510 ἀλλ’
219 2449 408 2530 ίπισρίγγορεν
424 2452 527 2516 ἑαυτοῖς
537 2447 571 2508 ed
583 2448 716 2522 κακά,καλ
767 2449 861 2508 morbo
875 2448 1049 2508 oblectemur.
1064 2450 1156 2522 Quare
1169 2472 1217 2510 nec
1230 2449 1338 2511 liberari
1356 2474 1515 2534 possumus,

61 2568 81 2602 α
90 2547 134 2624 τῷ
148 2543 288 2622 νοσήματι.
303 2541 384 2602 Ὅθεν
398 2541 457 2600 οὐδὲ
471 2543 658 2620 ἀπαλλαγῆναι
669 2543 715 2600 δυ·
723 2550 792 2619 ,met
803 2538 894 2619 pejore
906 2559 988 2617 quam
1002 2539 1049 2617 qui
1064 2539 1173 2598 metalla
1185 2539 1290 2599 sudinnt
1305 2541 1458 2602 conditione
1471 2566 1517 2603 su·

61 2635 137 2698 ἀλλά
150 2642 203 2696 τῶν
215 2635 249 2696 τὰ
265 2636 384 2717 μέταλλα
396 2634 575 2715 ἐργαζομένων
591 2635 715 2716 χαλεπόν.
732 2640 749 2684 λ
767 2651 844 2703 mus,
860 2628 927 2688 dum
941 2629 1035 2689 labore
1053 2644 1079 2689 et
1092 2631 1199 2689 miseria
1211 2633 1320 2711 obruti,
1333 2634 1440 2695 nullum
1455 2636 1517 2698 inde

61 2731 204 2810 αιςίμεθα,
219 2728 279 2798 τοὺς
294 2727 448 2809 μίνπόνοος
462 2726 714 2800 καὶτλνταλαιπω·
766 2723 884 2781 sructum
909 2723 1083 2804 percipimus.
1104 2724 1239 2804 Quodque
1261 2727 1383 2786 omnium
1405 2728 1517 2790 deterri·

61 2824 193 2901 νίνοντες,
203 2826 257 2882 τῶν
266 2821 294 2881 δὲ
302 2823 466 2902 καρπῶνοθκ
472 2822 655 2887 ἀπολαύοντες.
664 2820 717 2881 Καὶ
767 2839 843 2876 mum
853 2831 908 2893 est,
929 2817 951 2876 si
965 2819 1027 2896 quis
1046 2839 1095 2877 nos
1110 2818 1145 2877 ab
1155 2820 1250 2879 acerba
1265 2821 1419 2902 hujusmodi
1432 2827 1521 2906 capti·

61 2926 119 3001 ῖρον
132 2916 249 2989 πάντων,
261 2913 303 2974 δτι
314 2913 364 2974 κάν
380 2911 530 2981 ἀπαλλάξαι
545 2916 661 2992 βουληθῇ
677 2938 717 2982 τις
768 2914 851 2974 ritate
874 2933 966 2971 eruere
988 2913 1071 2990 velit,
1094 2911 1122 2972 id
1138 2935 1190 2974 non
1212 2916 1345 2996 patimur3
1361 2919 1415 2979 imo
1436 2922 1517 2981 etiam

61 3019 97 3077 ἃς
107 3008 209 3082 ταύτης
229 3003 415 3087 eil-spalmeta<
428 3010 516 3084 ἡμᾶς,
527 3007 575 3065 ula
586 3005 715 3086 ἀνεχόμε-
768 3024 837 3085 aegre
852 3004 964 3064 serimus
976 3017 1001 3063 et
1022 3003 1213 3084 indignamur,
1233 3007 1302 3066 nibil
1321 3011 1517 3074 meliusolsecti

60 3101 133 3162 ικαὶ
147 3098 353 3183 δυσχεραίνομεν
363 3097 409 3158 καί
422 3100 630 3178 ἀγανακτοῦμεν,
644 3098 717 3158 οὐδὲν
768 3119 849 3175 quam
870 3095 918 3175 qui
937 3097 1039 3156 insania
1055 3097 1127 3178 capti
1142 3111 1219 3174 sunt,
1234 3099 1289 3159 imo
1308 3101 1389 3184 longe
1409 3105 1518 3166 misera-

60 3199 117 3256 τῶν
129 3192 295 3272 μαινομένων
304 3190 465 3271 διακείμενοι
480 3190 580 3270 ταύτῃ,
595 3190 663 3251 ἀλλά
673 3191 719 3252 καλ
768 3189 879 3249 biliores
904 3188 975 3262 illis,
996 3187 1068 3268 quod
1092 3188 1208 3249 nolimus
1228 3191 1263 3251 ab
1281 3193 1383 3254 insania
1396 3195 1516 3259 libcrari.

60 3286 168 3347 πάντων
190 3284 296 3345 ἐκείνων
322 3283 489 3364 ἀθλιώτερον,
514 3283 559 3343 καὶ
583 3292 717 3362 τοσοῦτον,
769 3278 911 3360 Numquid
923 3302 953 3339 ea
965 3278 999 3339 de
1018 3301 1098 3339 eausa
1112 3280 1287 3344 inmundum
1304 3287 1421 3366 venisti,
1438 3290 1518 3349 oho-

60 3380 79 3442 θ
96 3380 286 3455 ἀπαλλαγῆναι
294 3381 342 3449 τῆς
354 3376 449 3454 μανίας
463 3375 595 3455 ίθελομεν.
607 3376 653 3449 Μὴ
667 3376 719 3457 γὰρ
770 3373 835 3432 mo?
858 3394 892 3432 an
920 3371 981 3432 ideo
999 3372 1081 3431 homo
1104 3374 1191 3435 lactus
1215 3397 1256 3451 es,
1280 3391 1310 3437 ut
1332 3379 1392 3451 haec
1411 3383 1520 3442 metalla

61 3471 229 3553 οπαρήχθης
242 3472 278 3537 εἰς
291 3470 335 3529 τδν
347 3469 456 3546 κόσμον,
471 3457 494 3526 ὦ
511 3469 646 3551 ἄνθρωπε,
657 3476 720 3529 τοῦ·
770 3465 919 3548 operareris
932 3479 958 3525 et
973 3488 1071 3525 aurum
1082 3466 1238 3548 colligeres?
1253 3472 1313 3531 Non
1328 3472 1389 3533 ideo
1402 3489 1473 3535 certe
1485 3475 1522 3536 ad

82 3565 137 3647 γάρ
159 3563 202 3624 ut
225 3570 301 3623 τοῦτο
325 3561 433 3642 γέγονας
449 3560 600 3642 ἄνθρωπος,
624 3559 667 3619 lue
686 3560 721 3622 τά
771 3564 915 3643 imaginem
926 3584 1004 3622 suam
1019 3576 1045 3622 te
1058 3563 1200 3642 formavit,
1212 3566 1258 3626 scd
1272 3581 1303 3627 ut
1318 3569 1370 3650 ipsi
1385 3571 1519 3651 placeres,

60 3663 161 3719 ιταῦτα
171 3656 278 3740 ίργύζῃ,
292 3655 338 3715 καί
350 3654 476 3735 συλλίγρς
485 3653 610 3735 χρυσίον,
624 3657 665 3715 Oh
678 3654 721 3714 διά
736 3661 754 3707 Β
772 3670 802 3715 ut
826 3657 917 3716 sutura
938 3657 1153 3735 consequereris,
1166 3672 1196 3717 ut
1211 3680 1274 3719 eum
1296 3663 1398 3741 angelis
1412 3664 1522 3725 choreas

60 3749 186 3812 πλασίοε
200 3752 259 3808 κατ’
273 3747 375 3808 εἰκόνα·
388 3749 446 3807 ἀλλ’
463 3746 507 3805 ἵνα
521 3749 593 3827 αὐτῷ
608 3747 721 3827 ἀρέσῃς,
772 3750 949 3829 προνοοῦσι
980 3764 1005 3809 te
1032 3749 1068 3809 ab
1094 3751 1145 3810 hae
1167 3753 1307 3814 nobihtate
1329 3757 1418 3837 ejicis,
1442 3773 1468 3818 et
1493 3760 1522 3818 in

84 3842 236 3922 μελλόντων
260 3839 404 3920 ἐπιτύχῃς,
431 3838 495 3898 ’ίνα
519 3842 577 3919 μετ’
603 3838 721 3919 ἀγγελων
772 3856 921 3901 extremam
946 3841 1057 3923 conjicis
1086 3843 1284 3923 ignobilitatem
1310 3861 1335 3907 et
1360 3849 1521 3912 infamiam?

60 3963 84 4007 ς.
94 3938 133 3998 Τί
148 3935 233 3996 τοίνυν
247 3934 385 4001 ίκὸἀλλεις
405 3934 514 3993 σεαυτὸν
536 3938 584 4005 τῆς
598 3933 721 4006 τοιαύτης
771 3933 827 4006 Qui
851 3933 944 3993 eodem
968 3955 1021 4012 quo
1039 3947 1074 4001 ,tu
1096 3950 1175 4016 partu
1192 3951 1270 3997 natus
1289 3953 1343 4017 est,
1364 3936 1445 4022 partu
1460 3942 1523 4004 dico

60 4032 115 4101 ας,
132 4029 253 4112 καὶπρὸς
267 4027 316 4100 τὴν
331 4026 446 4107 ἐοχοίτην
458 4026 566 4104 ἀτιμίαν
588 4025 633 4085 καὶ
656 4027 720 4086 δυσ-
772 4026 924 4107 spirituali,
940 4027 1011 4086 same
1026 4026 1153 4086 tabescit:
1167 4043 1197 4087 tu
1211 4031 1287 4111 copia
1303 4053 1394 4092 rerum
1417 4033 1523 4094 dirum·

60 4125 179 4197 ὶξωθείς,
191 4121 226 4182 ‘0
239 4119 287 4188 τάς
296 4119 377 4186 αὐτοῖς
388 4143 428 4180 σοι
442 4118 524 4186 λύσας
537 4119 645 4193 ὼδινας,
660 4120 720 4178 ὠδῖ·
772 4119 853 4199 peris.
871 4119 965 4179 Frater
976 4117 1081 4178 nudum
1096 4141 1194 4202 corpus
1208 4120 1380 4183 circumfert:
1394 4139 1421 4185 tu
1437 4141 1523 4189 vestes
1549 4135 1678 4193 Elocutus·

59 4216 113 4297 ίγιυ
125 4213 173 4282 τάς
187 4212 381 4293 πνευματικὰς,
396 4215 467 4292 λιμῷ
481 4211 674 4292 διαφθείρεται·
688 4211 719 4272 eh
771 4212 893 4273 vestibus
916 4213 1010 4286 addiS,
1033 4214 1112 4273 tineis
1134 4214 1206 4274 hunc
1228 4216 1356 4276 amictum
1380 4242 1521 4302 supparans·
1533 4211 1678 4305 anmi·

59 4311 216 4387 πλησμονῆς
230 4305 428 4387 διαρρήγνυσαι.
451 4302 486 4364 ‘0
502 4305 611 4386 ἀδελρδς
624 4306 721 4385 γυμνὸς
771 4306 880 4377 Quanto
890 4305 988 4365 mehus
997 4319 1065 4365 esset
1079 4328 1228 4388 pauperum
1240 4329 1352 4390 corpora
1363 4312 1407 4372 his
1417 4313 1524 4394 obtege-

59 4401 218 4484 ιπεριάγεε,
230 4397 300 4460 etet
312 4397 357 4457 καί
368 4405 422 4464 τοῖς
433 4396 548 4475 ἱματίοις
561 4399 657 4478 ίμάτια
667 4424 719 4459 κα·
772 4400 820 4459 re?
843 4399 884 4459 lta
907 4399 979 4459 enim
999 4400 1046 4458 illa
1071 4422 1124 4460 non
1149 4418 1387 4483 consumerentur,
1410 4420 1436 4465 te
1460 4430 1525 4469 cura

59 4494 133 4565 ἱζεις,
145 4491 312 4572 ἐπετειχίζονν
326 4499 380 4558 τοῖς
394 4488 510 4562 σκώληξι
528 4488 576 4560 ela
596 4490 721 4565 τοιαύτην
774 4491 847 4550 omni
863 4491 1024 4567 liberarent,
1042 4505 1068 4552 et
1091 4494 1210 4553 suturam
1227 4495 1277 4555 tibi
1295 4513 1418 4578 parerent
1431 4501 1525 4561 vitam.

59 4583 267 4665 νίν.1ίαίπύοῳ
289 4575 438 4662 βίλτιονῆν
462 4581 496 4642 cd
520 4579 634 4661 σώματα
647 4607 721 4663 περι·
775 4585 804 4645 Si
820 4585 891 4644 nolis
911 4607 940 4644 ea
961 4587 1071 4645 atineis
1088 4587 1277 4657 consumi‚da
1291 4593 1528 4673 pauperibuszilli

68 4678 105 4740 τίς
120 4682 173 4737 τῶν
195 4676 329 4750 πενήτων,
344 4672 446 4735 loten
461 4674 513 4755 γὰρ
534 4674 579 4734 καί
600 4677 723 4737 ἀνάλωτα
740 4689 759 4736 c
777 4699 894 4757 namque
920 4678 978 4738 hec
998 4679 1158 4739 vestimenta
1173 4681 1259 4762 probe
1280 4684 1367 4745 sciunt
1390 4702 1525 4748 excutere.

59 4770 104 4832 καί
128 4767 265 4852 φροντίδος
287 4766 392 4840 ἀποίοης
412 4767 581 4842 ἀπήλλαττε,
605 4770 651 4829 καί
676 4769 723 4844 τὴν
778 4769 880 4829 Christi
895 4792 1011 4850 namque
1024 4792 1121 4852 corpus
1135 4773 1256 4851 qualibet
1272 4797 1333 4835 area
1348 4779 1492 4859 pretiosius
1504 4795 1530 4841 et
1549 4815 1552 4820 ·

59 4869 99 4923 ιάν
109 4887 151 4922 σοι
163 4859 232 4933 ζωὴν
242 4860 371 4938 ἐκόμιζεν.
380 4862 415 4919 Εἰ
426 4862 478 4941 γὰρ
490 4859 527 4938 μὴ
542 4860 630 4939 βούλει
640 4869 724 4922 ταῦτα
780 4864 863 4923 tutius
880 4877 936 4942 est,
950 4885 1037 4949 neque
1050 4878 1155 4924 tantum
1174 4888 1204 4926 ea
1220 4868 1339 4929 custodit
1357 4870 1510 4954 incorrupta
1523 4931 1531 4960 ,

61 4953 316 5036 ναητόδρωτα,δ“ος
331 4961 383 5020 τοῖς
398 4961 532 5033 πτωχοῖς·
556 4954 650 5014 ίκεῖνοι
671 4954 722 5037 γάρ
779 4954 827 5015 sod
850 4955 932 5015 etiam
955 4955 1136 5037 splendidiora
1163 4958 1263 5019 reddit.
1288 4963 1356 5021 Area
1377 4984 1448 5044 saepe
1470 4986 1532 5024 cum
1611 4964 1617 4971 ’

75 5048 112 5109 τὰ
132 5046 229 5127 ίμάτια
251 5052 336 5106 ταῦτα
357 5044 453 5113 εἰδότες
471 5045 604 5106 τινάσσειν
624 5049 721 5117 καλῶς.
780 5049 900 5109 testibus
913 5049 1024 5132 abrepta
1047 5066 1167 5112 extremo
1188 5067 1214 5114 te
1228 5055 1317 5115 affecit
1334 5054 1533 5119 damno:hanc

58 5223 103 5276 rel.
111 5230 283 5293 χαλεπώτερον.
803 5229 815 5265 θ
833 5232 898 5282 οὕτω
908 5238 953 5299 γὰρ
963 5235 1070 5285 ἀνάλωτα
1079 5239 1153 5298 ἔμενε.
1167 5231 1283 5284 hretinus
1295 5234 1368 5299 male,
1381 5252 1440 5302 qreoe
1451 5241 1474 5286 si
1487 5237 1533 5291 lroc

59 5310 115 5376 μ’
125 5309 228 5371 φίλων
239 5308 347 5375 χορεύσεις
359 5299 446 5354 τίσεται
460 5305 483 5354 ln
497 5303 585 5358 llorol.
766 5318 844 5375 puoto
857 5321 1063 5361 consumerentur.
