3750 5940
504 801 1005 934 ADMONlTlO

257 1069 307 1144 ΙΝ
334 1070 629 1165 SEQUENTEM
655 1070 718 1143 DE
742 1069 971 1145 LATRONE
994 1072 1271 1153 SERMONEM.

62 1312 92 1353 ne
107 1289 294 1373 Chrysostomi
307 1311 361 1348 uon
372 1311 428 1349 esse
439 1289 530 1349 statim
542 1289 634 1368 quivis
647 1287 718 1350 dicet
731 1289 775 1350 vel
786 1289 958 1350 mediocriter
967 1292 1079 1373 peritus,
1092 1315 1140 1354 nec
1151 1309 1190 1356 est
1205 1317 1235 1355 ca
1247 1296 1275 1355 in
1290 1319 1321 1357 rc
1330 1297 1434 1359 diutius
1448 1300 1546 1362 immo-

62 1407 98 1446 ιιι.
115 1385 178 1462 sod,
193 1383 268 1464 quod
289 1381 487 1442 obseruandum
505 1395 558 1459 est,
572 1395 632 1463 post
652 1382 727 1441 herne
744 1383 867 1461 sequitur
879 1385 953 1465 apud
966 1384 1101 1446 Sarilium
1123 1409 1211 1447 sermo
1227 1388 1298 1447 alius
1318 1391 1361 1450 cui
1382 1392 1493 1468 titulus,
1507 1399 1546 1464 ek

62 1479 160 1562 ισρύρον
182 1480 268 1561 ταρήν
283 1493 346 1552 etc,
362 1482 400 1536 In
413 1479 570 1559 vivificam
581 1477 770 1557 sepulturam.
785 1477 900 1538 Initium
914 1500 979 1539 vero
995 1479 1075 1540 εἴδετε
1082 1481 1143 1562 χθές
1162 1485 1260 1561 λῃστοῦ
1275 1487 1484 1565 εὐγνωμοσύνην,
1499 1489 1547 1551 καὶ

62 1575 106 1636 tes
118 1574 223 1654 μανίαν,
236 1575 357 1632 Wdistis
370 1575 434 1632 lieri
446 1574 570 1631 latronis
582 1575 774 1651 probitatem,
786 1586 814 1631 et
828 1574 998 1633 ludaeorum
1010 1578 1169 1635 insanium.
1184 1577 1267 1652 Quod
1278 1580 1421 1639 exordium
1431 1583 1469 1642 ita
1481 1604 1545 1643 con·

62 1689 108 1729 um
123 1682 171 1743 est,
187 1681 217 1726 nt
230 1666 383 1741 suadeatur,
398 1665 523 1724 eumdem
538 1686 594 1723 esse
608 1664 655 1742 qui
667 1664 863 1744 praecedentem
875 1664 911 1725 de
923 1666 1034 1740 latrone,
1046 1681 1072 1725 et
1088 1667 1157 1728 hunc
1170 1669 1204 1728 de
1213 1670 1350 1751 sepultura
1367 1673 1467 1732 Christi
1481 1696 1544 1735 con·

62 1783 73 1822 ι
85 1760 183 1822 emisit.
197 1760 282 1839 quue
296 1759 359 1819 dolo
371 1759 539 1817 machinatus
552 1771 593 1816 est
605 1759 747 1818 Graeculus
761 1758 907 1840 quispiam.
930 1761 1047 1837 Verum,
1060 1772 1091 1819 nt
1104 1775 1204 1821 certum
1219 1777 1259 1822 est
1271 1765 1389 1846 priorem
1402 1767 1544 1829 homiliam

62 1874 95 1915 oe
108 1853 307 1935 chrysostomi,
319 1852 357 1912 ita
367 1851 412 1912 vel
424 1873 459 1910 ex
469 1851 540 1933 stylo
550 1851 641 1910 statim
652 1851 825 1932 perspicuum
839 1866 889 1931 est,
905 1853 1079 1933 posteriorem
1091 1854 1174 1913 saneti
1187 1853 1304 1915 doctoris
1314 1879 1379 1919 esse.
1393 1860 1442 1920 Est
1451 1874 1541 1922 autem

61 1966 89 2004 m
98 1942 211 2005 homilia
226 1930 387 2022 octogesima
402 1964 470 2001 nona
482 1943 509 2002 in
524 1942 693 2018 lilntthaeum,
702 1964 783 2022 quam
798 1943 962 2025 repetitionis
977 1944 1094 2006 vitandae
1106 1966 1185 2007 causa
1197 1950 1426 2029 pretermisimus.
1441 1953 1541 2036 Epilo-

62 2058 97 2098 πο
111 2035 224 2096 moralis
235 2057 269 2094 cx
281 2034 395 2094 dirersis
406 2035 593 2116 Chrysostomi
607 2034 672 2094 locis
686 2035 884 2095 consarcinatus
898 2035 961 2096 suit.

62 2242 1532 2286 Q

61 2416 72 2451 ν
88 2392 192 2473 λῃστὴν
197 2438 205 2466 ,
222 2393 267 2451 καὶ
281 2398 317 2461 εἰς
332 2392 380 2465 τὴν
396 2395 538 2473 προδοσίαν
553 2398 598 2452 τοῦ
618 2396 743 2474 Σωτῆρος
759 2393 778 2441 Β
798 2395 837 2453 ln
850 2395 1005 2474 latronem,
1020 2410 1048 2455 et
1062 2401 1094 2456 in
1106 2400 1302 2478 proditionem
1314 2402 1478 2464 Servatorr’s
1492 2426 1544 2464 πο-

195 2489 272 2562 ἠμιῦν
284 2485 372 2559 Ἰησοῦ
387 2487 512 2566 Χριστοῦ.
1026 2493 1082 2548 stri
1096 2490 1168 2548 lesu
1186 2491 1307 2552 Christi.

61 2671 131 2745 πύση
146 2669 254 2750 δύναμις
273 2675 320 2743 τῆς
338 2669 468 2750 ἡμετέρας
485 2670 612 2745 πίστιωςς
623 2667 646 2730 ὣ
659 2670 741 2730 πόσον
834 2671 863 2727 ί.
886 2670 1027 2750 Oquauta
1046 2670 1087 2730 vis
1101 2685 1141 2730 est
1157 2687 1253 2733 nostrae
1271 2674 1355 2738 fidei!
1372 2699 1389 2736 o
1410 2692 1543 2755 quantum

75 2752 164 2822 δέησις
184 2751 353 2831 φιλοχρίστου
367 2754 433 2810 λαοῦ
451 2749 586 2832 {sulphur
619 2750 688 2820 ωλοῦ
708 2754 742 2809 ίε-
794 2748 864 2806 vatu
878 2749 997 2827 precatio
1008 2750 1100 2830 populi
1111 2751 1213 2811 Christi
1223 2755 1338 2821 amantis
1365 2757 1544 2819 rosaoerdote

61 2829 244 2914 τρεσύεύουσας
263 2830 316 2890 Καὶ
331 2830 369 2907 μὴ
384 2827 470 2906 ίενίση
489 2853 520 2888 σε
538 2829 569 2889 rh
583 2773 738 2907 δέηύμινον·
792 2841 932 2906 peccatore
944 2850 996 2907 sup
1016 2828 1141 2892 licentis!
1158 2832 1199 2890 Ne
1209 2845 1235 2890 te
1246 2832 1318 2892 hico
1364 2833 1427 2894 endi
1442 2836 1543 2898 modus

61 2911 94 2993 γδ
130 2911 203 2989 πορθ
224 2915 269 2969 τοῦ
285 2909 423 2969 θεσπεσίου
445 2908 552 2969 Παύλου
569 2906 656 2988 λέγειν
675 2910 742 2986 πρὸς
792 2920 902 2986 stupore
912 2851 1039 2987 percellat
1054 2932 1060 2964 :
1074 2908 1143 2968 illud
1156 2910 1227 2969 enim
1239 2910 1333 2973 divino
1347 2915 1432 2974 Paulo
1446 2914 1540 2977 docto·

61 2992 220 3068 Ικδιδειγριαι,
241 2988 383 3069 διαρρήδην
401 2993 428 3048 έν
439 2997 497 3054 ταῖς
513 2985 622 3054 sueta<
634 2986 739 3048 ίπιστσ-
792 3007 820 3043 rc
835 2985 912 3045 robis
926 2986 1016 3045 dicere
1036 2984 1140 3065 didici,
1162 2984 1216 3067 qui
1229 2991 1286 3051 haec
1304 2992 1332 3052 in
1346 2993 1466 3073 epistolis
1481 2997 1537 3056 suis
1682 3063 1684 3068 y

61 3079 91 3138 ιῖς
107 3075 237 3148 μαθηταῖς
251 3067 461 3135 ἐπιστέλλοντος·
476 3066 659 3147 Προσεύχεσθε
672 3066 739 3148 ὑπὲρ
792 3065 864 3123 clare
877 3065 944 3124 dicit
957 3065 1099 3147 discipulis
1115 3091 1122 3124 ι
1139 3071 1308 3130 Precumini
1314 3093 1369 3152 pro
1380 3096 1434 3149 me,
1449 3088 1480 3133 ut
1490 3078 1538 3134 de·
1548 3097 1630 3156 upon.
1650 3099 1675 3146 ς,

61 3149 101 3209 he
115 3150 177 3228 δοθῇ
189 3170 235 3226 μοι
247 3146 323 3227 λόγος
334 3151 360 3206 ἐν
373 3145 466 3214 ἀνοίξει
475 3152 520 3205 τοῦ
534 3146 663 3223 στόματός
674 3172 736 3224 μου.
794 3156 841 3203 tur
861 3147 934 3204 milii
945 3166 1039 3204 sermo
1055 3150 1087 3204 in
1106 3153 1257 3227 apertione
1270 3155 1328 3210 oris
1346 3157 1413 3214 mei.
1432 3154 1463 3213 Si
1474 3176 1539 3216 vcro
1550 3168 1587 3219 ¹9·

61 3231 181 3302 Παῦλος,
194 3228 225 3287 τδ
237 3233 328 3293 σκεῦος
341 3232 387 3298 τῆς
401 3229 524 3306 ἐκλογῆς,
536 3230 550 3284 ὁ
562 3226 680 3306 οὐράνιος
692 3226 739 3285 ἄν·
794 3224 906 3302 Paulus,
923 3246 971 3284 ras
984 3224 1129 3300 electionis,
1145 3226 1227 3287 homo
1238 3229 1361 3308 eaelestis,
1376 3234 1467 3311 gratie
1479 3255 1539 3294 ora-

61 3332 81 3379 ς,
91 3311 106 3367 δ
116 3313 164 3379 τῆς
179 3307 287 3387 χάριτος
309 3307 406 3386 ῥήτωρ,
419 3304 519 3386 δωρεδιν
537 3306 612 3386 παρὰ
635 3310 686 3364 τῶν
702 3309 739 3365 oi·
792 3316 845 3379 tor,
858 3303 1057 3384 precationibus
1069 3304 1266 3387 discipulorum
1279 3331 1390 3369 suorum
1404 3333 1473 3393 opus
1486 3313 1537 3373 ha-

60 3392 183 3469 μαθητῶν
196 3391 351 3466 προσευγῶν
366 3385 466 3454 ἐδέετο,
477 3385 552 3466 πύσιρ
585 3389 663 3446 ἄλλον
676 3384 740 3465 ἐγὼ,
792 3382 868 3457 huit,
883 3397 983 3461 quanto
999 3384 1085 3463 magis
1097 3407 1157 3464 ego,
1171 3407 1251 3466 quem
1268 3409 1360 3449 omnes
1373 3406 1539 3471 peccatorem

60 3482 109 3534 αις
129 3465 285 3546 ἁμαρτωλὸν
304 3455 444 3546 ἐγνώκατε.
465 3465 534 3524 Ἀλλ’
569 3489 625 3542 μως
638 3463 684 3523 καί
697 3489 738 3524 τε·
792 3483 848 3520 esse
867 3462 970 3522 nostis?
983 3470 1108 3523 Attamen
1129 3466 1172 3526 rel
1189 3467 1362 3548 publicanus,
1375 3471 1422 3548 qui
1436 3493 1452 3531 a
1466 3473 1541 3534 malo

63 3545 128 3608 noti
140 3553 185 3606 τοῦ
196 3550 310 3626 πονηροῦ
325 3550 423 3604 σκοποῦ
442 3542 626 3622 μεταθέμενος,
637 3543 739 3623 ἐγένετο
755 3565 775 3614 c
792 3540 914 3602 instituto
928 3564 957 3601 se
969 3543 1093 3612 removit,
1106 3542 1257 3626 discipulus
1268 3548 1379 3608 Domini
1389 3550 1476 3610 sactus
1486 3566 1538 3613 est.

60 3624 91 3698 λς
115 3632 160 3685 τοῦ
179 3625 295 3708 Κυρίου·
317 3616 376 3683 οἶδα
396 3622 424 3683 δέ
449 3624 495 3682 καὶ
515 3624 614 3703 πόρνην
637 3623 738 3705 διίκρυα
792 3621 855 3680 Scio
865 3643 972 3701 quoque
985 3623 1150 3684 meretricem
1166 3626 1327 3706 poenitcntiae
1341 3628 1475 3711 lacrymas
1485 3633 1539 3692 Do

60 3705 108 3773 νίας
119 3715 173 3773 τοῖς
186 3707 349 3771 δεσποτικαῖς
360 3702 445 3783 ἴχνεσι
459 3703 681 3802 προσενέγκασαν,
693 3703 740 3764 καί
792 3701 859 3759 mini
884 3701 1004 3782 vestigiis
1032 3704 1207 3781 offerentem,
1234 3707 1397 3766 meretricias
1421 3711 1539 3771 famosas

60 3785 240 3864 ιλυθρύλλητον
258 3788 306 3855 τῆς
324 3781 445 3865 πορνείας
468 3785 603 3860 μολυσμον
621 3782 739 3844 tronto-
793 3780 885 3840 sordes
902 3781 1019 3841 abluisse
1039 3783 1115 3842 :scio
1132 3783 1212 3842 etiam
1226 3787 1386 3865 prudentem
1398 3787 1477 3846 illum
1495 3789 1539 3849 la-

60 3888 66 3903 ·
81 3855 140 3927 οίδα
150 3867 193 3923 καί
208 3863 252 3923 τδν
266 3862 367 3934 ληστην
381 3865 477 3922 ἐκεῖνον
492 3862 535 3921 τὸν
547 3861 682 3943 φρόνιμον,
694 3864 738 3923 τδν
792 3872 905 3936 tronem,
914 3882 957 3920 res
970 3881 1079 3940 magnas
1093 3883 1142 3942 per
1153 3862 1237 3921 lideru
1245 3865 1367 3955 rapuisse
1379 3888 1385 3922 :
1397 3887 1459 3925 nam
1470 3868 1538 3928 furti

76 3942 120 4005 διὰ
138 3943 252 4011 πίστεως
270 3927 304 4002 rh
320 3942 424 4020 μεγάλα
439 3941 608 4013 συλήσαντα·
622 3946 670 4013 τῆς
684 3941 736 4021 γὰρ
792 3938 948 4018 hujusmodi
963 3939 1071 3998 lucrum
1090 3939 1230 4021 paradisus
1246 3942 1308 4002 furt.
1330 3945 1422 4004 Sentio
1443 3960 1468 4006 et
1487 3968 1539 4026 ego

60 4026 180 4096 ηςσῦτσῦ
193 4021 318 4102 λῃστείας
330 4022 360 4080 τὸ
376 4019 467 4102 κέρδος
486 4020 644 4100 παράδεισος
659 4019 737 4100 γίγο·
793 4017 969 4077 meeamdem
984 4017 1130 4077 anchoram
1147 4020 1303 4100 arripuisse.
1319 4022 1416 4083 Talem
1436 4026 1482 4104 qni
1504 4048 1538 4107 pc

61 4102 200 4181 ίσθένομαι
221 4101 296 4180 κάγὼ
309 4107 357 4172 τῆς
379 4100 502 4173 τοιαύτης
520 4098 635 4182 ἀγκύρας
647 4101 738 4158 ἐπιλα-
792 4096 923 4156 hahemus
938 4096 1085 4157 Dominum
1099 4099 1266 4168 clementem,
1277 4101 1324 4181 qui
1337 4118 1473 4184 acceptam
1484 4048 1537 4165 ha-

60 4206 87 4250 ις.
95 4184 221 4242 Τοιοῦτον
232 4181 284 4261 γὰρ
294 4179 389 4262 ἔχομεν
400 4179 537 4250 Δισπύτην
546 4179 740 4260 ριλοίνθρωπον,
793 4176 858 4235 bens
869 4175 1001 4236 sinceram
1017 4191 1135 4237 nostram
1147 4180 1339 4269 precationem,
1356 4185 1445 4243 statim
1456 4185 1537 4244 mise-

63 4262 141 4340 μύνον
166 4264 311 4340 εἰλικρινῶς
339 4259 479 4336 δεξάμενος
502 4261 566 4358 παρ’
589 4263 665 4337 ἡμῶν
689 4259 737 4331 τὴν
793 4256 938 4316 ricouliam
958 4278 1035 4315 suam
1048 4256 1178 4337 impertit.
1195 4253 1263 4319 Nam
1279 4261 1364 4340 legem
1378 4261 1473 4339 dedit;
1487 4264 1536 4324 sed

60 4341 176 4415 ,εὐθέως
187 4344 230 4401 τὸν
242 4341 315 4402 ίλεσν
331 4341 492 4399 ἀντιδίδωσι.
505 4341 595 4415 Nepos
610 4339 662 4419 γδιρ
676 4339 740 4398 ἔδω-
793 4358 855 4395 cum
869 4336 915 4395 lex
931 4336 978 4395 illa
993 4336 1118 4396 umbram
1132 4338 1220 4397 solum
1232 4340 1386 4400 futurorum
1406 4342 1537 4404 bonorum

60 4421 113 4481 λλδι
132 4420 208 4481 σκιὰν
226 4417 324 4501 ίγωνδ
340 4417 419 4486 uduo<
433 4423 485 4478 τῶν
505 4417 653 4497 μελλόντων
671 4423 738 4496 ιἰγα-
792 4416 915 4492 haberet,
928 4437 980 4475 nou
996 4431 1086 4475 autem
1100 4418 1187 4498 ipsam
1202 4440 1293 4478 rerum
1304 4421 1456 4498 veritatem,
1471 4424 1537 4483 illu-

59 4504 91 4561 ύκ
102 4501 184 4572 αὐτὴν
195 4488 259 4560 τῶνυ
266 4475 431 4581 πραγμύτων
446 4499 494 4569 τὴν
507 4496 641 4569 ἀλήθειαν,
656 4495 748 4577 ρωτί-,
793 4496 895 4554 minare
905 4517 956 4555 non
968 4495 1065 4575 potuit.
1075 4496 1332 4578 Propheticamvero
1342 4501 1451 4561 turham
1459 4503 1538 4582 qumi

59 4584 92 4641 θκ
116 4580 219 4660 lquor.
248 4578 419 4661 Προφητικδν
448 4579 530 4656 δῆμον
561 4581 597 4642 ὡς
622 4576 740 4656 πρίσύυν
791 4575 912 4655 legatum
924 4574 1013 4648 misit;
1028 4597 1123 4634 verum
1137 4598 1184 4664 pro
1204 4576 1309 4638 heticus
1322 4579 1368 4640 ille
1381 4583 1536 4662 populus,a

59 4663 139 4720 ιιλεν·
155 4656 487 4738 ἀλλδιιαλδπρορητικὸς
501 4658 583 4757 δῆμος
600 4654 740 4735 κρατηθεὶς
792 4653 1161 4743 mortedctentus‚elamavrt
1195 4654 1266 4717 icens
1281 4681 1288 4716 ε
1303 4660 1367 4740 Ego
1380 4682 1444 4720 sum
1457 4676 1535 4721 terra
1548 4686 1604 4729 Gen.
1617 4683 1653 4732 ,8,

59 4747 77 4799 νῦ
101 4738 213 4800 θανάτου
233 4737 326 4808 ἐύόησε
346 4736 446 4814 λέγων·
469 4736 542 4812 Ἐγω
562 4738 616 4812 εἰμι
633 4759 667 4814 γη
693 4733 738 4795 καὶ
792 4747 821 4793 et
832 4737 918 4793 cinis.
931 4733 1051 4813 Angelus
1065 4734 1245 4796 immutabilis
1256 4738 1388 4798 manendo
1402 4741 1535 4801 incarnari
1546 4759 1584 4806 η.

59 4844 72 4885 ς.
88 4819 211 4898 Ἄγγελος
231 4817 367 4896 ἀτρέπτοις
380 4821 541 4899 σαρκοῦσθαι
555 4817 602 4874 οὐκ
615 4812 737 4888 ἠδύνατο.
747 4849 784 4892 2„
793 4834 845 4872 non
864 4825 977 4892 poterat.
995 4814 1064 4872 Non
1077 4814 1215 4894 angelus,
1232 4816 1333 4896 inquit,
1350 4840 1409 4877 non
1423 4822 1649 4900 legetnotarius.
1661 4857 1686 4904 μ

59 4901 158 4977 γγελος,
172 4898 266 4977 ρησλν,
279 4900 308 4956 οὐ
321 4895 434 4977 πρέσύυς
456 4894 622 4975 ἐλυτρώσιιτο
636 4893 738 4965 αὐτοὺς,
757 4906 777 4952 λ
793 4894 914 4952 redemit
925 4912 984 4964 eos,
1000 4890 1052 4952 sed
1064 4897 1125 4973 ipse
1139 4895 1293 4957 Domirues.
1309 4897 1389 4958 Vidit
1403 4898 1475 4957 euim
1489 4920 1541 4960 or··

58 4979 115 5045 θτδς
126 4984 140 5038 ὁ
151 4976 258 5059 Κύριος.
267 4965 330 5036 rite
338 4974 442 5057 γὰρτὴν
453 4973 607 5053 οἰκουμένην
619 4972 740 5053 βοηθείας
794 4973 854 5030 hem
865 4970 968 5030 auxilio
981 4971 1152 5043 destitutum,
1165 4986 1190 5033 et
1203 4974 1339 5056 adipsum
1351 4977 1512 5038 clamantem
1524 5002 1533 5037 r

59 5057 156 5136 μένην,
169 5056 215 5115 καλ
230 5059 333 5135 βοῶσαν
346 5054 410 5158 πρὸς
425 5051 748 5134 αὖτύν·Κλῖνον,Κιίριι,·
794 5051 923 5123 ludim,
933 5053 1069 5127 Domine,
1080 5054 1250 5126 ecclesium,
1260 5068 1288 5113 et
1299 5057 1449 5116 descende.
1465 5059 1536 5117 Nam
1548 5083 1614 5135 emp,
1636 5089 1687 5154 ¹4³·
1747 5100 1754 5145 ρ

59 5135 165 5217 ’κρανούς
176 5159 238 5209 σου,
252 5135 298 5194 καὶ
309 5133 450 5206 καταύηθι.
465 5133 530 5195 'Etr
541 5133 592 5214 γδρ
606 5130 740 5213 chetei,
794 5130 817 5190 si
840 5143 884 5205 tu,
903 5129 1003 5209 inquit,
1022 5129 1059 5191 ad
1077 5152 1125 5193 nos
1144 5153 1198 5193 non
1219 5130 1401 5211 decendens,
1420 5156 1469 5196 nos
1488 5149 1572 5218 ρεαδ.

60 5214 145 5295 ratiti<
165 5215 230 5297 πρὸς
243 5218 329 5295 ἡμᾶς,
350 5218 428 5292 ἡμεῖς
449 5213 482 5272 δι’
497 5212 577 5274 ύλλου
595 5211 663 5280 τινδς
675 5209 740 5292 πρὸς
795 5209 880 5270 alium
893 5205 929 5270 td
942 5222 968 5270 te
982 5232 1036 5272 non
1050 5232 1194 5293 pessumus
1203 5211 1352 5274 mendae:
1368 5212 1448 5277 Vidit
1459 5235 1535 5296 ergo,
