3750 5940
235 374 259 459 4
396 385 401 391 ’
576 394 608 442 s.
634 394 775 444 somma
799 352 984 443 cunusosn.
1013 391 1168 442 anonim.
1196 391 1467 444 consummator.

233 515 348 595 hesper
363 514 529 577 Ecclesiam
545 516 735 601 multiformis
747 519 892 598 sapientia
907 517 975 575 Dei.
1031 514 1193 590 Ἐκκλησίας
1205 522 1223 591 ἡ
1234 516 1419 586 πολυποίκιλος
1432 515 1511 599 σοφία
1522 521 1568 576 τοῦ
1577 518 1657 579 Θεοῦ.
1672 517 1707 577 Εἰ
1716 515 1807 577 τοίνυν

232 607 264 669 Si
274 629 338 688 ergo
346 607 524 690 principatus,
535 620 688 691 poteatates,
702 607 851 670 Cherubim
860 623 887 670 et
896 609 978 670 Sera-
1031 606 1077 666 καὶ
1088 608 1169 690 ἀρχαί
1183 608 1228 669 καί
1241 609 1354 678 ἐξουσίαι
1364 609 1409 670 καί
1418 607 1453 669 τὰ
1465 609 1604 689 Χερουῦίμ
1614 607 1660 668 καί
1669 608 1703 668 τὰ
1718 609 1806 689 Σερα-

232 700 311 782 phim
322 702 434 783 hmoper
447 701 599 764 Eoclesiam
612 701 775 780 didicerunt,
790 702 882 786 palam
897 716 935 764 est
944 702 980 763 il·
1031 698 1132 780 φίμδιίι
1143 705 1189 774 τῆς
1200 699 1362 775 Ἐκκλησίας
1374 702 1471 781 ἔμαθον
1482 708 1575 774 ταῦτα,
1586 701 1694 775 εὔδηλον
1704 701 1744 761 ὅτι
1757 701 1806 762 καί

233 792 274 853 los
283 813 450 873 magnacum
458 794 602 854 attentione
612 794 671 855 liae
679 793 831 855 edidicisse.
841 795 979 855 Certenou
1032 781 1805 876 αῦταιραεὰπολλῆςτῆςσροδρθτητοςπερίταθτηνὲσποῦ

232 902 318 962 parvo
336 880 403 941 hino
418 881 520 943 honore
541 883 687 959 allicimur,
700 881 774 963 quod
787 882 876 964 angeli
889 903 920 942 ea
933 903 980 942 uo·
1032 885 1116 944 δασαν
1138 884 1187 958 τὴν
1199 885 1335 968 ἀκρόασιν.
1351 886 1405 947 Καί
1415 885 1467 967 γὰρ
1479 885 1525 947 καί
1542 885 1628 968 τούτῳ
1639 886 1807 966 τετιμήμεθα

232 972 793 1056 bisoumaudiaut,quaeignorabant:quod
802 973 980 1035 antemetiam
1031 981 1061 1039 οῦ
1076 983 1195 1061 μικρῶς,
1207 983 1247 1062 τῷ
1258 983 1315 1059 μεθ’
1330 982 1408 1058 ἡμῶν
1421 979 1480 1048 τολς
1493 979 1618 1060 ἀγγέλους
1630 984 1721 1057 μαθεῖν
1735 979 1807 1060 ὅπερ

233 1085 283 1146 per
300 1086 358 1143 nos,
370 1065 492 1126 nondum
510 1066 601 1127 dicam
621 1066 764 1147 quomodo.
776 1067 898 1127 Multum
915 1087 979 1147 ergo
1030 1070 1154 1150 ἠγνόουν·
1169 1073 1200 1132 τὸ
1210 1070 1238 1132 δὲ
1248 1071 1294 1132 καὶ
1306 1079 1318 1106 ⁶
1328 1073 1361 1132 δι’
1374 1071 1545 1151 ἡμῶν,οῦτω
1560 1071 1625 1140 τέως
1638 1071 1716 1152 φημί.
1727 1072 1806 1130 Πολ-

233 1155 413 1218 adhibeamus
435 1180 497 1220 cum
518 1159 647 1220 modestia
667 1160 814 1239 silentium,
828 1181 882 1220 non
898 1159 979 1221 hodie
1030 1162 1080 1236 λὴν
1100 1154 1144 1224 οῦν
1163 1164 1327 1248 παρέχωμεν
1340 1164 1386 1225 καὶ
1405 1171 1483 1243 ἡμεῖς
1503 1163 1552 1237 τὴν
1566 1163 1642 1245 οιγλν
1665 1163 1733 1243 μετὰ
1756 1168 1805 1237 τῆς

233 1261 350 1328 tantum,
360 1265 406 1310 aut
429 1273 461 1312 eo
479 1251 623 1313 dumtaxat
644 1274 699 1332 quo
718 1252 846 1313 audimus
865 1253 918 1331 die,
932 1253 980 1315 sed
996 1256 1017 1304 t)
1031 1256 1185 1334 εὐκοσμίας,
1197 1256 1235 1335 μὴ
1247 1257 1361 1341 σήμερον
1376 1256 1464 1337 μόνον,
1479 1255 1546 1336 μηδὲ
1560 1256 1630 1318 κατὰ
1642 1256 1690 1331 τλν
1700 1255 1807 1337 ἡμέραν

233 1362 284 1422 per
295 1355 380 1403 totam
389 1343 488 1421 vitam3
504 1344 568 1423 quia
576 1344 656 1404 illum
665 1345 738 1405 omni
753 1360 873 1427 tempore
884 1345 980 1407 audire
1031 1349 1058 1407 tv
1068 1338 1087 1428 ᾗ
1098 1347 1237 1428 ἀκούομεν,
1253 1348 1322 1410 ἀλλὰ
1337 1348 1381 1409 διὰ
1391 1349 1488 1419 παντὸς
1500 1357 1546 1410 τοῦ
1563 1348 1636 1429 βίου·
1651 1347 1741 1421 ἐπειδὴ
1759 1348 1806 1408 καὶ

233 1431 402 1494 fluctuosum
420 1448 468 1495 est.
485 1437 555 1496 Nam
578 1437 601 1497 si
620 1457 651 1497 ea
668 1457 728 1515 quae
742 1437 770 1497 in
784 1437 858 1519 regia
875 1457 978 1518 gerun-
1031 1439 1075 1500 διίι
1087 1441 1184 1511 παντὸς
1201 1441 1305 1503 ἀκούειν
1320 1445 1397 1503 αὐτοῦ
1411 1442 1501 1504 καλόν.
1517 1444 1551 1503 Εἰ
1562 1439 1659 1525 γὰρτθ
1678 1444 1705 1502 ἐν
1728 1444 1806 1521 βασι-

234 1542 288 1608 tur,
302 1531 370 1591 scire
383 1545 523 1613 optamus3
537 1553 633 1614 nempe
649 1531 718 1612 quid
731 1534 881 1614 imperator
889 1534 978 1611 iaciat,
1030 1532 1109 1602 λείοις
1119 1533 1244 1614 γινόμενα
1254 1541 1384 1615 ποθοῦμεν
1398 1536 1509 1596 εἰδέναι·
1523 1526 1589 1610 οἷον,
1597 1534 1624 1594 τί
1639 1525 1710 1608 εἶπε,
1721 1532 1748 1593 τί
1759 1557 1806 1593 ιτε-

233 1623 302 1704 quid
309 1623 344 1684 de
356 1625 474 1686 subditis
485 1626 615 1703 consulat,
624 1625 729 1686 etiamsi
740 1647 811 1712 aaepe
819 1625 849 1685 id
860 1627 929 1686 nihil
942 1626 978 1686 ad
1030 1624 1141 1700 ποίνριε,
1154 1625 1181 1686 τί
1195 1625 1347 1706 βαυλεῦεται
1367 1626 1428 1709 πιρλ
1442 1631 1495 1688 τῦιν
1509 1625 1664 1709 ἀρχομίνιυν
1687 1630 1701 1686 θ
1722 1629 1805 1704 βασι-

235 1734 283 1775 uos
297 1715 408 1777 attineat
420 1741 426 1776 ι
441 1717 527 1778 multo
540 1717 627 1797 magis
637 1739 698 1797 qua
713 1719 788 1778 Deus
800 1717 873 1778 dixit
885 1717 979 1780 audire
1029 1717 1123 1793 λεθονν,
1138 1717 1226 1779 καίτοι
1236 1742 1266 1800 γε
1275 1718 1403 1788 πολλάκις
1413 1717 1485 1780 nott
1495 1719 1560 1801 πρὸς
1572 1723 1644 1797 ἡμᾶς
1653 1718 1730 1778 ὄντα·
1741 1719 1806 1778 πολ-

233 1809 384 1892 optandum
395 1826 451 1873 est:
462 1834 524 1872 cum
535 1811 708 1872 maximeilla
718 1811 808 1872 omnia
817 1811 853 1871 ad
863 1833 912 1872 uos
920 1834 979 1894 spe·
1029 1813 1069 1894 λιῙι
1090 1815 1190 1891 μᾶλλον
1203 1813 1271 1894 ὅπερ
1289 1817 1304 1872 θ
1321 1811 1390 1882 Θεὸς
1410 1803 1469 1874 εἶπε
1482 1812 1600 1873 ποθεινὸν
1617 1815 1744 1886 ἀκοῦσαι,
1759 1809 1807 1872 καλ

233 1913 314 1961 etent.
324 1901 388 1963 llaec
411 1924 492 1985 porro
506 1895 602 1963 cuncta
616 1917 740 1963 aocurate
752 1903 800 1963 ille
812 1904 891 1963 nobis
903 1924 978 1964 enar·
1030 1903 1147 1982 μαλιστα
1156 1903 1290 1985 ὅτανῆμῑν
1300 1902 1424 1964 αἅπαντα
1434 1903 1652 1985 διαρίρῃ.Ταῦτα
1662 1902 1690 1964 δὲ
1699 1904 1806 1963 ἅπαντα

232 1994 314 2074 rabit,
327 1995 401 2076 quod
420 1997 493 2078 ragis
506 1996 610 2057 amicus
631 1997 677 2075 sit,
690 1996 745 2057 imo
758 1996 832 2076 quod
846 2017 937 2078 regem
950 1996 979 2057 in
1031 1996 1100 2076 μετὰ
1115 1997 1251 2080 ιὐιριῦείας
1263 2002 1329 2076 ἡμῖν
1342 1987 1416 2065 οὗτος
1430 1999 1500 2080 ἐρεῖ,
1514 1997 1587 2077 φίλος
1602 1999 1682 2056 αὐτοῦ
1695 2001 1740 2055 τοῦ
1752 1997 1806 2074 βα-

232 2087 424 2168 aeloqueutem
432 2089 531 2149 habeat
538 2088 680 2168 omniaque
698 2087 792 2148 abillo
802 2087 906 2163 audiat,
918 2109 978 2168 quae
1030 2089 1175 2160 σιλεθοντος
1187 2089 1239 2151 ὧν·
1261 2093 1361 2170 μᾶλλον
1381 2089 1412 2151 ll
1427 2089 1473 2150 καί
1493 2089 1571 2150 αὐτὸν
1586 2089 1654 2171 ίχων
1668 2090 1696 2147 ἐν
1718 2090 1806 2168 ἐαυτῷ

145 2237 150 2248 ,
192 2235 198 2249 ,
232 2178 279 2240 ille
294 2182 401 2242 aPatre
418 2181 540 2264 accipit:
556 2203 620 2241 uam
639 2181 686 2258 ait,
701 2181 760 2241 Vos
778 2182 843 2241 dixi
857 2185 977 2257 amicos,
996 2188 1015 2236 tt
1030 2186 1175 2258 λαλοῦντα,
1185 2183 1231 2243 καί
1243 2186 1308 2264 παρ’
1322 2186 1401 2244 αὐτοῦ
1414 2181 1502 2242 πάντα
1517 2180 1629 2257 ἀκούων,
1640 2180 1658 2239 d
1671 2179 1746 2260 παρὰ
1759 2186 1806 2239 τοῦ

85 2280 94 2311 ¹
115 2299 121 2312 ·
233 2277 491 2356 quiaomnr‘aquoe
502 2276 605 2336 audivi
615 2275 736 2335 aPotre
746 2294 818 2349 meo,
836 2275 980 2352 notnjeei
1030 2276 1137 2357 Πατρθς
1150 2279 1261 2344 ἐκεῖνος·
1272 2275 1359 2354 Ὑμῦς
1374 2274 1426 2356 γθιρ
1439 2274 1532 2355 εἴρηκα
1544 2273 1632 2356 φίλους
1642 2319 1650 2346 ,
1661 2272 1751 2353 μησίν,
1764 2271 1806 2333 ὅτι

233 2371 326 2428 vobit.
340 2365 576 2440 Quemadmodum
596 2366 730 2446 igitur,si
750 2387 830 2446 quem
844 2387 977 2426 eaummo
1029 2366 1134 2442 πάντα,
1146 2367 1164 2426 d
1177 2368 1279 2440 ἤκουσα
1299 2366 1374 2448 παρὰ
1391 2373 1438 2428 τοῦ
1462 2365 1568 2448 Πατρός
1588 2390 1652 2445 μου,
1674 2364 1806 2447 ἐγνώρισα

231 2461 298 2522 caelo
317 2482 434 2544 pronum
457 2474 565 2543 repente
576 2459 734 2540 viderimus,
747 2460 795 2541 qui
808 2459 977 2543 promitteret
997 2507 1011 2548 t
1029 2463 1102 2540 ὑμῖν.
1113 2457 1220 2543 Ὥσπερ
1234 2450 1278 2520 οῦν
1291 2458 1318 2518 εί
1328 2483 1388 2519 τινα
1406 2459 1505 2519 ἄνωθεν
1517 2461 1548 2518 ἐκ
1565 2460 1614 2529 τῆς
1628 2461 1744 2538 κορυφῆς
1760 2463 1806 2518 τοῦ

231 2575 260 2614 se
272 2555 354 2615 nobis
361 2553 477 2615 celestia
486 2567 610 2614 accurate
623 2552 771 2630 diotumm,
779 2573 871 2614 omnes
883 2573 977 2611 acem-
993 2561 1015 2609 Δ
1029 2555 1137 2636 οὐρανοῦ
1158 2551 1322 2633 διακθίισντα
1339 2551 1433 2634 ἀθρόον
1446 2550 1559 2631 εἴδομεν,
1578 2549 1623 2612 καί
1642 2549 1806 2630 ίπαγγιλλό-
1830 2595 1832 2599 ι

231 2667 350 2708 remmus
363 2671 370 2705 ι
383 2646 422 2707 ita
434 2666 507 2706 nunc
524 2667 631 2727 quoque
640 2645 730 2706 affecti
744 2645 837 2704 simus.
853 2643 899 2703 Ex
911 2644 977 2706 eaelo
1029 2668 1107 2726 μενον
1116 2644 1151 2705 τὰ
1162 2648 1216 2705 ἐκεῖ
1232 2643 1299 2723 μετὰ
1312 2643 1449 2726 ἀκριῦείας
1458 2646 1536 2725 ἐρεῖν,
1546 2643 1642 2711 πάντες
1653 2641 1683 2702 ἂν
1694 2642 1807 2726 ἐπεδρά-

231 2760 349 2820 namque
359 2740 404 2803 vir
419 2740 467 2800 ille
477 2760 527 2800 nor
541 2739 690 2819 alloquitur
703 2763 710 2796 ι
725 2759 779 2798 σοιν
793 2738 865 2798 euim
879 2751 920 2798 est
930 2758 977 2799 er·
1030 2759 1114 2816 μομεν
1127 2759 1133 2772 ·
1147 2733 1217 2796 οῦτοι
1227 2737 1273 2794 καί
1286 2742 1330 2796 νῦν
1346 2736 1534 2814 ’διατεθῶμεκ
1546 2735 1663 2795 Ἐκεῖθεν
1677 2733 1729 2816 γὰρ
1738 2739 1807 2811 ἡμῖν

77 2852 146 2898 toan.
168 2851 204 2899 ιε.
230 2830 283 2892 hoc
296 2832 409 2912 mundo,
425 2847 455 2893 ut
470 2831 552 2892 etiam
560 2830 629 2891 dicit
638 2831 695 2913 ipse
709 2830 834 2891 Christus
847 2855 854 2888 ι
868 2831 978 2891 Vorde
1029 2829 1120 2910 θείνλρ
1137 2820 1211 2899 οὗτος
1225 2828 1383 2910 διαλέγεται.
1402 2828 1505 2911 Οῦγιίρ
1518 2830 1635 2888 terrvlae
1646 2833 1692 2886 τοῦ
1702 2826 1806 2905 κόσμου

82 2931 118 2977 '9-
231 2927 287 2987 ltoc
312 2928 422 2986 mundo
446 2946 507 2985 non
524 2929 606 2996 estis;
622 2938 648 2984 et
665 2923 835 2984 Paracletum
849 2923 877 2983 in
893 2923 977 2982 selo·
1029 2922 1140 2998 τοῦτον,
1153 2921 1240 2991 καθώς
1253 2945 1320 3005 φησι
1332 2919 1379 2981 καλ
1391 2919 1467 2989 αὐτὸς
1480 2925 1495 2980 θ
1509 2918 1640 3002 Χριστός·
1654 2917 1747 2997 Ὑμεῖς
1757 2921 1805 3003 οῦκ

229 3033 354 3100 quantem
376 3019 468 3098 habet,
481 3019 583 3098 ubique
600 3033 765 3100 praesentem,
774 3017 822 3099 qui
843 3017 879 3078 ita
902 3019 977 3080 novit
1030 3014 1088 3078 ἐστί
1102 3019 1133 3076 ἐκ
1142 3022 1188 3078 τοῦ
1202 3015 1303 3096 κόσμου
1315 3011 1423 3074 τοῦτου·
1438 3011 1485 3073 καί
1497 3012 1541 3073 τὸν
1555 3011 1734 3095 Παροίκλητυν
1747 3006 1804 3092 ἔχει

229 3131 260 3170 ea
273 3134 332 3191 quae
344 3110 396 3172 Dei
409 3124 483 3188 sunt,
494 3110 623 3171 utnnima
632 3106 750 3170 hominis
764 3130 877 3170 ressuas
887 3109 975 3186 novit;
1028 3107 1204 3190 φθεγγόμενον
1228 3111 1256 3170 lu
1277 3108 1363 3187 ἐαυτῷ
1382 3106 1427 3167 τὸν
1443 3109 1580 3187 πανταχοῦ
1603 3103 1742 3186 παρόντα,
1757 3102 1803 3162 τὸν

228 3203 364 3285 Spiritum
376 3225 472 3285 nempe
485 3203 644 3279 sanctitatis,
658 3202 793 3285 Spiritum
807 3202 976 3282 rectum,qui
1026 3199 1109 3270 οῦτιυς
1120 3199 1236 3284 ἀκριῦῶς
1247 3199 1334 3260 είθότα
1342 3198 1377 3259 τὰ
1387 3205 1433 3259 τοῦ
1443 3200 1528 3272 Θεοῦ,
1539 3195 1615 3265 ὡςτθι
1626 3199 1721 3270 ἑαυτῆς
1734 3185 1803 3256 οἶδεν

227 3295 323 3377 dirigit
342 3311 369 3358 et
382 3296 458 3357 ducit
477 3296 506 3356 in
517 3297 625 3368 celum,
637 3296 686 3375 qui
704 3317 788 3357 novos
807 3295 855 3355 dat
872 3296 975 3372 oeulos,
1026 3298 1044 3367 ἡ
1058 3296 1111 3354 τῶν
1125 3290 1270 3374 ἀνθρώπων
1290 3290 1379 3372 ψυχή·
1390 3289 1425 3351 ,τὸ
1439 3292 1551 3368 Πνεῦμα
1569 3294 1618 3361 τῆς
1639 3286 1803 3369 ἁγιωσύνης,

227 3387 275 3467 qui
288 3386 318 3448 id
331 3387 415 3448 eflicit
427 3400 458 3447 ut
471 3388 563 3448 lutura
577 3403 713 3467 tamquam
725 3387 865 3468 praeseutia
878 3387 974 3451 videa·
1026 3387 1057 3448 τὸ
1074 3389 1182 3465 Πνεῦμα
1196 3386 1228 3446 τὸ
1240 3383 1328 3460 ιθθίς,
1346 3384 1377 3445 τθ
1393 3383 1560 3464 ἡγεμονικὸν,
1573 3383 1605 3443 τθ
1623 3391 1804 3465 χειραγωγοῦν

104 3499 307 3573 Evangatitmmr
320 3493 347 3539 et
364 3479 393 3540 in
410 3500 489 3540 mrue
503 3479 618 3541 calestia
641 3479 802 3539 iutueamur.
820 3480 871 3539 Per
890 3492 976 3540 totam
1028 3482 1064 3546 είς
1075 3475 1135 3546 τοῦς
1155 3474 1347 3560 οθρανοθς,,τ“ο
1366 3482 1456 3537 ποιοῦν
1469 3473 1618 3556 ὀφθαλμοὺς
1633 3474 1752 3558 ἑτέρους,
1773 3477 1806 3538 τὸ

77 3577 183 3622 nutanti
230 3592 294 3652 ergo
305 3572 393 3634 vitam
415 3593 465 3632 nos
485 3571 510 3631 ei
525 3570 618 3633 sedato
632 3585 658 3631 et
674 3571 818 3651 tranquillo
827 3571 918 3633 animo
930 3593 977 3632 er·
1027 3569 1225 3653 παρασκευάζον
1240 3569 1276 3630 τὰ
1295 3569 1424 3650 μέλλοντα
1437 3571 1474 3637 ὥς
1487 3565 1522 3628 τὰ
1537 3566 1656 3650 παρόντα
1675 3574 1749 3651 θρᾷν,
1772 3570 1805 3630 τὸ

78 3639 168 3684 ΜΝ·
229 3663 374 3724 hibeamus
385 3688 391 3721 :
402 3685 481 3724 nemo
492 3664 618 3745 ignavus,
629 3663 707 3723 nemo
717 3663 923 3743 somniculosus,
933 3664 977 3725 vel
1028 3663 1074 3724 καί
1085 3661 1161 3742 perd}-
1168 3662 1264 3745 σαρκὸς
1281 3660 1316 3723 τὰ
1329 3665 1420 3728 ἕντοῖς
1435 3659 1731 3742 υῦρανοῑςκατοπτεθειν
1745 3686 1804 3722 πα-

228 3756 344 3817 maeulis
360 3777 496 3838 respersus
516 3756 563 3817 hie
577 3770 682 3816 maneat
697 3779 705 3813 ι
719 3755 767 3817 red
777 3756 805 3815 in
818 3756 914 3817 calum
928 3779 976 3818 nos
994 3767 1012 3814 B
1031 3756 1117 3839 ρίχον.
1134 3753 1265 3828 1’Πολλὴν
1285 3753 1372 3815 τοίνυν
1390 3753 1552 3835 παρίχιυμεν
1567 3753 1615 3826 τλν
1627 3752 1741 3834 ἡσυχίαν
1759 3753 1805 3815 διὰ

228 3850 437 3928 transieramus,
468 3849 517 3909 ubi
538 3849 701 3929 evangelista
725 3849 844 3935 loquitur
868 3850 902 3910 iis
928 3852 977 3931 qui
1028 3851 1125 3919 παντὸς
1134 3852 1205 3930 αὐτῷ
1215 3855 1260 3910 τοῦ
1272 3848 1450 3928 βίυυ·μηδείς
1460 3847 1560 3923 νωθὴς,
1572 3847 1664 3926 μηδείς
1674 3848 1803 3922 ὑπνηλὸς,

228 3943 290 4004 istie
303 3956 501 4006 conversantur.
514 3941 545 4003 Si
558 3942 586 4002 in
600 3956 672 4003 terra
685 3963 851 4022 maneamus,
858 3943 923 4003 hinc
937 3943 977 4004 ni·
1029 3941 1121 4022 μηδείς
1135 3938 1257 4023 ῥυπώδης
1267 3943 1379 4002 ἐνταῦθα
1392 3938 1479 4001 είσιθιν
1495 3939 1612 4019 μενέτω·
1627 3937 1696 3999 ἀλλὰ
1716 3963 1802 4019 μετα-

228 4033 270 4095 hil
279 4035 348 4096 lueri
362 4033 520 4095 referimus:
531 4034 644 4097 loannis
659 4033 762 4116 quippe
775 4032 921 4116 disciplina
933 4035 977 4096 ni·
1028 4035 1167 4113 στήσωμεν
1180 4032 1286 4102 lantolt
1303 4033 1368 4115 πρὸς
1381 4032 1426 4093 τὸν
1439 4030 1547 4114 ὠρανόν
1560 4055 1566 4068 ·
1580 4034 1635 4092 tut
1655 4030 1708 4114 γὰρ
1718 4038 1803 4092 ταῦτα

228 4129 270 4190 hil
282 4130 376 4191 attinet
389 4129 425 4190 ad
439 4150 496 4208 eos,
508 4129 557 4209 qui
567 4150 584 4188 a
594 4129 650 4189 vita
666 4127 756 4210 porois
770 4127 854 4209 digna
865 4128 977 4189 nonab-
1028 4128 1168 4211 φθέγγεται
1176 4135 1230 4196 τοῖς
1244 4131 1298 4187 ἐκεῖ
1311 4124 1529 4206 πολιτευομένοις.
1544 4123 1601 4185 Κᾶν
1616 4123 1746 4204 μείνωμεν
1758 4125 1803 4186 ἐπὶ

229 4220 574 4300 sistunt,quemadmodum
594 4219 665 4281 nihil
679 4220 794 4280 attinent
803 4220 840 4280 ad
859 4242 921 4282 eum
933 4243 975 4283 rea
1027 4226 1074 4295 τῆς
1083 4225 1146 4302 γῆς,
1157 4216 1230 4280 noto
1244 4219 1419 4302 κερδανοῦμεν
1433 4221 1547 4277 ἐντεῦθεν
1564 4216 1642 4297 μίγα.
1654 4216 1739 4278 Οὐδὲν
1750 4215 1804 4300 γὰρ

228 4312 361 4374 humauae.
375 4313 491 4377 Touitru
515 4311 642 4393 quidem,
657 4312 827 4373 inconditum
851 4314 975 4377 emittent
1027 4314 1091 4394 πρὸς
1104 4311 1164 4380 τοὺς
1178 4314 1207 4372 αθ
1220 4309 1391 4392 βουλομένους
1405 4312 1592 4390 ἀπαλλαγῆναι
1601 4314 1647 4369 τοῦ
1659 4305 1805 4391 χοιριῦδαυς

228 4404 451 4483 συνοικειοῦντος
469 4419 573 4465 nostroe
590 4405 785 4487 puterrelaeit3
799 4405 912 4467 loannis
924 4426 975 4464 au·
1028 4404 1085 4486 βίον
1097 4405 1133 4465 τθι
1141 4403 1279 4477 Ἰωάννου,
1292 4401 1383 4484 ὥσπερ
1396 4392 1439 4462 οῦν
1454 4400 1512 4462 οὐδὲ
1523 4401 1589 4482 πρὸς
1603 4404 1699 4460 ἐκεῖνον
1714 4399 1749 4460 τὰ
1762 4402 1804 4459 ἐν·

227 4514 282 4560 tem
291 4498 488 4561 voxneminem
498 4497 623 4559 fidelium
633 4499 734 4577 turbat,
744 4499 800 4560 imo
810 4521 845 4560 ex
854 4500 974 4560 tumultu
1027 4504 1120 4558 ταῦθα.
1131 4496 1166 4557 Ἦ
1183 4496 1231 4576 μὲν
1248 4485 1294 4556 niv
1307 4493 1403 4578 βροντὴ
1418 4494 1599 4566 καταπλήττει
1612 4491 1660 4560 τὰς
1671 4493 1804 4574 ἡμετέρας

226 4607 254 4654 et
274 4591 474 4675 perturbatione
486 4590 593 4668 eximit,
607 4591 728 4670 solisque
737 4590 905 4653 daemonibus
924 4606 976 4652 ten
1026 4588 1131 4672 ψυχὰς,
1143 4588 1247 4668 ἄσιγμον
1262 4587 1359 4669 ἔχουσα
1384 4585 1432 4659 τὴν
1444 4586 1532 4666 ἠχήν·
1546 4591 1564 4658 ἡ
1576 4583 1604 4645 tt
1618 4583 1710 4645 roiano
1727 4585 1803 4666 φωνὴ

227 4686 284 4745 rori
303 4699 352 4761 est,
366 4696 392 4743 et
411 4681 566 4742 daemonum
579 4683 673 4744 σεενίε.
689 4684 729 4742 Ut
749 4682 890 4744 videamus
912 4705 976 4765 ergo
1026 4681 1130 4764 θορυῦεῑ
1153 4680 1200 4760 μίν
1220 4679 1312 4742 αὐῦίνα
1332 4683 1384 4739 τῶν
1407 4681 1519 4751 πιστῶν,
1545 4674 1615 4736 ἀλλὰ
1639 4677 1685 4736 καί
1713 4675 1804 4749 ἀνίησι

226 4798 280 4859 quo
293 4789 373 4859 paeto
388 4774 450 4837 illos
468 4788 574 4853 terreat,
588 4789 614 4835 et
629 4774 720 4836 animo
735 4775 863 4838 sileamus
878 4791 904 4838 et
918 4799 974 4857 ore,
1025 4776 1134 4858 θορθῦον
1148 4775 1194 4836 καί
1212 4778 1347 4858 ταραχῆς·
1362 4771 1543 4844 καταπλήττει
1564 4769 1592 4831 δὲ
1615 4768 1741 4849 δαίμονας
1755 4769 1804 4848 μό-

257 4976 268 5000 0
286 4956 396 5023 Quidam
409 4960 437 5011 δι’
446 4965 515 5026 ἡμᾶς.
526 4953 595 5008 lbid.
609 4967 667 5023 port
677 4962 739 5013 οὕτω
749 4965 806 5020 τίεις
818 4969 875 5032 ρημί
897 4957 984 5011 llorel.
1070 4973 1082 4998 e
1099 4957 1177 5011 Saull.
1190 4969 1217 5010 et
1234 4956 1370 5023 limpore
1386 4970 1474 5006 omues
1492 4959 1639 5023 διατεθειμιν.
1649 4949 1738 5004 llorel.
1752 4955 1804 5007 δια·

223 5037 364 5107 etquidem
375 5034 418 5088 alii
426 5033 525 5087 addunt
536 5043 623 5095 τὶνωνή
634 5044 702 5092 ιιοίυν
714 5043 784 5092 ὄντων
795 5046 867 5107 ἡμῶν,
876 5055 931 5108 que
941 5037 987 5091 de·
1037 5045 1121 5106 θῶμεν.

221 5129 281 5170 aunt
290 5119 317 5169 in
327 5115 407 5169 Saril.
418 5127 444 5168 et
454 5116 481 5167 ln
492 5112 589 5167 catoris
599 5114 657 5168 tta.
1069 5118 1082 5156 ί)
1099 5112 1178 5167 Savil·
1192 5125 1217 5165 ot
1228 5111 1332 5181 quidem
1345 5118 1432 5175 πολλὴν
1443 5115 1480 5167 οὖν
1491 5120 1639 5184 παρίχωμιν.

245 5197 265 5280 ³⁴
282 5196 353 5248 Unus
363 5202 454 5250 ἅπαντα
466 5201 519 5263 ἡμῖν
531 5197 641 5267 ῦιαρεριιν
652 5201 771 5262 μάθωμεν.
