<?xml version="1.0" encoding="UTF-8"?>
<!DOCTYPE html PUBLIC "-//W3C//DTD XHTML 1.0 Transitional//EN"
    "http://www.w3.org/TR/xhtml1/DTD/xhtml1-transitional.dtd">
<html xmlns="http://www.w3.org/1999/xhtml" xml:lang="en" lang="en">
 <head>
  <title>
</title>
<meta http-equiv="Content-Type" content="text/html;charset=utf-8" />
  <meta name='ocr-system' content='tesseract 3.04.00' />
  <meta name='ocr-capabilities' content='ocr_page ocr_carea ocr_par ocr_line ocrx_word'/>
</head>
<body>
  <div class='ocr_page' id='page_1' title='image "./sanctipatrisnos02chrygoog_0975.png"; bbox 0 0 3750 5940; ppageno 0'>
   <div class='ocr_carea' id='block_1_1' title="bbox 581 361 1501 505">
    <p class='ocr_par' dir='ltr' id='par_1_1' title="bbox 581 361 1501 505">
     <span class='ocr_line' id='line_1_1' title="bbox 1049 361 1223 407; baseline 0 0"><span class='ocrx_word' id='word_1_1' title='bbox 1049 361 1057 375; x_wconf 80' lang='grc'><em>’</em></span> <span class='ocrx_word' id='word_1_2' title='bbox 1198 363 1223 407; x_wconf 72' lang='lat' dir='ltr'>e</span> 
     </span>
     <span class='ocr_line' id='line_1_2' title="bbox 581 406 1501 505; baseline 0.002 -33"><span class='ocrx_word' id='word_1_3' title='bbox 581 428 614 474; x_wconf 88' lang='lat' dir='ltr'>iu</span> <span class='ocrx_word' id='word_1_4' title='bbox 642 427 770 479; x_wconf 75' lang='lat' dir='ltr'>nascita</span> <span class='ocrx_word' id='word_1_5' title='bbox 797 426 857 476; x_wconf 92' lang='lat' dir='ltr'>vii.</span> <span class='ocrx_word' id='word_1_6' title='bbox 1429 406 1501 505; x_wconf 85' lang='lat'>967</span> 
     </span>
    </p>
   </div>
   <div class='ocr_carea' id='block_1_2' title="bbox 46 547 1698 5235">
    <p class='ocr_par' dir='ltr' id='par_1_2' title="bbox 47 547 1502 633">
     <span class='ocr_line' id='line_1_3' title="bbox 47 547 1502 633; baseline 0.001 -22"><span class='ocrx_word' id='word_1_7' title='bbox 47 575 78 624; x_wconf 84' lang='grc' dir='ltr'>ιν,</span> <span class='ocrx_word' id='word_1_8' title='bbox 90 548 380 630; x_wconf 69' lang='grc' dir='ltr'>τεσσαρεσκαιδεκάτην</span> <span class='ocrx_word' id='word_1_9' title='bbox 393 547 504 629; x_wconf 71' lang='grc' dir='ltr'>δγούσης</span> <span class='ocrx_word' id='word_1_10' title='bbox 512 555 568 623; x_wconf 79' lang='grc' dir='ltr'>τῆς</span> <span class='ocrx_word' id='word_1_11' title='bbox 578 551 705 625; x_wconf 74' lang='grc' dir='ltr'>σελήνης,</span> <span class='ocrx_word' id='word_1_12' title='bbox 754 549 826 610; x_wconf 92' lang='lat' dir='ltr'>duce</span> <span class='ocrx_word' id='word_1_13' title='bbox 834 547 1130 632; x_wconf 74' lang='lat' dir='ltr'>demone&#39;deoepuree</span> <span class='ocrx_word' id='word_1_14' title='bbox 1139 551 1273 611; x_wconf 77' lang='lat' dir='ltr'>Caeterum</span> <span class='ocrx_word' id='word_1_15' title='bbox 1279 551 1339 633; x_wconf 84' lang='lat' dir='ltr'>ipsa</span> <span class='ocrx_word' id='word_1_16' title='bbox 1351 550 1401 612; x_wconf 85' lang='lat' dir='ltr'>etsi</span> <span class='ocrx_word' id='word_1_17' title='bbox 1411 573 1447 612; x_wconf 84' lang='lat' dir='ltr'>ex</span> <span class='ocrx_word' id='word_1_18' title='bbox 1459 573 1502 612; x_wconf 91' lang='lat' dir='ltr'>ec-</span> 
     </span>
    </p>

    <p class='ocr_par' dir='ltr' id='par_1_3' title="bbox 50 627 1503 712">
     <span class='ocr_line' id='line_1_4' title="bbox 50 627 1503 712; baseline 0.001 -23"><span class='ocrx_word' id='word_1_19' title='bbox 50 633 89 710; x_wconf 81' lang='grc' dir='ltr'>τῷ</span> <span class='ocrx_word' id='word_1_20' title='bbox 104 629 257 712; x_wconf 79' lang='grc' dir='ltr'>πρώτῳ,ἐν</span> <span class='ocrx_word' id='word_1_21' title='bbox 269 627 354 708; x_wconf 80' lang='grc' dir='ltr'>ταύτῃ</span> <span class='ocrx_word' id='word_1_22' title='bbox 367 631 401 706; x_wconf 76' lang='grc' dir='ltr'>τῇ</span> <span class='ocrx_word' id='word_1_23' title='bbox 414 631 705 711; x_wconf 69' lang='grc' dir='ltr'>τεσσαρεσκαιδεκάτῃ,</span> <span class='ocrx_word' id='word_1_24' title='bbox 757 628 904 689; x_wconf 84' lang='lat' dir='ltr'>clesiastioo</span> <span class='ocrx_word' id='word_1_25' title='bbox 927 650 1038 689; x_wconf 78' lang='lat' dir='ltr'>numeru</span> <span class='ocrx_word' id='word_1_26' title='bbox 1059 629 1198 704; x_wconf 85' lang='lat' dir='ltr'>exciderit,</span> <span class='ocrx_word' id='word_1_27' title='bbox 1208 645 1297 690; x_wconf 87' lang='lat' dir='ltr'>tamen</span> <span class='ocrx_word' id='word_1_28' title='bbox 1317 630 1381 691; x_wconf 86' lang='lat' dir='ltr'>inde</span> <span class='ocrx_word' id='word_1_29' title='bbox 1396 631 1431 690; x_wconf 85' lang='lat' dir='ltr'>ad</span> <span class='ocrx_word' id='word_1_30' title='bbox 1454 633 1503 692; x_wconf 85' lang='lat' dir='ltr'>tri·</span> 
     </span>
    </p>

    <p class='ocr_par' dir='ltr' id='par_1_4' title="bbox 47 707 1503 803">
     <span class='ocr_line' id='line_1_5' title="bbox 47 707 1503 803; baseline 0 -33"><span class='ocrx_word' id='word_1_31' title='bbox 47 710 115 790; x_wconf 67' lang='grc' dir='ltr'>ιίσηα</span> <span class='ocrx_word' id='word_1_32' title='bbox 133 713 187 768; x_wconf 87' lang='grc' dir='ltr'>τῶν</span> <span class='ocrx_word' id='word_1_33' title='bbox 199 707 333 768; x_wconf 85' lang='grc' dir='ltr'>’Ἰουδαίων</span> <span class='ocrx_word' id='word_1_34' title='bbox 349 713 363 767; x_wconf 83' lang='grc' dir='ltr'>ὁ</span> <span class='ocrx_word' id='word_1_35' title='bbox 381 708 496 790; x_wconf 80' lang='grc' dir='ltr'>Χριστὸς</span> <span class='ocrx_word' id='word_1_36' title='bbox 516 707 607 770; x_wconf 86' lang='grc' dir='ltr'>ἔπαθε.</span> <span class='ocrx_word' id='word_1_37' title='bbox 621 709 706 770; x_wconf 80' lang='grc' dir='ltr'>Πόθεν</span> <span class='ocrx_word' id='word_1_38' title='bbox 757 709 842 769; x_wconf 90' lang='lat' dir='ltr'>duum</span> <span class='ocrx_word' id='word_1_39' title='bbox 859 707 943 769; x_wconf 84' lang='lat' dir='ltr'>venit.</span> <span class='ocrx_word' id='word_1_40' title='bbox 961 712 1066 771; x_wconf 88' lang='lat' dir='ltr'>Verum</span> <span class='ocrx_word' id='word_1_41' title='bbox 1079 708 1138 770; x_wconf 86' lang='lat' dir='ltr'>baec</span> <span class='ocrx_word' id='word_1_42' title='bbox 1151 711 1272 770; x_wconf 76' lang='lat' dir='ltr'>facessat.</span> <span class='ocrx_word' id='word_1_43' title='bbox 1287 710 1342 771; x_wconf 81' lang='lat' dir='ltr'>Sed</span> <span class='ocrx_word' id='word_1_44' title='bbox 1359 724 1503 803; x_wconf 90' lang='lat' dir='ltr'>postquam</span> 
     </span>
    </p>

    <p class='ocr_par' dir='ltr' id='par_1_5' title="bbox 47 786 1503 887">
     <span class='ocr_line' id='line_1_6' title="bbox 47 786 1503 887; baseline 0.001 -39"><span class='ocrx_word' id='word_1_45' title='bbox 47 786 248 865; x_wconf 80' lang='grc' dir='ltr'>ηὴδυσύννυμος</span> <span class='ocrx_word' id='word_1_46' title='bbox 267 786 367 887; x_wconf 88' lang='grc' dir='ltr'>αίρεσις</span> <span class='ocrx_word' id='word_1_47' title='bbox 385 786 433 860; x_wconf 67' lang='lat' dir='ltr'>elii</span> <span class='ocrx_word' id='word_1_48' title='bbox 455 789 705 870; x_wconf 74' lang='lat' dir='ltr'>reeoupeexuibixd·</span> <span class='ocrx_word' id='word_1_49' title='bbox 757 787 838 847; x_wconf 90' lang='lat' dir='ltr'>docui</span> <span class='ocrx_word' id='word_1_50' title='bbox 860 808 968 849; x_wconf 88' lang='lat' dir='ltr'>omnem</span> <span class='ocrx_word' id='word_1_51' title='bbox 989 788 1115 848; x_wconf 69' lang='lat' dir='ltr'>baeresim</span> <span class='ocrx_word' id='word_1_52' title='bbox 1137 788 1167 848; x_wconf 89' lang='lat' dir='ltr'>id</span> <span class='ocrx_word' id='word_1_53' title='bbox 1187 810 1291 863; x_wconf 87' lang='lat' dir='ltr'>curare,</span> <span class='ocrx_word' id='word_1_54' title='bbox 1306 802 1343 849; x_wconf 78' lang='lat' dir='ltr'>ut·</span> <span class='ocrx_word' id='word_1_55' title='bbox 1360 790 1503 850; x_wconf 85' lang='lat' dir='ltr'>delinitum</span> 
     </span>
    </p>

    <p class='ocr_par' dir='ltr' id='par_1_6' title="bbox 47 867 1503 950">
     <span class='ocr_line' id='line_1_7' title="bbox 47 867 1503 950; baseline 0.001 -22"><span class='ocrx_word' id='word_1_56' title='bbox 47 870 110 928; x_wconf 82' lang='grc' dir='ltr'>δτοῦ</span> <span class='ocrx_word' id='word_1_57' title='bbox 121 870 231 939; x_wconf 78' lang='grc' dir='ltr'>ἡλιακοῦ</span> <span class='ocrx_word' id='word_1_58' title='bbox 247 889 342 946; x_wconf 88' lang='grc' dir='ltr'>μηνος,</span> <span class='ocrx_word' id='word_1_59' title='bbox 361 870 408 927; x_wconf 79' lang='grc' dir='ltr'>οὐκ</span> <span class='ocrx_word' id='word_1_60' title='bbox 423 867 534 927; x_wconf 78' lang='grc' dir='ltr'>ἀπὸτοῦ</span> <span class='ocrx_word' id='word_1_61' title='bbox 550 870 706 940; x_wconf 77' lang='grc' dir='ltr'>σεληνιακοῦ</span> <span class='ocrx_word' id='word_1_62' title='bbox 758 881 811 927; x_wconf 89' lang='lat' dir='ltr'>tem</span> <span class='ocrx_word' id='word_1_63' title='bbox 833 886 865 928; x_wconf 87' lang='lat' dir='ltr'>us</span> <span class='ocrx_word' id='word_1_64' title='bbox 877 867 941 950; x_wconf 88' lang='lat' dir='ltr'>plus</span> <span class='ocrx_word' id='word_1_65' title='bbox 953 869 998 930; x_wconf 86' lang='lat' dir='ltr'>vel</span> <span class='ocrx_word' id='word_1_66' title='bbox 1017 869 1108 928; x_wconf 89' lang='lat' dir='ltr'>minus</span> <span class='ocrx_word' id='word_1_67' title='bbox 1124 870 1261 943; x_wconf 84' lang='lat' dir='ltr'>observet3</span> <span class='ocrx_word' id='word_1_68' title='bbox 1275 868 1385 928; x_wconf 88' lang='lat' dir='ltr'>demum</span> <span class='ocrx_word' id='word_1_69' title='bbox 1395 869 1503 930; x_wconf 79' lang='lat' dir='ltr'>ludaeos</span> 
     </span>
    </p>

    <p class='ocr_par' dir='ltr' id='par_1_7' title="bbox 46 938 1503 1027">
     <span class='ocr_line' id='line_1_8' title="bbox 46 938 1503 1027; baseline 0.001 -20"><span class='ocrx_word' id='word_1_70' title='bbox 46 938 100 1021; x_wconf 72' lang='grc' dir='ltr'>,Ἦ</span> <span class='ocrx_word' id='word_1_71' title='bbox 113 948 203 1019; x_wconf 82' lang='grc' dir='ltr'>δῆλον,</span> <span class='ocrx_word' id='word_1_72' title='bbox 218 945 259 1005; x_wconf 77' lang='grc' dir='ltr'>ὅτι</span> <span class='ocrx_word' id='word_1_73' title='bbox 272 947 346 1026; x_wconf 74' lang='grc' dir='ltr'>παρὰ</span> <span class='ocrx_word' id='word_1_74' title='bbox 355 951 401 1006; x_wconf 83' lang='grc' dir='ltr'>τοῦ</span> <span class='ocrx_word' id='word_1_75' title='bbox 412 945 598 1014; x_wconf 72' lang='grc' dir='ltr'>ἀπατήσαντος</span> <span class='ocrx_word' id='word_1_76' title='bbox 611 947 707 1025; x_wconf 85' lang='grc' dir='ltr'>δαίμο-</span> <span class='ocrx_word' id='word_1_77' title='bbox 722 953 742 1000; x_wconf 80' lang='lat'>⁰</span> <span class='ocrx_word' id='word_1_78' title='bbox 757 967 806 1007; x_wconf 92' lang='lat' dir='ltr'>oon</span> <span class='ocrx_word' id='word_1_79' title='bbox 838 961 896 1007; x_wconf 83' lang='lat' dir='ltr'>taie</span> <span class='ocrx_word' id='word_1_80' title='bbox 908 949 1062 1027; x_wconf 78' lang='lat' dir='ltr'>aggrediar,</span> <span class='ocrx_word' id='word_1_81' title='bbox 1076 947 1175 1008; x_wconf 89' lang='lat' dir='ltr'>deinde</span> <span class='ocrx_word' id='word_1_82' title='bbox 1185 948 1333 1008; x_wconf 82' lang='lat' dir='ltr'>Christiani</span> <span class='ocrx_word' id='word_1_83' title='bbox 1347 962 1429 1008; x_wconf 86' lang='lat' dir='ltr'>eoetus</span> <span class='ocrx_word' id='word_1_84' title='bbox 1441 971 1503 1008; x_wconf 90' lang='lat' dir='ltr'>cau·</span> 
     </span>
    </p>

    <p class='ocr_par' dir='ltr' id='par_1_8' title="bbox 47 1024 1504 1118">
     <span class='ocr_line' id='line_1_9' title="bbox 47 1024 1504 1118; baseline 0.001 -33"><span class='ocrx_word' id='word_1_85' title='bbox 47 1027 83 1100; x_wconf 67' lang='grc' dir='ltr'>,ὴν</span> <span class='ocrx_word' id='word_1_86' title='bbox 97 1026 142 1086; x_wconf 79' lang='grc' dir='ltr'>καί</span> <span class='ocrx_word' id='word_1_87' title='bbox 158 1024 226 1097; x_wconf 67' lang='lat' dir='ltr'>abel</span> <span class='ocrx_word' id='word_1_88' title='bbox 248 1028 272 1084; x_wconf 81' lang='grc' dir='ltr'>εἰ</span> <span class='ocrx_word' id='word_1_89' title='bbox 290 1024 352 1084; x_wconf 74' lang='grc' dir='ltr'>’καὶ</span> <span class='ocrx_word' id='word_1_90' title='bbox 364 1025 489 1086; x_wconf 79' lang='grc' dir='ltr'>πέπτωκε</span> <span class='ocrx_word' id='word_1_91' title='bbox 503 1033 550 1086; x_wconf 81' lang='grc' dir='ltr'>τοῦ</span> <span class='ocrx_word' id='word_1_92' title='bbox 564 1029 706 1099; x_wconf 76' lang='grc' dir='ltr'>δκκλησια-</span> <span class='ocrx_word' id='word_1_93' title='bbox 759 1047 816 1086; x_wconf 88' lang='lat' dir='ltr'>sain</span> <span class='ocrx_word' id='word_1_94' title='bbox 831 1026 985 1118; x_wconf 77' lang='lat' dir='ltr'>explicabo.</span> <span class='ocrx_word' id='word_1_95' title='bbox 996 1029 1056 1089; x_wconf 86' lang='lat' dir='ltr'>Stat</span> <span class='ocrx_word' id='word_1_96' title='bbox 1068 1028 1096 1087; x_wconf 91' lang='lat' dir='ltr'>in</span> <span class='ocrx_word' id='word_1_97' title='bbox 1109 1027 1230 1087; x_wconf 72' lang='lat' dir='ltr'>Ecclesia</span> <span class='ocrx_word' id='word_1_98' title='bbox 1241 1027 1386 1092; x_wconf 81' lang='lat' dir='ltr'>definitum</span> <span class='ocrx_word' id='word_1_99' title='bbox 1397 1041 1504 1108; x_wconf 86' lang='lat' dir='ltr'>tempus</span> 
     </span>
    </p>

    <p class='ocr_par' dir='ltr' id='par_1_9' title="bbox 47 1103 1503 1186">
     <span class='ocr_line' id='line_1_10' title="bbox 47 1103 1503 1186; baseline 0.001 -21"><span class='ocrx_word' id='word_1_100' title='bbox 47 1109 62 1165; x_wconf 76' lang='grc' dir='ltr'>θ</span> <span class='ocrx_word' id='word_1_101' title='bbox 81 1111 168 1184; x_wconf 82' lang='grc' dir='ltr'>ιθμοῶ,</span> <span class='ocrx_word' id='word_1_102' title='bbox 189 1107 248 1164; x_wconf 75' lang='grc' dir='ltr'>ἀλλ’</span> <span class='ocrx_word' id='word_1_103' title='bbox 264 1103 335 1182; x_wconf 80' lang='grc' dir='ltr'>ὅμως</span> <span class='ocrx_word' id='word_1_104' title='bbox 354 1106 424 1164; x_wconf 81' lang='grc' dir='ltr'>ἔνθεν</span> <span class='ocrx_word' id='word_1_105' title='bbox 439 1107 483 1166; x_wconf 76' lang='grc' dir='ltr'>ἐπὶ</span> <span class='ocrx_word' id='word_1_106' title='bbox 495 1105 544 1178; x_wconf 71' lang='grc' dir='ltr'>τὴν</span> <span class='ocrx_word' id='word_1_107' title='bbox 567 1129 582 1163; x_wconf 90' lang='grc' dir='ltr'>τ</span> <span class='ocrx_word' id='word_1_108' title='bbox 601 1107 707 1185; x_wconf 78' lang='grc' dir='ltr'>τήμερον</span> <span class='ocrx_word' id='word_1_109' title='bbox 795 1105 903 1181; x_wconf 88' lang='lat' dir='ltr'>ssionis,</span> <span class='ocrx_word' id='word_1_110' title='bbox 920 1108 1113 1184; x_wconf 74' lang='lat' dir='ltr'>equinoctium</span> <span class='ocrx_word' id='word_1_111' title='bbox 1135 1128 1261 1182; x_wconf 82' lang='lat' dir='ltr'>vernum,</span> <span class='ocrx_word' id='word_1_112' title='bbox 1281 1106 1386 1166; x_wconf 86' lang='lat' dir='ltr'>decima</span> <span class='ocrx_word' id='word_1_113' title='bbox 1407 1120 1503 1186; x_wconf 87' lang='lat' dir='ltr'>quarta</span> 
     </span>
    </p>

    <p class='ocr_par' dir='ltr' id='par_1_10' title="bbox 47 1130 1504 1268">
     <span class='ocr_line' id='line_1_11' title="bbox 47 1130 1504 1268; baseline 0.001 -23"><span class='ocrx_word' id='word_1_114' title='bbox 47 1131 200 1267; x_wconf 75' lang='grc' dir='ltr'>αίὶρρίφθω</span> <span class='ocrx_word' id='word_1_115' title='bbox 212 1182 351 1262; x_wconf 72' lang='grc' dir='ltr'>μίναῦτη.</span> <span class='ocrx_word' id='word_1_116' title='bbox 366 1184 478 1257; x_wconf 79' lang='grc' dir='ltr'>Ἐπειδὴ</span> <span class='ocrx_word' id='word_1_117' title='bbox 500 1130 647 1254; x_wconf 81' lang='grc' dir='ltr'>δὲίδίδαξα</span> <span class='ocrx_word' id='word_1_118' title='bbox 666 1187 707 1247; x_wconf 82' lang='grc' dir='ltr'>δτι</span> <span class='ocrx_word' id='word_1_119' title='bbox 771 1185 976 1263; x_wconf 63' lang='grc' dir='ltr'>στασιάσασι,</span> <span class='ocrx_word' id='word_1_120' title='bbox 991 1207 1087 1268; x_wconf 83' lang='lat' dir='ltr'>nempe</span> <span class='ocrx_word' id='word_1_121' title='bbox 1106 1190 1260 1262; x_wconf 83' lang='lat' dir='ltr'>Parasceue,</span> <span class='ocrx_word' id='word_1_122' title='bbox 1274 1186 1435 1262; x_wconf 88' lang='lat' dir='ltr'>Sabbatum,</span> <span class='ocrx_word' id='word_1_123' title='bbox 1448 1189 1504 1246; x_wconf 91' lang='lat' dir='ltr'>Do-</span> 
     </span>
    </p>

    <p class='ocr_par' dir='ltr' id='par_1_11' title="bbox 47 1264 1505 1344">
     <span class='ocr_line' id='line_1_12' title="bbox 47 1264 1505 1344; baseline 0.002 -22"><span class='ocrx_word' id='word_1_124' title='bbox 47 1264 252 1330; x_wconf 69' lang='lat' dir='ltr'>iureconsulti</span> <span class='ocrx_word' id='word_1_125' title='bbox 272 1265 348 1334; x_wconf 79' lang='grc' dir='ltr'>δῆθεν</span> <span class='ocrx_word' id='word_1_126' title='bbox 367 1267 415 1334; x_wconf 83' lang='grc' dir='ltr'>τῆς</span> <span class='ocrx_word' id='word_1_127' title='bbox 443 1264 604 1344; x_wconf 77' lang='grc' dir='ltr'>προθεσμίας</span> <span class='ocrx_word' id='word_1_128' title='bbox 628 1287 708 1325; x_wconf 84' lang='grc' dir='ltr'>συνα·</span> <span class='ocrx_word' id='word_1_129' title='bbox 758 1265 869 1324; x_wconf 79' lang='lat' dir='ltr'>mirica.</span> <span class='ocrx_word' id='word_1_130' title='bbox 886 1265 935 1324; x_wconf 87' lang='lat' dir='ltr'>His</span> <span class='ocrx_word' id='word_1_131' title='bbox 957 1268 1059 1327; x_wconf 89' lang='lat' dir='ltr'>utimur</span> <span class='ocrx_word' id='word_1_132' title='bbox 1079 1265 1115 1325; x_wconf 79' lang='lat' dir='ltr'>ad</span> <span class='ocrx_word' id='word_1_133' title='bbox 1132 1266 1205 1327; x_wconf 91' lang='lat' dir='ltr'>diem</span> <span class='ocrx_word' id='word_1_134' title='bbox 1225 1265 1409 1344; x_wconf 87' lang='lat' dir='ltr'>statuendam;</span> <span class='ocrx_word' id='word_1_135' title='bbox 1426 1279 1452 1325; x_wconf 90' lang='lat' dir='ltr'>et</span> <span class='ocrx_word' id='word_1_136' title='bbox 1465 1265 1505 1325; x_wconf 92' lang='lat' dir='ltr'>sic</span> 
     </span>
    </p>

    <p class='ocr_par' dir='ltr' id='par_1_12' title="bbox 47 1289 1504 1427">
     <span class='ocr_line' id='line_1_13' title="bbox 47 1289 1504 1427; baseline 0.001 -23"><span class='ocrx_word' id='word_1_137' title='bbox 47 1289 119 1404; x_wconf 72' lang='lat' dir='ltr'>allon</span> <span class='ocrx_word' id='word_1_138' title='bbox 143 1341 162 1413; x_wconf 78' lang='grc' dir='ltr'>ἢ</span> <span class='ocrx_word' id='word_1_139' title='bbox 186 1341 306 1411; x_wconf 78' lang='grc' dir='ltr'>ἔλαττον,</span> <span class='ocrx_word' id='word_1_140' title='bbox 331 1341 398 1402; x_wconf 75' lang='grc' dir='ltr'>θέλω</span> <span class='ocrx_word' id='word_1_141' title='bbox 412 1343 504 1402; x_wconf 85' lang='grc' dir='ltr'>λοιπὸν</span> <span class='ocrx_word' id='word_1_142' title='bbox 530 1341 631 1423; x_wconf 73' lang='grc' dir='ltr'>ἐλέγξαι</span> <span class='ocrx_word' id='word_1_143' title='bbox 648 1344 708 1415; x_wconf 78' lang='grc' dir='ltr'>τούς</span> <span class='ocrx_word' id='word_1_144' title='bbox 759 1343 869 1424; x_wconf 89' lang='lat' dir='ltr'>proprie</span> <span class='ocrx_word' id='word_1_145' title='bbox 882 1344 915 1403; x_wconf 83' lang='lat' dir='ltr'>fit</span> <span class='ocrx_word' id='word_1_146' title='bbox 926 1364 974 1404; x_wconf 87' lang='lat' dir='ltr'>suo</span> <span class='ocrx_word' id='word_1_147' title='bbox 988 1360 1109 1427; x_wconf 87' lang='lat' dir='ltr'>temporo</span> <span class='ocrx_word' id='word_1_148' title='bbox 1123 1369 1130 1403; x_wconf 81' lang='grc' dir='ltr'>ι</span> <span class='ocrx_word' id='word_1_149' title='bbox 1144 1367 1198 1405; x_wconf 94' lang='lat' dir='ltr'>non</span> <span class='ocrx_word' id='word_1_150' title='bbox 1207 1345 1290 1405; x_wconf 88' lang='lat' dir='ltr'>aliam</span> <span class='ocrx_word' id='word_1_151' title='bbox 1302 1345 1448 1406; x_wconf 88' lang='lat' dir='ltr'>novitatem</span> <span class='ocrx_word' id='word_1_152' title='bbox 1463 1367 1504 1405; x_wconf 91' lang='lat' dir='ltr'>se-</span> 
     </span>
    </p>

    <p class='ocr_par' dir='ltr' id='par_1_13' title="bbox 47 1413 1505 1506">
     <span class='ocr_line' id='line_1_14' title="bbox 47 1413 1505 1506; baseline 0.002 -25"><span class='ocrx_word' id='word_1_153' title='bbox 47 1447 78 1491; x_wconf 88' lang='grc' dir='ltr'>υς</span> <span class='ocrx_word' id='word_1_154' title='bbox 102 1421 240 1504; x_wconf 79' lang='grc' dir='ltr'>πρότερον,</span> <span class='ocrx_word' id='word_1_155' title='bbox 267 1413 313 1480; x_wconf 76' lang='grc' dir='ltr'>εἷθ’</span> <span class='ocrx_word' id='word_1_156' title='bbox 334 1420 403 1481; x_wconf 77' lang='grc' dir='ltr'>οὕτω</span> <span class='ocrx_word' id='word_1_157' title='bbox 423 1420 471 1490; x_wconf 76' lang='grc' dir='ltr'>τὰς</span> <span class='ocrx_word' id='word_1_158' title='bbox 487 1422 573 1490; x_wconf 77' lang='grc' dir='ltr'>αἰτίας</span> <span class='ocrx_word' id='word_1_159' title='bbox 590 1427 637 1493; x_wconf 83' lang='grc' dir='ltr'>τῆς</span> <span class='ocrx_word' id='word_1_160' title='bbox 654 1428 707 1485; x_wconf 91' lang='grc' dir='ltr'>τῶν</span> <span class='ocrx_word' id='word_1_161' title='bbox 778 1423 880 1497; x_wconf 90' lang='lat' dir='ltr'>uimur,</span> <span class='ocrx_word' id='word_1_162' title='bbox 895 1422 943 1483; x_wconf 85' lang='lat' dir='ltr'>scd</span> <span class='ocrx_word' id='word_1_163' title='bbox 963 1424 1049 1506; x_wconf 88' lang='lat' dir='ltr'>ipsius</span> <span class='ocrx_word' id='word_1_164' title='bbox 1071 1425 1177 1506; x_wconf 83' lang='lat' dir='ltr'>Moysis</span> <span class='ocrx_word' id='word_1_165' title='bbox 1195 1424 1386 1500; x_wconf 81' lang='lat' dir='ltr'>traditionem,</span> <span class='ocrx_word' id='word_1_166' title='bbox 1407 1444 1505 1506; x_wconf 82' lang='lat' dir='ltr'>nempe</span> 
     </span>
    </p>

    <p class='ocr_par' dir='ltr' id='par_1_14' title="bbox 47 1444 1503 1585">
     <span class='ocr_line' id='line_1_15' title="bbox 47 1444 1503 1585; baseline 0.001 -23"><span class='ocrx_word' id='word_1_167' title='bbox 47 1506 103 1562; x_wconf 84' lang='grc' dir='ltr'>υῶν</span> <span class='ocrx_word' id='word_1_168' title='bbox 123 1505 278 1580; x_wconf 81' lang='grc' dir='ltr'>συναγωγῆς</span> <span class='ocrx_word' id='word_1_169' title='bbox 297 1499 416 1569; x_wconf 76' lang='grc' dir='ltr'>ἐξειπεῖν.</span> <span class='ocrx_word' id='word_1_170' title='bbox 439 1499 573 1574; x_wconf 82' lang='grc' dir='ltr'>Ἔστηκεν</span> <span class='ocrx_word' id='word_1_171' title='bbox 596 1502 641 1561; x_wconf 81' lang='grc' dir='ltr'>ἐπὶ</span> <span class='ocrx_word' id='word_1_172' title='bbox 660 1508 708 1575; x_wconf 80' lang='grc' dir='ltr'>τῆς</span> <span class='ocrx_word' id='word_1_173' title='bbox 757 1444 891 1562; x_wconf 83' lang='lat' dir='ltr'>decimam</span> <span class='ocrx_word' id='word_1_174' title='bbox 914 1519 1039 1583; x_wconf 85' lang='lat' dir='ltr'>quartam</span> <span class='ocrx_word' id='word_1_175' title='bbox 1058 1518 1119 1585; x_wconf 87' lang='lat' dir='ltr'>post</span> <span class='ocrx_word' id='word_1_176' title='bbox 1140 1504 1330 1583; x_wconf 79' lang='lat' dir='ltr'>aequinoctium</span> <span class='ocrx_word' id='word_1_177' title='bbox 1357 1524 1503 1564; x_wconf 76' lang='lat' dir='ltr'>servamus.</span> 
     </span>
    </p>

    <p class='ocr_par' dir='ltr' id='par_1_15' title="bbox 47 1578 1505 1664">
     <span class='ocr_line' id='line_1_16' title="bbox 47 1578 1505 1664; baseline 0.001 -24"><span class='ocrx_word' id='word_1_178' title='bbox 47 1581 97 1649; x_wconf 85' lang='grc' dir='ltr'>νίας</span> <span class='ocrx_word' id='word_1_179' title='bbox 110 1579 177 1650; x_wconf 84' lang='grc' dir='ltr'>αύτη</span> <span class='ocrx_word' id='word_1_180' title='bbox 191 1584 209 1652; x_wconf 81' lang='grc' dir='ltr'><strong>ἡ</strong></span> <span class='ocrx_word' id='word_1_181' title='bbox 223 1578 371 1661; x_wconf 81' lang='grc' dir='ltr'>προθεσμία</span> <span class='ocrx_word' id='word_1_182' title='bbox 386 1586 433 1640; x_wconf 81' lang='grc' dir='ltr'>τοῦ</span> <span class='ocrx_word' id='word_1_183' title='bbox 456 1580 567 1653; x_wconf 79' lang='grc' dir='ltr'>πάθους,</span> <span class='ocrx_word' id='word_1_184' title='bbox 583 1583 708 1663; x_wconf 87' lang='grc' dir='ltr'>ίσημερία</span> <span class='ocrx_word' id='word_1_185' title='bbox 760 1584 853 1642; x_wconf 76' lang='lat' dir='ltr'>Testes</span> <span class='ocrx_word' id='word_1_186' title='bbox 869 1583 955 1641; x_wconf 87' lang='lat' dir='ltr'>babeo</span> <span class='ocrx_word' id='word_1_187' title='bbox 968 1583 1101 1664; x_wconf 88' lang='lat' dir='ltr'>sapientes</span> <span class='ocrx_word' id='word_1_188' title='bbox 1118 1584 1255 1643; x_wconf 85' lang='lat' dir='ltr'>Hebraeos.</span> <span class='ocrx_word' id='word_1_189' title='bbox 1270 1585 1363 1662; x_wconf 85' lang='lat' dir='ltr'>Neque</span> <span class='ocrx_word' id='word_1_190' title='bbox 1374 1583 1446 1641; x_wconf 92' lang='lat' dir='ltr'>euiin</span> <span class='ocrx_word' id='word_1_191' title='bbox 1456 1585 1505 1645; x_wconf 91' lang='lat' dir='ltr'>Ju-</span> 
     </span>
    </p>

    <p class='ocr_par' dir='ltr' id='par_1_16' title="bbox 55 1658 1503 1744">
     <span class='ocr_line' id='line_1_17' title="bbox 55 1658 1503 1744; baseline 0.001 -25"><span class='ocrx_word' id='word_1_192' title='bbox 55 1659 330 1741; x_wconf 76' lang='grc' dir='ltr'>τεσσαρεσκαιδεκάτη</span> <span class='ocrx_word' id='word_1_193' title='bbox 345 1658 393 1738; x_wconf 71' lang='grc' dir='ltr'>μὲν</span> <span class='ocrx_word' id='word_1_194' title='bbox 407 1664 485 1718; x_wconf 81' lang='grc' dir='ltr'>τοῦτο</span> <span class='ocrx_word' id='word_1_195' title='bbox 498 1659 568 1720; x_wconf 85' lang='grc' dir='ltr'>κατδι</span> <span class='ocrx_word' id='word_1_196' title='bbox 582 1662 706 1735; x_wconf 81' lang='grc' dir='ltr'>σελήνην,</span> <span class='ocrx_word' id='word_1_197' title='bbox 759 1659 880 1721; x_wconf 64' lang='lat' dir='ltr'>danorum</span> <span class='ocrx_word' id='word_1_198' title='bbox 897 1662 979 1742; x_wconf 86' lang='lat' dir='ltr'>hujus</span> <span class='ocrx_word' id='word_1_199' title='bbox 997 1662 1126 1744; x_wconf 90' lang='lat' dir='ltr'>temporis</span> <span class='ocrx_word' id='word_1_200' title='bbox 1142 1662 1259 1738; x_wconf 78' lang='lat' dir='ltr'>amentia</span> <span class='ocrx_word' id='word_1_201' title='bbox 1275 1675 1314 1721; x_wconf 86' lang='lat' dir='ltr'>est</span> <span class='ocrx_word' id='word_1_202' title='bbox 1329 1661 1503 1736; x_wconf 88' lang='lat' dir='ltr'>attendenda,</span> 
     </span>
    </p>

    <p class='ocr_par' dir='ltr' id='par_1_17' title="bbox 47 1738 1506 1832">
     <span class='ocr_line' id='line_1_18' title="bbox 47 1738 1506 1832; baseline 0.003 -34"><span class='ocrx_word' id='word_1_203' title='bbox 47 1762 74 1808; x_wconf 92' lang='grc' dir='ltr'>ος</span> <span class='ocrx_word' id='word_1_204' title='bbox 85 1739 129 1809; x_wconf 80' lang='grc' dir='ltr'>δὲ,</span> <span class='ocrx_word' id='word_1_205' title='bbox 141 1738 313 1819; x_wconf 85' lang='grc' dir='ltr'>παρασκευὴ,</span> <span class='ocrx_word' id='word_1_206' title='bbox 334 1738 484 1811; x_wconf 77' lang='grc' dir='ltr'>σοίύύατον,</span> <span class='ocrx_word' id='word_1_207' title='bbox 498 1739 622 1822; x_wconf 89' lang='grc' dir='ltr'>κυριακη’.</span> <span class='ocrx_word' id='word_1_208' title='bbox 635 1742 706 1802; x_wconf 82' lang='grc' dir='ltr'>Ἰού·</span> <span class='ocrx_word' id='word_1_209' title='bbox 760 1741 862 1832; x_wconf 89' lang='lat' dir='ltr'>quippe</span> <span class='ocrx_word' id='word_1_210' title='bbox 873 1741 922 1820; x_wconf 89' lang='lat' dir='ltr'>qui</span> <span class='ocrx_word' id='word_1_211' title='bbox 935 1741 1025 1801; x_wconf 85' lang='lat' dir='ltr'>omnia</span> <span class='ocrx_word' id='word_1_212' title='bbox 1038 1742 1106 1821; x_wconf 75' lang='lat' dir='ltr'>legis</span> <span class='ocrx_word' id='word_1_213' title='bbox 1116 1743 1180 1823; x_wconf 81' lang='lat' dir='ltr'>jura</span> <span class='ocrx_word' id='word_1_214' title='bbox 1194 1740 1425 1823; x_wconf 85' lang='lat' dir='ltr'>pessumdederint</span> <span class='ocrx_word' id='word_1_215' title='bbox 1430 1764 1440 1817; x_wconf 75' lang='lat'>5</span> <span class='ocrx_word' id='word_1_216' title='bbox 1457 1741 1506 1802; x_wconf 90' lang='lat' dir='ltr'>sed</span> 
     </span>
    </p>

    <p class='ocr_par' dir='ltr' id='par_1_18' title="bbox 47 1817 1504 1902">
     <span class='ocr_line' id='line_1_19' title="bbox 47 1817 1504 1902; baseline 0.002 -24"><span class='ocrx_word' id='word_1_217' title='bbox 47 1819 59 1878; x_wconf 82' lang='lat' dir='ltr'>l</span> <span class='ocrx_word' id='word_1_218' title='bbox 77 1820 121 1878; x_wconf 87' lang='grc' dir='ltr'>τὸν</span> <span class='ocrx_word' id='word_1_219' title='bbox 134 1817 214 1877; x_wconf 82' lang='grc' dir='ltr'>τόπον</span> <span class='ocrx_word' id='word_1_220' title='bbox 229 1818 372 1899; x_wconf 73' lang='grc' dir='ltr'>χρῄζομεν,</span> <span class='ocrx_word' id='word_1_221' title='bbox 383 1819 429 1878; x_wconf 82' lang='grc' dir='ltr'>καὶ</span> <span class='ocrx_word' id='word_1_222' title='bbox 448 1819 517 1878; x_wconf 84' lang='grc' dir='ltr'>οίίτω</span> <span class='ocrx_word' id='word_1_223' title='bbox 531 1819 627 1900; x_wconf 84' lang='grc' dir='ltr'>κυρίως</span> <span class='ocrx_word' id='word_1_224' title='bbox 641 1821 708 1899; x_wconf 87' lang='grc' dir='ltr'>γίνε·</span> <span class='ocrx_word' id='word_1_225' title='bbox 760 1834 893 1901; x_wconf 85' lang='lat' dir='ltr'>sapientes</span> <span class='ocrx_word' id='word_1_226' title='bbox 907 1819 1033 1881; x_wconf 84' lang='lat' dir='ltr'>Hebraeos</span> <span class='ocrx_word' id='word_1_227' title='bbox 1051 1836 1188 1881; x_wconf 89' lang='lat' dir='ltr'>narrantes</span> <span class='ocrx_word' id='word_1_228' title='bbox 1205 1821 1300 1880; x_wconf 88' lang='lat' dir='ltr'>audire</span> <span class='ocrx_word' id='word_1_229' title='bbox 1314 1833 1428 1902; x_wconf 82' lang='lat' dir='ltr'>oportet,</span> <span class='ocrx_word' id='word_1_230' title='bbox 1443 1820 1504 1881; x_wconf 93' lang='lat' dir='ltr'>illo-</span> 
     </span>
    </p>

    <p class='ocr_par' dir='ltr' id='par_1_19' title="bbox 55 1896 1504 1981">
     <span class='ocr_line' id='line_1_20' title="bbox 55 1896 1504 1981; baseline 0.001 -23"><span class='ocrx_word' id='word_1_231' title='bbox 55 1897 125 1958; x_wconf 73' lang='grc' dir='ltr'>κατὰ</span> <span class='ocrx_word' id='word_1_232' title='bbox 135 1896 278 1970; x_wconf 70' lang='grc' dir='ltr'>καινότητα</span> <span class='ocrx_word' id='word_1_233' title='bbox 290 1898 391 1972; x_wconf 78' lang='grc' dir='ltr'>ἄλλοις,</span> <span class='ocrx_word' id='word_1_234' title='bbox 401 1897 469 1958; x_wconf 77' lang='grc' dir='ltr'>ἀλλὰ</span> <span class='ocrx_word' id='word_1_235' title='bbox 483 1898 552 1958; x_wconf 85' lang='grc' dir='ltr'>κατδι</span> <span class='ocrx_word' id='word_1_236' title='bbox 563 1899 708 1979; x_wconf 71' lang='grc' dir='ltr'>παράδοσιν</span> <span class='ocrx_word' id='word_1_237' title='bbox 761 1920 874 1978; x_wconf 88' lang='lat' dir='ltr'>rumque</span> <span class='ocrx_word' id='word_1_238' title='bbox 887 1900 1007 1959; x_wconf 87' lang='lat' dir='ltr'>calculus</span> <span class='ocrx_word' id='word_1_239' title='bbox 1024 1900 1171 1960; x_wconf 80' lang='lat' dir='ltr'>necessario</span> <span class='ocrx_word' id='word_1_240' title='bbox 1185 1914 1224 1960; x_wconf 86' lang='lat' dir='ltr'>est</span> <span class='ocrx_word' id='word_1_241' title='bbox 1241 1898 1422 1981; x_wconf 84' lang='lat' dir='ltr'>usurpandus,</span> <span class='ocrx_word' id='word_1_242' title='bbox 1436 1913 1462 1958; x_wconf 89' lang='lat' dir='ltr'>et</span> <span class='ocrx_word' id='word_1_243' title='bbox 1474 1901 1504 1960; x_wconf 90' lang='lat' dir='ltr'>lii</span> 
     </span>
    </p>

    <p class='ocr_par' dir='ltr' id='par_1_20' title="bbox 47 1975 1615 2218">
     <span class='ocr_line' id='line_1_21' title="bbox 47 1975 1615 2061; baseline 0.002 -24"><span class='ocrx_word' id='word_1_244' title='bbox 47 1983 73 2037; x_wconf 83' lang='grc' dir='ltr'>οῶ</span> <span class='ocrx_word' id='word_1_245' title='bbox 88 1975 298 2051; x_wconf 56' lang='lat' dir='ltr'>Muluium-i&lt;</span> <span class='ocrx_word' id='word_1_246' title='bbox 311 1976 379 2035; x_wconf 78' lang='grc' dir='ltr'>κατὰ</span> <span class='ocrx_word' id='word_1_247' title='bbox 394 1978 506 2049; x_wconf 82' lang='grc' dir='ltr'>σελήνην</span> <span class='ocrx_word' id='word_1_248' title='bbox 517 2000 709 2057; x_wconf 77' lang='grc' dir='ltr'>τεσσαρεσκαι·</span> <span class='ocrx_word' id='word_1_249' title='bbox 760 1977 936 2061; x_wconf 84' lang='lat' dir='ltr'>explodendi,</span> <span class='ocrx_word' id='word_1_250' title='bbox 949 1993 1041 2060; x_wconf 85' lang='lat' dir='ltr'>utpote</span> <span class='ocrx_word' id='word_1_251' title='bbox 1059 1993 1276 2059; x_wconf 76' lang='lat' dir='ltr'>transgressores,</span> <span class='ocrx_word' id='word_1_252' title='bbox 1291 1979 1399 2038; x_wconf 88' lang='lat' dir='ltr'>etdicta</span> <span class='ocrx_word' id='word_1_253' title='bbox 1413 1993 1504 2039; x_wconf 89' lang='lat' dir='ltr'>nostra</span> <span class='ocrx_word' id='word_1_254' title='bbox 1612 2006 1615 2011; x_wconf 95' lang='lat'>·</span> 
     </span>
     <span class='ocr_line' id='line_1_22' title="bbox 118 2055 1503 2139; baseline 0.001 -25"><span class='ocrx_word' id='word_1_255' title='bbox 118 2056 276 2136; x_wconf 78' lang='grc' dir='ltr'>’ἰσημερίαν</span> <span class='ocrx_word' id='word_1_256' title='bbox 290 2056 497 2137; x_wconf 85' lang='grc' dir='ltr'>φυλαττομίνης.</span> <span class='ocrx_word' id='word_1_257' title='bbox 511 2055 590 2137; x_wconf 60' lang='lat' dir='ltr'>&#39;Epio</span> <span class='ocrx_word' id='word_1_258' title='bbox 605 2058 708 2139; x_wconf 81' lang='grc' dir='ltr'>μύρτυ-</span> <span class='ocrx_word' id='word_1_259' title='bbox 724 2073 743 2121; x_wconf 77' lang='lat' dir='ltr'>r:</span> <span class='ocrx_word' id='word_1_260' title='bbox 761 2058 955 2136; x_wconf 80' lang='lat' dir='ltr'>confirmanda,</span> <span class='ocrx_word' id='word_1_261' title='bbox 967 2079 1029 2138; x_wconf 78' lang='lat' dir='ltr'>quae</span> <span class='ocrx_word' id='word_1_262' title='bbox 1048 2059 1149 2119; x_wconf 89' lang='lat' dir='ltr'>talibus</span> <span class='ocrx_word' id='word_1_263' title='bbox 1170 2073 1234 2119; x_wconf 90' lang='lat' dir='ltr'>sunt</span> <span class='ocrx_word' id='word_1_264' title='bbox 1253 2059 1321 2118; x_wconf 83' lang='lat' dir='ltr'>fulta</span> <span class='ocrx_word' id='word_1_265' title='bbox 1335 2059 1503 2119; x_wconf 89' lang='lat' dir='ltr'>testimoniis.</span> 
     </span>
     <span class='ocr_line' id='line_1_23' title="bbox 115 2134 1505 2218; baseline 0.002 -23"><span class='ocrx_word' id='word_1_266' title='bbox 115 2134 263 2218; x_wconf 79' lang='grc' dir='ltr'>Ἓύραίους.</span> <span class='ocrx_word' id='word_1_267' title='bbox 284 2137 325 2195; x_wconf 85' lang='grc' dir='ltr'>Οὐ</span> <span class='ocrx_word' id='word_1_268' title='bbox 338 2135 389 2215; x_wconf 82' lang='grc' dir='ltr'>γλρ</span> <span class='ocrx_word' id='word_1_269' title='bbox 401 2141 434 2211; x_wconf 79' lang='grc' dir='ltr'>τῇ</span> <span class='ocrx_word' id='word_1_270' title='bbox 447 2140 499 2195; x_wconf 88' lang='grc' dir='ltr'>τῶν</span> <span class='ocrx_word' id='word_1_271' title='bbox 513 2142 557 2195; x_wconf 82' lang='grc' dir='ltr'>νῦν</span> <span class='ocrx_word' id='word_1_272' title='bbox 574 2137 709 2199; x_wconf 82' lang='grc' dir='ltr'>Ἰουδαίων</span> <span class='ocrx_word' id='word_1_273' title='bbox 760 2137 850 2198; x_wconf 81' lang='lat' dir='ltr'>Judaei</span> <span class='ocrx_word' id='word_1_274' title='bbox 867 2157 984 2216; x_wconf 81' lang='lat' dir='ltr'>namque</span> <span class='ocrx_word' id='word_1_275' title='bbox 1003 2139 1093 2197; x_wconf 89' lang='lat' dir='ltr'>omnia</span> <span class='ocrx_word' id='word_1_276' title='bbox 1111 2138 1181 2198; x_wconf 92' lang='lat' dir='ltr'>bona</span> <span class='ocrx_word' id='word_1_277' title='bbox 1201 2137 1373 2198; x_wconf 87' lang='lat' dir='ltr'>eliminarunt</span> <span class='ocrx_word' id='word_1_278' title='bbox 1390 2161 1397 2195; x_wconf 83' lang='grc' dir='ltr'>ι</span> <span class='ocrx_word' id='word_1_279' title='bbox 1413 2140 1505 2198; x_wconf 89' lang='lat' dir='ltr'>statim</span> 
     </span>
    </p>

    <p class='ocr_par' dir='ltr' id='par_1_21' title="bbox 47 2214 1505 2308">
     <span class='ocr_line' id='line_1_24' title="bbox 47 2214 1505 2308; baseline 0.002 -34"><span class='ocrx_word' id='word_1_280' title='bbox 47 2217 256 2297; x_wconf 80' lang='grc' dir='ltr'>νηπροσέχεινχ</span> <span class='ocrx_word' id='word_1_281' title='bbox 280 2214 653 2296; x_wconf 80' lang='grc' dir='ltr'>’(πιίνταγδιρτδτοῦνόμου</span> <span class='ocrx_word' id='word_1_282' title='bbox 667 2217 709 2277; x_wconf 86' lang='grc' dir='ltr'>δί-</span> <span class='ocrx_word' id='word_1_283' title='bbox 762 2217 863 2298; x_wconf 90' lang='lat' dir='ltr'>quippe</span> <span class='ocrx_word' id='word_1_284' title='bbox 874 2217 1326 2298; x_wconf 78' lang='lat' dir='ltr'>Scripturasscptuagintaduorum</span> <span class='ocrx_word' id='word_1_285' title='bbox 1342 2217 1505 2308; x_wconf 84' lang='lat' dir='ltr'>sapientium</span> 
     </span>
    </p>

    <p class='ocr_par' dir='ltr' id='par_1_22' title="bbox 47 2294 1507 2379">
     <span class='ocr_line' id='line_1_25' title="bbox 47 2294 1507 2379; baseline 0.001 -25"><span class='ocrx_word' id='word_1_286' title='bbox 47 2295 173 2377; x_wconf 87' lang='grc' dir='ltr'>ηφοίνισαν</span> <span class='ocrx_word' id='word_1_287' title='bbox 193 2297 257 2354; x_wconf 84' lang='grc' dir='ltr'>αὐτο</span> <span class='ocrx_word' id='word_1_288' title='bbox 277 2295 302 2375; x_wconf 89' lang='grc'>)·</span> <span class='ocrx_word' id='word_1_289' title='bbox 318 2294 386 2353; x_wconf 77' lang='grc' dir='ltr'>ἀλλὰ</span> <span class='ocrx_word' id='word_1_290' title='bbox 407 2299 460 2354; x_wconf 88' lang='grc' dir='ltr'>τῶν</span> <span class='ocrx_word' id='word_1_291' title='bbox 475 2299 561 2375; x_wconf 82' lang='grc' dir='ltr'>σοφῶν</span> <span class='ocrx_word' id='word_1_292' title='bbox 575 2294 709 2378; x_wconf 81' lang='grc' dir='ltr'>Ἐύραίφνν</span> <span class='ocrx_word' id='word_1_293' title='bbox 763 2295 943 2378; x_wconf 88' lang='lat' dir='ltr'>lnteiprctum</span> <span class='ocrx_word' id='word_1_294' title='bbox 961 2297 1147 2379; x_wconf 80' lang='lat' dir='ltr'>reprobarunt.</span> <span class='ocrx_word' id='word_1_295' title='bbox 1159 2295 1323 2377; x_wconf 87' lang='lat' dir='ltr'>llujusmodi</span> <span class='ocrx_word' id='word_1_296' title='bbox 1334 2318 1406 2356; x_wconf 89' lang='lat' dir='ltr'>enim</span> <span class='ocrx_word' id='word_1_297' title='bbox 1417 2297 1507 2358; x_wconf 73' lang='lat' dir='ltr'>ludaei</span> 
     </span>
    </p>

    <p class='ocr_par' dir='ltr' id='par_1_23' title="bbox 47 2373 1506 2458">
     <span class='ocr_line' id='line_1_26' title="bbox 47 2373 1506 2458; baseline 0 -23"><span class='ocrx_word' id='word_1_298' title='bbox 47 2398 108 2435; x_wconf 85' lang='grc' dir='ltr'>ιτων</span> <span class='ocrx_word' id='word_1_299' title='bbox 128 2373 230 2434; x_wconf 77' lang='grc' dir='ltr'>ἀκούειν</span> <span class='ocrx_word' id='word_1_300' title='bbox 253 2373 398 2454; x_wconf 65' lang='grc' dir='ltr'>προσήκει,</span> <span class='ocrx_word' id='word_1_301' title='bbox 416 2373 461 2433; x_wconf 79' lang='grc' dir='ltr'>καί</span> <span class='ocrx_word' id='word_1_302' title='bbox 482 2375 588 2434; x_wconf 74' lang='grc' dir='ltr'>ἐκείνων</span> <span class='ocrx_word' id='word_1_303' title='bbox 606 2375 709 2455; x_wconf 77' lang='grc' dir='ltr'>ἀνάγκη</span> <span class='ocrx_word' id='word_1_304' title='bbox 762 2374 804 2433; x_wconf 92' lang='lat' dir='ltr'>illi</span> <span class='ocrx_word' id='word_1_305' title='bbox 822 2389 907 2452; x_wconf 87' lang='lat' dir='ltr'>erant,</span> <span class='ocrx_word' id='word_1_306' title='bbox 918 2375 967 2455; x_wconf 92' lang='lat' dir='ltr'>qui</span> <span class='ocrx_word' id='word_1_307' title='bbox 988 2377 1025 2437; x_wconf 85' lang='lat' dir='ltr'>ad</span> <span class='ocrx_word' id='word_1_308' title='bbox 1042 2375 1097 2435; x_wconf 87' lang='lat' dir='ltr'>tale</span> <span class='ocrx_word' id='word_1_309' title='bbox 1113 2397 1182 2458; x_wconf 90' lang='lat' dir='ltr'>opus</span> <span class='ocrx_word' id='word_1_310' title='bbox 1199 2376 1414 2436; x_wconf 90' lang='lat' dir='ltr'>concinnandum</span> <span class='ocrx_word' id='word_1_311' title='bbox 1429 2377 1506 2446; x_wconf 84' lang='lat' dir='ltr'>incu-</span> 
     </span>
    </p>

    <p class='ocr_par' dir='ltr' id='par_1_24' title="bbox 47 2451 1507 2535">
     <span class='ocr_line' id='line_1_27' title="bbox 47 2451 1507 2535; baseline -0.001 -20"><span class='ocrx_word' id='word_1_312' title='bbox 47 2452 426 2534; x_wconf 73' lang='grc' dir='ltr'>ιονθρίζεινκαδίκκηρύτεειν</span> <span class='ocrx_word' id='word_1_313' title='bbox 435 2451 483 2532; x_wconf 77' lang='grc' dir='ltr'>μὲν</span> <span class='ocrx_word' id='word_1_314' title='bbox 495 2454 600 2523; x_wconf 84' lang='grc' dir='ltr'>τούτους</span> <span class='ocrx_word' id='word_1_315' title='bbox 613 2458 649 2522; x_wconf 78' lang='grc' dir='ltr'>ὡς</span> <span class='ocrx_word' id='word_1_316' title='bbox 660 2479 710 2515; x_wconf 80' lang='grc' dir='ltr'>πα·</span> <span class='ocrx_word' id='word_1_317' title='bbox 762 2454 893 2532; x_wconf 87' lang='lat' dir='ltr'>buerunt;</span> <span class='ocrx_word' id='word_1_318' title='bbox 903 2455 1009 2534; x_wconf 87' lang='lat' dir='ltr'>antiqui</span> <span class='ocrx_word' id='word_1_319' title='bbox 1030 2477 1090 2515; x_wconf 90' lang='lat' dir='ltr'>nem</span> <span class='ocrx_word' id='word_1_320' title='bbox 1110 2477 1136 2530; x_wconf 94' lang='lat' dir='ltr'>e,</span> <span class='ocrx_word' id='word_1_321' title='bbox 1146 2456 1195 2535; x_wconf 91' lang='lat' dir='ltr'>qui</span> <span class='ocrx_word' id='word_1_322' title='bbox 1208 2468 1270 2515; x_wconf 88' lang='lat' dir='ltr'>ante</span> <span class='ocrx_word' id='word_1_323' title='bbox 1289 2454 1441 2516; x_wconf 86' lang='lat' dir='ltr'>Servatoris</span> <span class='ocrx_word' id='word_1_324' title='bbox 1457 2454 1507 2515; x_wconf 87' lang='lat' dir='ltr'>ad-</span> 
     </span>
    </p>

    <p class='ocr_par' dir='ltr' id='par_1_25' title="bbox 46 2478 1507 2617">
     <span class='ocr_line' id='line_1_28' title="bbox 46 2478 1507 2617; baseline 0 -23"><span class='ocrx_word' id='word_1_325' title='bbox 46 2557 64 2606; x_wconf 75' lang='grc' dir='ltr'>ς,</span> <span class='ocrx_word' id='word_1_326' title='bbox 75 2533 238 2594; x_wconf 78' lang='grc' dir='ltr'>συνιστάνειν</span> <span class='ocrx_word' id='word_1_327' title='bbox 252 2531 280 2591; x_wconf 72' lang='lat' dir='ltr'>ll</span> <span class='ocrx_word' id='word_1_328' title='bbox 294 2534 338 2592; x_wconf 80' lang='grc' dir='ltr'>τὸν</span> <span class='ocrx_word' id='word_1_329' title='bbox 350 2532 479 2611; x_wconf 76' lang='grc' dir='ltr'>ἡμέτερον</span> <span class='ocrx_word' id='word_1_330' title='bbox 493 2533 579 2613; x_wconf 80' lang='grc' dir='ltr'>λόγον,</span> <span class='ocrx_word' id='word_1_331' title='bbox 589 2538 710 2594; x_wconf 84' lang='grc' dir='ltr'>κάκεῖθεν</span> <span class='ocrx_word' id='word_1_332' title='bbox 763 2549 874 2594; x_wconf 84' lang='lat' dir='ltr'>rentum</span> <span class='ocrx_word' id='word_1_333' title='bbox 892 2534 928 2593; x_wconf 93' lang='lat' dir='ltr'>ab</span> <span class='ocrx_word' id='word_1_334' title='bbox 950 2534 1059 2615; x_wconf 89' lang='lat' dir='ltr'>optimis</span> <span class='ocrx_word' id='word_1_335' title='bbox 1077 2478 1156 2595; x_wconf 82' lang='lat' dir='ltr'>electi</span> <span class='ocrx_word' id='word_1_336' title='bbox 1169 2549 1241 2611; x_wconf 89' lang='lat' dir='ltr'>sunt,</span> <span class='ocrx_word' id='word_1_337' title='bbox 1255 2534 1290 2594; x_wconf 90' lang='lat' dir='ltr'>ad</span> <span class='ocrx_word' id='word_1_338' title='bbox 1308 2535 1507 2617; x_wconf 85' lang='lat' dir='ltr'>interpretatio-</span> 
     </span>
    </p>

    <p class='ocr_par' dir='ltr' id='par_1_26' title="bbox 58 2611 1507 2707">
     <span class='ocr_line' id='line_1_29' title="bbox 58 2611 1507 2707; baseline 0.001 -35"><span class='ocrx_word' id='word_1_339' title='bbox 58 2611 280 2694; x_wconf 78' lang='grc' dir='ltr'>μαρτυρούμενον.</span> <span class='ocrx_word' id='word_1_340' title='bbox 293 2611 416 2672; x_wconf 85' lang='grc' dir='ltr'>Ἰουδαῖοι</span> <span class='ocrx_word' id='word_1_341' title='bbox 431 2612 478 2690; x_wconf 76' lang='grc' dir='ltr'>μὲν</span> <span class='ocrx_word' id='word_1_342' title='bbox 492 2612 543 2692; x_wconf 83' lang='grc' dir='ltr'>γδρ</span> <span class='ocrx_word' id='word_1_343' title='bbox 561 2612 649 2673; x_wconf 78' lang='grc' dir='ltr'>πάντα</span> <span class='ocrx_word' id='word_1_344' title='bbox 676 2612 710 2673; x_wconf 77' lang='lat' dir='ltr'>rb</span> <span class='ocrx_word' id='word_1_345' title='bbox 762 2633 823 2673; x_wconf 88' lang='lat' dir='ltr'>nem</span> <span class='ocrx_word' id='word_1_346' title='bbox 836 2614 1049 2707; x_wconf 77' lang='lat' dir='ltr'>scripturarum,</span> <span class='ocrx_word' id='word_1_347' title='bbox 1063 2635 1123 2693; x_wconf 85' lang='lat' dir='ltr'>quae</span> <span class='ocrx_word' id='word_1_348' title='bbox 1141 2628 1206 2674; x_wconf 88' lang='lat' dir='ltr'>tunc</span> <span class='ocrx_word' id='word_1_349' title='bbox 1226 2614 1369 2674; x_wconf 83' lang='lat' dir='ltr'>Hebraicis</span> <span class='ocrx_word' id='word_1_350' title='bbox 1391 2628 1507 2674; x_wconf 73' lang='lat' dir='ltr'>exaratae</span> 
     </span>
    </p>

    <p class='ocr_par' dir='ltr' id='par_1_27' title="bbox 47 2690 1506 2785">
     <span class='ocr_line' id='line_1_30' title="bbox 47 2690 1506 2785; baseline 0.002 -36"><span class='ocrx_word' id='word_1_351' title='bbox 47 2690 233 2775; x_wconf 78' lang='grc' dir='ltr'>ξεχωρίσαντο.</span> <span class='ocrx_word' id='word_1_352' title='bbox 248 2691 349 2753; x_wconf 80' lang='grc' dir='ltr'>Αὐτίκα</span> <span class='ocrx_word' id='word_1_353' title='bbox 361 2697 423 2769; x_wconf 82' lang='grc' dir='ltr'>γοῦν</span> <span class='ocrx_word' id='word_1_354' title='bbox 433 2691 479 2749; x_wconf 83' lang='grc' dir='ltr'>καλ</span> <span class='ocrx_word' id='word_1_355' title='bbox 489 2691 537 2758; x_wconf 83' lang='grc' dir='ltr'>τδς</span> <span class='ocrx_word' id='word_1_356' title='bbox 550 2694 607 2772; x_wconf 83' lang='grc' dir='ltr'>Γρα</span> <span class='ocrx_word' id='word_1_357' title='bbox 628 2692 710 2761; x_wconf 57' lang='lat' dir='ltr'>tatto</span> <span class='ocrx_word' id='word_1_358' title='bbox 762 2693 961 2754; x_wconf 78' lang='lat' dir='ltr'>characteribus</span> <span class='ocrx_word' id='word_1_359' title='bbox 976 2694 1078 2785; x_wconf 92' lang='lat' dir='ltr'>optimo</span> <span class='ocrx_word' id='word_1_360' title='bbox 1096 2693 1124 2753; x_wconf 93' lang='lat' dir='ltr'>in</span> <span class='ocrx_word' id='word_1_361' title='bbox 1138 2706 1305 2752; x_wconf 88' lang='lat' dir='ltr'>statuerant.</span> <span class='ocrx_word' id='word_1_362' title='bbox 1321 2693 1392 2752; x_wconf 88' lang='lat' dir='ltr'>Sane</span> <span class='ocrx_word' id='word_1_363' title='bbox 1408 2714 1506 2781; x_wconf 89' lang='lat' dir='ltr'>appro-</span> 
     </span>
    </p>

    <p class='ocr_par' dir='ltr' id='par_1_28' title="bbox 47 2769 1506 2851">
     <span class='ocr_line' id='line_1_31' title="bbox 47 2769 1506 2851; baseline 0 -20"><span class='ocrx_word' id='word_1_364' title='bbox 47 2772 189 2849; x_wconf 71' lang='grc' dir='ltr'>δομήκοντα</span> <span class='ocrx_word' id='word_1_365' title='bbox 213 2775 299 2851; x_wconf 80' lang='grc' dir='ltr'>σοφῶν</span> <span class='ocrx_word' id='word_1_366' title='bbox 323 2769 543 2849; x_wconf 80' lang='grc' dir='ltr'>μεταύαλλόντων</span> <span class='ocrx_word' id='word_1_367' title='bbox 569 2776 603 2842; x_wconf 87' lang='grc' dir='ltr'>ιἠθ</span> <span class='ocrx_word' id='word_1_368' title='bbox 645 2795 710 2845; x_wconf 76' lang='lat' dir='ltr'>,cun</span> <span class='ocrx_word' id='word_1_369' title='bbox 762 2771 902 2834; x_wconf 83' lang='lat' dir='ltr'>batatunc</span> <span class='ocrx_word' id='word_1_370' title='bbox 922 2773 974 2832; x_wconf 84' lang='lat' dir='ltr'>tuii</span> <span class='ocrx_word' id='word_1_371' title='bbox 993 2772 1040 2831; x_wconf 89' lang='lat' dir='ltr'>illa</span> <span class='ocrx_word' id='word_1_372' title='bbox 1053 2773 1110 2831; x_wconf 88' lang='lat' dir='ltr'>inte</span> <span class='ocrx_word' id='word_1_373' title='bbox 1142 2771 1286 2849; x_wconf 90' lang='lat' dir='ltr'>retati0,ct</span> <span class='ocrx_word' id='word_1_374' title='bbox 1304 2771 1506 2831; x_wconf 76' lang='lat' dir='ltr'>maledictiones</span> 
     </span>
    </p>

    <p class='ocr_par' dir='ltr' id='par_1_29' title="bbox 47 2845 1507 2933">
     <span class='ocr_line' id='line_1_32' title="bbox 47 2845 1507 2933; baseline 0 -22"><span class='ocrx_word' id='word_1_375' title='bbox 47 2874 64 2911; x_wconf 88' lang='grc' dir='ltr'>ιι</span> <span class='ocrx_word' id='word_1_376' title='bbox 89 2849 141 2933; x_wconf 71' lang='grc' dir='ltr'>γὰρ</span> <span class='ocrx_word' id='word_1_377' title='bbox 165 2850 287 2909; x_wconf 84' lang='grc' dir='ltr'>Ἰουδαῖοι</span> <span class='ocrx_word' id='word_1_378' title='bbox 309 2849 375 2931; x_wconf 79' lang='grc' dir='ltr'>πρὸς</span> <span class='ocrx_word' id='word_1_379' title='bbox 393 2849 442 2923; x_wconf 76' lang='grc' dir='ltr'>τὴν</span> <span class='ocrx_word' id='word_1_380' title='bbox 455 2845 579 2922; x_wconf 87' lang='grc' dir='ltr'>τοιαύτην</span> <span class='ocrx_word' id='word_1_381' title='bbox 592 2851 710 2932; x_wconf 79' lang='grc' dir='ltr'>ἱστορίαν</span> <span class='ocrx_word' id='word_1_382' title='bbox 763 2852 798 2910; x_wconf 88' lang='lat' dir='ltr'>ab</span> <span class='ocrx_word' id='word_1_383' title='bbox 809 2853 935 2912; x_wconf 88' lang='lat' dir='ltr'>omnibus</span> <span class='ocrx_word' id='word_1_384' title='bbox 945 2850 1122 2933; x_wconf 79' lang='lat' dir='ltr'>Hebraeispro</span> <span class='ocrx_word' id='word_1_385' title='bbox 1150 2850 1507 2929; x_wconf 80' lang='lat' dir='ltr'>taesiintineum,quibanc</span> 
     </span>
    </p>

    <p class='ocr_par' dir='ltr' id='par_1_30' title="bbox 47 2927 1506 3013">
     <span class='ocr_line' id='line_1_33' title="bbox 47 2927 1506 3013; baseline 0 -24"><span class='ocrx_word' id='word_1_386' title='bbox 47 2952 100 3003; x_wconf 87' lang='grc' dir='ltr'>ιτα,</span> <span class='ocrx_word' id='word_1_387' title='bbox 111 2932 232 3010; x_wconf 77' lang='grc' dir='ltr'>ἀρχαῖοι,</span> <span class='ocrx_word' id='word_1_388' title='bbox 241 2927 348 3010; x_wconf 77' lang='grc' dir='ltr'>πρὸτῆς</span> <span class='ocrx_word' id='word_1_389' title='bbox 361 2934 406 2989; x_wconf 84' lang='grc' dir='ltr'>τοῦ</span> <span class='ocrx_word' id='word_1_390' title='bbox 418 2929 542 3010; x_wconf 78' lang='grc' dir='ltr'>Σωτῆρος</span> <span class='ocrx_word' id='word_1_391' title='bbox 550 2930 709 3010; x_wconf 88' lang='grc' dir='ltr'>παρουσίας,</span> <span class='ocrx_word' id='word_1_392' title='bbox 717 2954 754 2993; x_wconf 79' lang='grc' dir='ltr'>τιν</span> <span class='ocrx_word' id='word_1_393' title='bbox 764 2932 1008 3013; x_wconf 81' lang='lat' dir='ltr'>interpretationem</span> <span class='ocrx_word' id='word_1_394' title='bbox 1021 2943 1147 2991; x_wconf 87' lang='lat' dir='ltr'>mutaret.</span> <span class='ocrx_word' id='word_1_395' title='bbox 1155 2931 1210 2991; x_wconf 89' lang='lat' dir='ltr'>Has</span> <span class='ocrx_word' id='word_1_396' title='bbox 1219 2930 1280 2990; x_wconf 90' lang='lat' dir='ltr'>ideo</span> <span class='ocrx_word' id='word_1_397' title='bbox 1292 2930 1448 3011; x_wconf 87' lang='lat' dir='ltr'>Scripturas</span> <span class='ocrx_word' id='word_1_398' title='bbox 1459 2931 1506 2991; x_wconf 91' lang='lat' dir='ltr'>ob-</span> 
     </span>
    </p>

    <p class='ocr_par' dir='ltr' id='par_1_31' title="bbox 47 3006 1643 3092">
     <span class='ocr_line' id='line_1_34' title="bbox 47 3006 1643 3092; baseline 0.002 -25"><span class='ocrx_word' id='word_1_399' title='bbox 47 3011 89 3082; x_wconf 73' lang='grc' dir='ltr'>διην</span> <span class='ocrx_word' id='word_1_400' title='bbox 103 3010 154 3068; x_wconf 75' lang='lat' dir='ltr'>bril</span> <span class='ocrx_word' id='word_1_401' title='bbox 171 3006 285 3090; x_wconf 75' lang='grc' dir='ltr'>ἀρίστων</span> <span class='ocrx_word' id='word_1_402' title='bbox 298 3007 471 3089; x_wconf 77' lang='grc' dir='ltr'>ἐξειλεγμίνοι</span> <span class='ocrx_word' id='word_1_403' title='bbox 484 3008 549 3088; x_wconf 85' lang='grc' dir='ltr'>πρδς</span> <span class='ocrx_word' id='word_1_404' title='bbox 562 3008 611 3082; x_wconf 78' lang='grc' dir='ltr'>τὴν</span> <span class='ocrx_word' id='word_1_405' title='bbox 626 3033 711 3088; x_wconf 83' lang='grc' dir='ltr'>μετα·</span> <span class='ocrx_word' id='word_1_406' title='bbox 726 3011 747 3056; x_wconf 75' lang='grc' dir='ltr'><strong>Α</strong></span> <span class='ocrx_word' id='word_1_407' title='bbox 763 3032 919 3088; x_wconf 83' lang='lat' dir='ltr'>servamus,</span> <span class='ocrx_word' id='word_1_408' title='bbox 937 3010 1077 3071; x_wconf 87' lang='lat' dir='ltr'>audientes</span> <span class='ocrx_word' id='word_1_409' title='bbox 1093 3012 1219 3092; x_wconf 83' lang='lat' dir='ltr'>bloysem</span> <span class='ocrx_word' id='word_1_410' title='bbox 1241 3010 1391 3070; x_wconf 88' lang='lat' dir='ltr'>dicentem:</span> <span class='ocrx_word' id='word_1_411' title='bbox 1402 3014 1440 3069; x_wconf 93' lang='lat' dir='ltr'>In</span> <span class='ocrx_word' id='word_1_412' title='bbox 1457 3028 1507 3070; x_wconf 89' lang='lat' dir='ltr'>ore</span> <span class='ocrx_word' id='word_1_413' title='bbox 1519 3020 1586 3063; x_wconf 67' lang='lat' dir='ltr'>Dent·</span> <span class='ocrx_word' id='word_1_414' title='bbox 1607 3032 1643 3079; x_wconf 74' lang='grc' dir='ltr'>ιο.</span> 
     </span>
    </p>

    <p class='ocr_par' dir='ltr' id='par_1_32' title="bbox 47 3081 1673 3172">
     <span class='ocr_line' id='line_1_35' title="bbox 47 3081 1673 3172; baseline 0 -24"><span class='ocrx_word' id='word_1_415' title='bbox 47 3092 83 3149; x_wconf 83' lang='grc' dir='ltr'>ῶν</span> <span class='ocrx_word' id='word_1_416' title='bbox 96 3090 218 3168; x_wconf 84' lang='grc' dir='ltr'>Γραφῶν,</span> <span class='ocrx_word' id='word_1_417' title='bbox 229 3088 268 3147; x_wconf 86' lang='grc' dir='ltr'>ίτι</span> <span class='ocrx_word' id='word_1_418' title='bbox 281 3088 328 3147; x_wconf 77' lang='grc' dir='ltr'>καί</span> <span class='ocrx_word' id='word_1_419' title='bbox 340 3088 400 3147; x_wconf 87' lang='grc' dir='ltr'>τότε</span> <span class='ocrx_word' id='word_1_420' title='bbox 414 3092 441 3148; x_wconf 81' lang='grc' dir='ltr'>ἐν</span> <span class='ocrx_word' id='word_1_421' title='bbox 455 3087 608 3167; x_wconf 78' lang='grc' dir='ltr'>Ἑὸραῖκοῖς</span> <span class='ocrx_word' id='word_1_422' title='bbox 626 3113 709 3172; x_wconf 85' lang='grc' dir='ltr'>χαρα-</span> <span class='ocrx_word' id='word_1_423' title='bbox 764 3094 888 3151; x_wconf 87' lang='lat' dir='ltr'>duorum</span> <span class='ocrx_word' id='word_1_424' title='bbox 897 3091 949 3151; x_wconf 82' lang='lat' dir='ltr'>uel</span> <span class='ocrx_word' id='word_1_425' title='bbox 956 3095 1045 3150; x_wconf 85' lang='lat' dir='ltr'>trium</span> <span class='ocrx_word' id='word_1_426' title='bbox 1054 3095 1170 3151; x_wconf 86' lang='lat' dir='ltr'>testium</span> <span class='ocrx_word' id='word_1_427' title='bbox 1180 3093 1365 3150; x_wconf 81' lang='lat' dir='ltr'>stabitomne</span> <span class='ocrx_word' id='word_1_428' title='bbox 1374 3093 1505 3148; x_wconf 79' lang='lat' dir='ltr'>verbum.</span> <span class='ocrx_word' id='word_1_429' title='bbox 1521 3081 1556 3127; x_wconf 53' lang='lat'>¹⁵*</span> <span class='ocrx_word' id='word_1_430' title='bbox 1672 3165 1673 3168; x_wconf 11' lang='grc' dir='ltr'>γ</span> 
     </span>
    </p>

    <p class='ocr_par' dir='ltr' id='par_1_33' title="bbox 47 3166 1506 3251">
     <span class='ocr_line' id='line_1_36' title="bbox 47 3166 1506 3251; baseline 0 -23"><span class='ocrx_word' id='word_1_431' title='bbox 47 3171 141 3228; x_wconf 57' lang='grc' dir='ltr'>ὀὐσῶν</span> <span class='ocrx_word' id='word_1_432' title='bbox 151 3166 305 3245; x_wconf 86' lang='grc' dir='ltr'>εὐδοκίμων.</span> <span class='ocrx_word' id='word_1_433' title='bbox 315 3167 369 3228; x_wconf 84' lang='grc' dir='ltr'>Καὶ</span> <span class='ocrx_word' id='word_1_434' title='bbox 376 3167 535 3245; x_wconf 74' lang='grc' dir='ltr'>ἐδοκιμάσθη</span> <span class='ocrx_word' id='word_1_435' title='bbox 546 3173 563 3239; x_wconf 78' lang='grc' dir='ltr'>ἡ</span> <span class='ocrx_word' id='word_1_436' title='bbox 573 3169 710 3249; x_wconf 77' lang='grc' dir='ltr'>ἑρμηνεία,</span> <span class='ocrx_word' id='word_1_437' title='bbox 763 3171 824 3231; x_wconf 90' lang='lat' dir='ltr'>Non</span> <span class='ocrx_word' id='word_1_438' title='bbox 837 3185 927 3231; x_wconf 88' lang='lat' dir='ltr'>autem</span> <span class='ocrx_word' id='word_1_439' title='bbox 942 3170 1070 3246; x_wconf 91' lang='lat' dir='ltr'>duorum,</span> <span class='ocrx_word' id='word_1_440' title='bbox 1083 3169 1131 3229; x_wconf 91' lang='lat' dir='ltr'>sed</span> <span class='ocrx_word' id='word_1_441' title='bbox 1145 3170 1313 3251; x_wconf 79' lang='lat' dir='ltr'>septuaginta</span> <span class='ocrx_word' id='word_1_442' title='bbox 1332 3168 1450 3228; x_wconf 91' lang='lat' dir='ltr'>duorum</span> <span class='ocrx_word' id='word_1_443' title='bbox 1468 3183 1506 3228; x_wconf 90' lang='lat' dir='ltr'>te·</span> 
     </span>
    </p>

    <p class='ocr_par' dir='ltr' id='par_1_34' title="bbox 47 3245 1575 3333">
     <span class='ocr_line' id='line_1_37' title="bbox 47 3245 1575 3333; baseline 0 -26"><span class='ocrx_word' id='word_1_444' title='bbox 47 3248 59 3307; x_wconf 87' lang='lat' dir='ltr'>l</span> <span class='ocrx_word' id='word_1_445' title='bbox 77 3247 128 3307; x_wconf 77' lang='grc' dir='ltr'>ὓπδ</span> <span class='ocrx_word' id='word_1_446' title='bbox 148 3247 255 3306; x_wconf 81' lang='grc' dir='ltr'>πάντων</span> <span class='ocrx_word' id='word_1_447' title='bbox 269 3250 321 3306; x_wconf 84' lang='grc' dir='ltr'>τῶν</span> <span class='ocrx_word' id='word_1_448' title='bbox 336 3246 470 3327; x_wconf 80' lang='grc' dir='ltr'>Ἐύραίων</span> <span class='ocrx_word' id='word_1_449' title='bbox 484 3245 621 3322; x_wconf 76' lang='grc' dir='ltr'>ἐτέθησαν,</span> <span class='ocrx_word' id='word_1_450' title='bbox 635 3248 660 3308; x_wconf 89' lang='grc' dir='ltr'>εί</span> <span class='ocrx_word' id='word_1_451' title='bbox 669 3273 709 3318; x_wconf 86' lang='grc' dir='ltr'>τις</span> <span class='ocrx_word' id='word_1_452' title='bbox 763 3251 846 3309; x_wconf 79' lang='lat' dir='ltr'>stium</span> <span class='ocrx_word' id='word_1_453' title='bbox 855 3251 1005 3312; x_wconf 82' lang='lat' dir='ltr'>versionem</span> <span class='ocrx_word' id='word_1_454' title='bbox 1015 3250 1129 3310; x_wconf 84' lang='lat' dir='ltr'>libenter</span> <span class='ocrx_word' id='word_1_455' title='bbox 1139 3249 1294 3333; x_wconf 85' lang='lat' dir='ltr'>accipimus.</span> <span class='ocrx_word' id='word_1_456' title='bbox 1311 3247 1365 3308; x_wconf 89' lang='lat' dir='ltr'>Sed</span> <span class='ocrx_word' id='word_1_457' title='bbox 1376 3247 1507 3327; x_wconf 83' lang='lat' dir='ltr'>quamdiu</span> <span class='ocrx_word' id='word_1_458' title='bbox 1568 3294 1575 3316; x_wconf 74' lang='grc'>,</span> 
     </span>
    </p>

    <p class='ocr_par' dir='ltr' id='par_1_35' title="bbox 47 3325 1508 3412">
     <span class='ocr_line' id='line_1_38' title="bbox 47 3325 1508 3412; baseline -0.001 -25"><span class='ocrx_word' id='word_1_459' title='bbox 47 3325 344 3407; x_wconf 73' lang='grc' dir='ltr'>ηνείανπαρακινιίσειε.</span> <span class='ocrx_word' id='word_1_460' title='bbox 370 3326 424 3385; x_wconf 76' lang='grc' dir='ltr'>Καὶ</span> <span class='ocrx_word' id='word_1_461' title='bbox 444 3325 541 3395; x_wconf 89' lang='grc' dir='ltr'>ταύτας</span> <span class='ocrx_word' id='word_1_462' title='bbox 561 3326 605 3385; x_wconf 81' lang='grc' dir='ltr'>διδ</span> <span class='ocrx_word' id='word_1_463' title='bbox 624 3334 710 3388; x_wconf 84' lang='grc' dir='ltr'>ταῦτα</span> <span class='ocrx_word' id='word_1_464' title='bbox 763 3331 895 3412; x_wconf 87' lang='lat' dir='ltr'>sapientes</span> <span class='ocrx_word' id='word_1_465' title='bbox 903 3328 1225 3410; x_wconf 74' lang='lat' dir='ltr'>tadnommsnpersiius</span> <span class='ocrx_word' id='word_1_466' title='bbox 1233 3329 1351 3403; x_wconf 80' lang='lat' dir='ltr'>fuerunt,</span> <span class='ocrx_word' id='word_1_467' title='bbox 1361 3327 1449 3388; x_wconf 82' lang='lat' dir='ltr'>versio</span> <span class='ocrx_word' id='word_1_468' title='bbox 1459 3327 1508 3387; x_wconf 87' lang='lat' dir='ltr'>illa</span> 
     </span>
    </p>

    <p class='ocr_par' dir='ltr' id='par_1_36' title="bbox 47 3404 1508 3491">
     <span class='ocr_line' id='line_1_39' title="bbox 47 3404 1508 3491; baseline 0.001 -27"><span class='ocrx_word' id='word_1_469' title='bbox 47 3404 196 3489; x_wconf 81' lang='grc' dir='ltr'>ιριέπομεν,</span> <span class='ocrx_word' id='word_1_470' title='bbox 210 3406 345 3473; x_wconf 82' lang='grc' dir='ltr'>ἀκούοντες</span> <span class='ocrx_word' id='word_1_471' title='bbox 356 3405 491 3472; x_wconf 82' lang='grc' dir='ltr'>Μωῦσίως</span> <span class='ocrx_word' id='word_1_472' title='bbox 501 3406 631 3485; x_wconf 83' lang='grc' dir='ltr'>λέγοντος,</span> <span class='ocrx_word' id='word_1_473' title='bbox 647 3407 710 3467; x_wconf 80' lang='grc' dir='ltr'>Ἐπί</span> <span class='ocrx_word' id='word_1_474' title='bbox 763 3410 821 3471; x_wconf 86' lang='lat' dir='ltr'>vim</span> <span class='ocrx_word' id='word_1_475' title='bbox 841 3409 953 3483; x_wconf 82' lang='lat' dir='ltr'>babuit3</span> <span class='ocrx_word' id='word_1_476' title='bbox 966 3422 995 3469; x_wconf 92' lang='lat' dir='ltr'>at</span> <span class='ocrx_word' id='word_1_477' title='bbox 1011 3423 1073 3491; x_wconf 91' lang='lat' dir='ltr'>post</span> <span class='ocrx_word' id='word_1_478' title='bbox 1088 3408 1214 3488; x_wconf 90' lang='lat' dir='ltr'>iniquum</span> <span class='ocrx_word' id='word_1_479' title='bbox 1231 3422 1323 3468; x_wconf 80' lang='lat' dir='ltr'>contra</span> <span class='ocrx_word' id='word_1_480' title='bbox 1338 3409 1508 3475; x_wconf 76' lang='lat' dir='ltr'>servatorem</span> 
     </span>
    </p>

    <p class='ocr_par' dir='ltr' id='par_1_37' title="bbox 47 3483 1698 3570">
     <span class='ocr_line' id='line_1_40' title="bbox 47 3483 1698 3570; baseline -0.001 -26"><span class='ocrx_word' id='word_1_481' title='bbox 47 3483 134 3554; x_wconf 81' lang='grc' dir='ltr'>νςδύο</span> <span class='ocrx_word' id='word_1_482' title='bbox 154 3485 200 3545; x_wconf 83' lang='grc' dir='ltr'>καί</span> <span class='ocrx_word' id='word_1_483' title='bbox 222 3490 303 3566; x_wconf 84' lang='grc' dir='ltr'>τριῶν</span> <span class='ocrx_word' id='word_1_484' title='bbox 327 3483 413 3566; x_wconf 85' lang='grc' dir='ltr'>μαρτύ</span> <span class='ocrx_word' id='word_1_485' title='bbox 454 3485 640 3556; x_wconf 83' lang='grc' dir='ltr'>νσταθήσεται</span> <span class='ocrx_word' id='word_1_486' title='bbox 658 3496 710 3547; x_wconf 78' lang='grc' dir='ltr'>πᾶν</span> <span class='ocrx_word' id='word_1_487' title='bbox 763 3502 945 3570; x_wconf 88' lang='lat' dir='ltr'>perpetratum</span> <span class='ocrx_word' id='word_1_488' title='bbox 958 3489 1054 3564; x_wconf 87' lang='lat' dir='ltr'>scelus,</span> <span class='ocrx_word' id='word_1_489' title='bbox 1067 3489 1139 3549; x_wconf 88' lang='lat' dir='ltr'>bona</span> <span class='ocrx_word' id='word_1_490' title='bbox 1153 3487 1243 3547; x_wconf 91' lang='lat' dir='ltr'>omnia</span> <span class='ocrx_word' id='word_1_491' title='bbox 1258 3487 1333 3568; x_wconf 91' lang='lat' dir='ltr'>apud</span> <span class='ocrx_word' id='word_1_492' title='bbox 1344 3485 1452 3548; x_wconf 83' lang='lat' dir='ltr'>Judaeos</span> <span class='ocrx_word' id='word_1_493' title='bbox 1462 3507 1509 3546; x_wconf 84' lang='lat' dir='ltr'>ex·</span> <span class='ocrx_word' id='word_1_494' title='bbox 1693 3536 1698 3542; x_wconf 93' lang='lat'>.</span> 
     </span>
    </p>

    <p class='ocr_par' dir='ltr' id='par_1_38' title="bbox 47 3563 1659 3650">
     <span class='ocr_line' id='line_1_41' title="bbox 47 3563 1659 3650; baseline 0 -26"><span class='ocrx_word' id='word_1_495' title='bbox 47 3563 127 3624; x_wconf 77' lang='grc' dir='ltr'>νύκὲτι</span> <span class='ocrx_word' id='word_1_496' title='bbox 142 3563 308 3639; x_wconf 80' lang='grc' dir='ltr'>δὲδύσ,ἇλλ’</span> <span class='ocrx_word' id='word_1_497' title='bbox 322 3565 366 3623; x_wconf 67' lang='grc' dir='ltr'>ἐπὶ</span> <span class='ocrx_word' id='word_1_498' title='bbox 379 3565 410 3623; x_wconf 70' lang='grc' dir='ltr'>δύ</span> <span class='ocrx_word' id='word_1_499' title='bbox 442 3564 561 3643; x_wconf 81' lang='grc' dir='ltr'>μήκοντα</span> <span class='ocrx_word' id='word_1_500' title='bbox 575 3563 621 3624; x_wconf 88' lang='grc' dir='ltr'>δύο</span> <span class='ocrx_word' id='word_1_501' title='bbox 637 3590 675 3645; x_wconf 86' lang='grc' dir='ltr'>μα</span> <span class='ocrx_word' id='word_1_502' title='bbox 696 3600 710 3613; x_wconf 87' lang='grc'>-</span> <span class='ocrx_word' id='word_1_503' title='bbox 763 3567 860 3628; x_wconf 82' lang='lat' dir='ltr'>stincta</span> <span class='ocrx_word' id='word_1_504' title='bbox 870 3581 940 3628; x_wconf 83' lang='lat' dir='ltr'>sunt.</span> <span class='ocrx_word' id='word_1_505' title='bbox 951 3568 1086 3650; x_wconf 80' lang='lat' dir='ltr'>Propheta</span> <span class='ocrx_word' id='word_1_506' title='bbox 1096 3582 1136 3628; x_wconf 65' lang='lat' dir='ltr'>est</span> <span class='ocrx_word' id='word_1_507' title='bbox 1148 3567 1203 3645; x_wconf 85' lang='lat' dir='ltr'>ille,</span> <span class='ocrx_word' id='word_1_508' title='bbox 1216 3567 1263 3647; x_wconf 88' lang='lat' dir='ltr'>qui</span> <span class='ocrx_word' id='word_1_509' title='bbox 1273 3566 1509 3649; x_wconf 78' lang='lat' dir='ltr'>praedicat2Eccc</span> <span class='ocrx_word' id='word_1_510' title='bbox 1520 3583 1577 3628; x_wconf 76' lang='lat' dir='ltr'>lsai.</span> <span class='ocrx_word' id='word_1_511' title='bbox 1601 3581 1622 3625; x_wconf 81' lang='grc'>3,</span> <span class='ocrx_word' id='word_1_512' title='bbox 1640 3596 1659 3624; x_wconf 88' lang='lat' dir='ltr'>i.</span> 
     </span>
    </p>

    <p class='ocr_par' dir='ltr' id='par_1_39' title="bbox 47 3591 1572 3731">
     <span class='ocr_line' id='line_1_42' title="bbox 47 3591 1572 3731; baseline 0.002 -29"><span class='ocrx_word' id='word_1_513' title='bbox 47 3642 80 3718; x_wconf 78' lang='grc' dir='ltr'>ὴν</span> <span class='ocrx_word' id='word_1_514' title='bbox 96 3643 246 3723; x_wconf 74' lang='grc' dir='ltr'>μεταύολὴν</span> <span class='ocrx_word' id='word_1_515' title='bbox 256 3644 452 3722; x_wconf 81' lang='grc' dir='ltr'>ἀσμενίσαντες.</span> <span class='ocrx_word' id='word_1_516' title='bbox 468 3644 537 3703; x_wconf 75' lang='grc' dir='ltr'>Ἀλλ’</span> <span class='ocrx_word' id='word_1_517' title='bbox 545 3648 581 3713; x_wconf 85' lang='grc' dir='ltr'>είς</span> <span class='ocrx_word' id='word_1_518' title='bbox 591 3644 650 3704; x_wconf 76' lang='grc' dir='ltr'>ὅσον</span> <span class='ocrx_word' id='word_1_519' title='bbox 661 3591 709 3724; x_wconf 70' lang='lat' dir='ltr'>uir</span> <span class='ocrx_word' id='word_1_520' title='bbox 764 3650 911 3710; x_wconf 83' lang='lat' dir='ltr'>Doutiuits</span> <span class='ocrx_word' id='word_1_521' title='bbox 922 3649 1052 3710; x_wconf 72' lang='lat' dir='ltr'>Sabaoth</span> <span class='ocrx_word' id='word_1_522' title='bbox 1062 3650 1203 3731; x_wconf 83' lang='lat' dir='ltr'>ausereta</span> <span class='ocrx_word' id='word_1_523' title='bbox 1213 3647 1377 3706; x_wconf 83' lang='lat' dir='ltr'>Jerusalem</span> <span class='ocrx_word' id='word_1_524' title='bbox 1391 3658 1419 3705; x_wconf 87' lang='lat' dir='ltr'>et</span> <span class='ocrx_word' id='word_1_525' title='bbox 1427 3666 1447 3704; x_wconf 83' lang='lat' dir='ltr'>a</span> <span class='ocrx_word' id='word_1_526' title='bbox 1455 3646 1508 3705; x_wconf 84' lang='lat' dir='ltr'>Ju-</span> <span class='ocrx_word' id='word_1_527' title='bbox 1518 3642 1572 3705; x_wconf 62' lang='lat' dir='ltr'>*l-</span> 
     </span>
    </p>

    <p class='ocr_par' dir='ltr' id='par_1_40' title="bbox 47 3722 1510 3805">
     <span class='ocr_line' id='line_1_43' title="bbox 47 3722 1510 3805; baseline 0.001 -23"><span class='ocrx_word' id='word_1_528' title='bbox 47 3723 63 3783; x_wconf 86' lang='lat' dir='ltr'>t</span> <span class='ocrx_word' id='word_1_529' title='bbox 84 3726 213 3804; x_wconf 79' lang='grc' dir='ltr'>περιῆσαν</span> <span class='ocrx_word' id='word_1_530' title='bbox 226 3728 278 3783; x_wconf 87' lang='grc' dir='ltr'>τῶν</span> <span class='ocrx_word' id='word_1_531' title='bbox 293 3722 438 3798; x_wconf 84' lang='grc' dir='ltr'>Ἰουδαίων,</span> <span class='ocrx_word' id='word_1_532' title='bbox 452 3722 486 3783; x_wconf 76' lang='lat' dir='ltr'>rb</span> <span class='ocrx_word' id='word_1_533' title='bbox 497 3730 545 3797; x_wconf 78' lang='grc' dir='ltr'>τῆς</span> <span class='ocrx_word' id='word_1_534' title='bbox 561 3724 709 3804; x_wconf 77' lang='grc' dir='ltr'>μεταύολῆς</span> <span class='ocrx_word' id='word_1_535' title='bbox 764 3729 830 3787; x_wconf 84' lang='lat' dir='ltr'>doeo</span> <span class='ocrx_word' id='word_1_536' title='bbox 837 3731 986 3789; x_wconf 79' lang='lat' dir='ltr'>robustum</span> <span class='ocrx_word' id='word_1_537' title='bbox 996 3741 1024 3789; x_wconf 90' lang='lat' dir='ltr'>et</span> <span class='ocrx_word' id='word_1_538' title='bbox 1031 3732 1190 3798; x_wconf 84' lang='lat' dir='ltr'>robustam,</span> <span class='ocrx_word' id='word_1_539' title='bbox 1198 3729 1288 3786; x_wconf 86' lang='lat' dir='ltr'>robur</span> <span class='ocrx_word' id='word_1_540' title='bbox 1292 3729 1380 3805; x_wconf 81' lang='lat' dir='ltr'>panis</span> <span class='ocrx_word' id='word_1_541' title='bbox 1386 3737 1412 3782; x_wconf 91' lang='lat' dir='ltr'>et</span> <span class='ocrx_word' id='word_1_542' title='bbox 1421 3728 1510 3784; x_wconf 84' lang='lat' dir='ltr'>robur</span> 
     </span>
    </p>

    <p class='ocr_par' dir='ltr' id='par_1_41' title="bbox 48 3802 1528 3889">
     <span class='ocr_line' id='line_1_44' title="bbox 48 3802 1528 3889; baseline -0.002 -26"><span class='ocrx_word' id='word_1_543' title='bbox 48 3826 104 3863; x_wconf 76' lang='lat' dir='ltr'>iro·</span> <span class='ocrx_word' id='word_1_544' title='bbox 125 3802 266 3882; x_wconf 79' lang='grc' dir='ltr'>γενομένης</span> <span class='ocrx_word' id='word_1_545' title='bbox 278 3802 306 3863; x_wconf 81' lang='grc' dir='ltr'>δὲ</span> <span class='ocrx_word' id='word_1_546' title='bbox 327 3808 375 3875; x_wconf 79' lang='grc' dir='ltr'>τἠς</span> <span class='ocrx_word' id='word_1_547' title='bbox 395 3804 561 3885; x_wconf 86' lang='grc' dir='ltr'>παρανομίας</span> <span class='ocrx_word' id='word_1_548' title='bbox 574 3808 622 3875; x_wconf 81' lang='grc' dir='ltr'>τῆς</span> <span class='ocrx_word' id='word_1_549' title='bbox 639 3804 709 3866; x_wconf 75' lang='grc' dir='ltr'>κατὰ</span> <span class='ocrx_word' id='word_1_550' title='bbox 764 3812 1013 3889; x_wconf 76' lang='lat' dir='ltr'>aquae,gignntem</span> <span class='ocrx_word' id='word_1_551' title='bbox 1022 3820 1051 3866; x_wconf 90' lang='lat' dir='ltr'>et</span> <span class='ocrx_word' id='word_1_552' title='bbox 1056 3810 1167 3888; x_wconf 79' lang='lat' dir='ltr'>sortem</span> <span class='ocrx_word' id='word_1_553' title='bbox 1178 3818 1206 3863; x_wconf 85' lang='lat' dir='ltr'>et</span> <span class='ocrx_word' id='word_1_554' title='bbox 1213 3808 1314 3862; x_wconf 83' lang='lat' dir='ltr'>viritm</span> <span class='ocrx_word' id='word_1_555' title='bbox 1324 3804 1506 3875; x_wconf 84' lang='lat' dir='ltr'>bellatorem,</span> <span class='ocrx_word' id='word_1_556' title='bbox 1525 3868 1528 3876; x_wconf 29' lang='grc' dir='ltr'>Ι</span> 
     </span>
    </p>

    <p class='ocr_par' dir='ltr' id='par_1_42' title="bbox 47 3882 1508 3966">
     <span class='ocr_line' id='line_1_45' title="bbox 47 3882 1508 3966; baseline -0.001 -24"><span class='ocrx_word' id='word_1_557' title='bbox 47 3882 283 3963; x_wconf 69' lang='grc' dir='ltr'>ἣρος,ιἰπεσύε’σθη</span> <span class='ocrx_word' id='word_1_558' title='bbox 291 3883 509 3962; x_wconf 80' lang='grc' dir='ltr'>παρδἸουδαίυις</span> <span class='ocrx_word' id='word_1_559' title='bbox 516 3884 605 3943; x_wconf 79' lang='grc' dir='ltr'>πάντα</span> <span class='ocrx_word' id='word_1_560' title='bbox 612 3883 708 3955; x_wconf 75' lang='grc' dir='ltr'>κάλλη.</span> <span class='ocrx_word' id='word_1_561' title='bbox 764 3900 794 3945; x_wconf 88' lang='lat' dir='ltr'>et</span> <span class='ocrx_word' id='word_1_562' title='bbox 808 3888 948 3966; x_wconf 79' lang='lat' dir='ltr'>judicem,</span> <span class='ocrx_word' id='word_1_563' title='bbox 965 3899 994 3944; x_wconf 87' lang='lat' dir='ltr'>et</span> <span class='ocrx_word' id='word_1_564' title='bbox 1004 3888 1186 3966; x_wconf 78' lang='lat' dir='ltr'>prophetam,</span> <span class='ocrx_word' id='word_1_565' title='bbox 1203 3886 1404 3963; x_wconf 81' lang='lat' dir='ltr'>conjectorem,</span> <span class='ocrx_word' id='word_1_566' title='bbox 1416 3894 1443 3941; x_wconf 86' lang='lat' dir='ltr'>et</span> <span class='ocrx_word' id='word_1_567' title='bbox 1463 3902 1508 3941; x_wconf 84' lang='lat' dir='ltr'>se·</span> 
     </span>
    </p>

    <p class='ocr_par' dir='ltr' id='par_1_43' title="bbox 47 3960 1509 4056">
     <span class='ocr_line' id='line_1_46' title="bbox 47 3960 1509 4056; baseline -0.001 -36"><span class='ocrx_word' id='word_1_568' title='bbox 47 3985 81 4033; x_wconf 87' lang='grc' dir='ltr'>ης</span> <span class='ocrx_word' id='word_1_569' title='bbox 95 3961 189 4020; x_wconf 75' lang='lat' dir='ltr'>lorino</span> <span class='ocrx_word' id='word_1_570' title='bbox 198 3986 232 4034; x_wconf 90' lang='grc' dir='ltr'>κη</span> <span class='ocrx_word' id='word_1_571' title='bbox 250 3961 348 4022; x_wconf 87' lang='grc' dir='ltr'>ύττων·</span> <span class='ocrx_word' id='word_1_572' title='bbox 360 3961 429 4022; x_wconf 81' lang='grc' dir='ltr'>Ἰδοὺ</span> <span class='ocrx_word' id='word_1_573' title='bbox 443 3961 475 4034; x_wconf 81' lang='grc' dir='ltr'>δὴ</span> <span class='ocrx_word' id='word_1_574' title='bbox 487 3961 582 4043; x_wconf 86' lang='grc' dir='ltr'>Κύριος</span> <span class='ocrx_word' id='word_1_575' title='bbox 592 3961 708 4022; x_wconf 59' lang='lat' dir='ltr'>natata</span> <span class='ocrx_word' id='word_1_576' title='bbox 765 3985 841 4035; x_wconf 89' lang='lat' dir='ltr'>nem,</span> <span class='ocrx_word' id='word_1_577' title='bbox 859 3977 889 4024; x_wconf 88' lang='lat' dir='ltr'>et</span> <span class='ocrx_word' id='word_1_578' title='bbox 904 3968 1065 4044; x_wconf 84' lang='lat' dir='ltr'>sapientem</span> <span class='ocrx_word' id='word_1_579' title='bbox 1085 3966 1285 4033; x_wconf 80' lang='lat' dir='ltr'>architectum,</span> <span class='ocrx_word' id='word_1_580' title='bbox 1296 3973 1323 4020; x_wconf 85' lang='lat' dir='ltr'>et</span> <span class='ocrx_word' id='word_1_581' title='bbox 1337 3960 1509 4056; x_wconf 82' lang='lat' dir='ltr'>prudentem</span> 
     </span>
    </p>

    <p class='ocr_par' dir='ltr' id='par_1_44' title="bbox 47 3985 1628 4124">
     <span class='ocr_line' id='line_1_47' title="bbox 47 3985 1628 4124; baseline -0.001 -24"><span class='ocrx_word' id='word_1_582' title='bbox 47 4041 89 4101; x_wconf 82' lang='grc' dir='ltr'>ίπδ</span> <span class='ocrx_word' id='word_1_583' title='bbox 98 3985 324 4124; x_wconf 61' lang='grc' dir='ltr'>Ἱερουσαλλμκαλ</span> <span class='ocrx_word' id='word_1_584' title='bbox 332 4041 574 4114; x_wconf 72' lang='grc' dir='ltr'>ἀπὸτηςἸουδαίας</span> <span class='ocrx_word' id='word_1_585' title='bbox 584 4040 710 4122; x_wconf 79' lang='grc' dir='ltr'>ἰσχύοντα</span> <span class='ocrx_word' id='word_1_586' title='bbox 764 4043 1507 4123; x_wconf 69' lang='lat' dir='ltr'>auditoremtetstatunmjuuenesprincipeseorum,</span> <span class='ocrx_word' id='word_1_587' title='bbox 1626 4079 1628 4087; x_wconf 49' lang='grc' dir='ltr'>ι</span> 
     </span>
    </p>

    <p class='ocr_par' dir='ltr' id='par_1_45' title="bbox 47 4119 1510 4222">
     <span class='ocr_line' id='line_1_48' title="bbox 47 4119 1510 4222; baseline -0.002 -42"><span class='ocrx_word' id='word_1_588' title='bbox 47 4119 145 4193; x_wconf 86' lang='grc' dir='ltr'>ίουσαν,</span> <span class='ocrx_word' id='word_1_589' title='bbox 157 4119 232 4222; x_wconf 72' lang='grc' dir='ltr'>ἰσγὺν</span> <span class='ocrx_word' id='word_1_590' title='bbox 242 4123 321 4200; x_wconf 79' lang='grc' dir='ltr'>ἄρτου</span> <span class='ocrx_word' id='word_1_591' title='bbox 334 4121 380 4180; x_wconf 82' lang='grc' dir='ltr'>καί</span> <span class='ocrx_word' id='word_1_592' title='bbox 394 4119 471 4203; x_wconf 79' lang='grc' dir='ltr'>ίαχδν</span> <span class='ocrx_word' id='word_1_593' title='bbox 482 4120 589 4188; x_wconf 73' lang='grc' dir='ltr'>ὕδατος,</span> <span class='ocrx_word' id='word_1_594' title='bbox 597 4123 709 4200; x_wconf 80' lang='grc' dir='ltr'>γίγαντα</span> <span class='ocrx_word' id='word_1_595' title='bbox 724 4199 727 4202; x_wconf 10' lang='lat' dir='ltr'>y</span> <span class='ocrx_word' id='word_1_596' title='bbox 765 4135 794 4181; x_wconf 85' lang='lat' dir='ltr'>et</span> <span class='ocrx_word' id='word_1_597' title='bbox 805 4124 940 4182; x_wconf 84' lang='lat' dir='ltr'>illusores</span> <span class='ocrx_word' id='word_1_598' title='bbox 951 4122 1180 4181; x_wconf 85' lang='lat' dir='ltr'>dominabuntur</span> <span class='ocrx_word' id='word_1_599' title='bbox 1189 4125 1238 4180; x_wconf 85' lang='lat' dir='ltr'>eis.</span> <span class='ocrx_word' id='word_1_600' title='bbox 1250 4121 1309 4179; x_wconf 88' lang='lat' dir='ltr'>lloe</span> <span class='ocrx_word' id='word_1_601' title='bbox 1321 4119 1510 4202; x_wconf 87' lang='lat' dir='ltr'>propheticum</span> 
     </span>
    </p>

    <p class='ocr_par' dir='ltr' id='par_1_46' title="bbox 47 4198 1510 4281">
     <span class='ocr_line' id='line_1_49' title="bbox 47 4198 1510 4281; baseline -0.003 -21"><span class='ocrx_word' id='word_1_602' title='bbox 47 4198 320 4281; x_wconf 80' lang='grc' dir='ltr'>ύοντακαὶανθρωπον</span> <span class='ocrx_word' id='word_1_603' title='bbox 329 4199 710 4278; x_wconf 57' lang='grc' dir='ltr'>πολεμιστλνμαλδικαατλν,</span> <span class='ocrx_word' id='word_1_604' title='bbox 765 4202 907 4262; x_wconf 84' lang='lat' dir='ltr'>oraculum</span> <span class='ocrx_word' id='word_1_605' title='bbox 930 4202 1029 4262; x_wconf 88' lang='lat' dir='ltr'>de&#39;ccit</span> <span class='ocrx_word' id='word_1_606' title='bbox 1048 4201 1207 4264; x_wconf 71' lang='lat' dir='ltr'>ludaeorum</span> <span class='ocrx_word' id='word_1_607' title='bbox 1229 4199 1446 4271; x_wconf 88' lang='lat' dir='ltr'>multitudinem,</span> <span class='ocrx_word' id='word_1_608' title='bbox 1479 4219 1510 4256; x_wconf 85' lang='lat' dir='ltr'>ac</span> 
     </span>
    </p>

    <p class='ocr_par' dir='ltr' id='par_1_47' title="bbox 47 4223 1509 4374">
     <span class='ocr_line' id='line_1_50' title="bbox 47 4223 1509 4374; baseline -0.001 -37"><span class='ocrx_word' id='word_1_609' title='bbox 47 4279 150 4360; x_wconf 78' lang='grc' dir='ltr'>νφήτην,</span> <span class='ocrx_word' id='word_1_610' title='bbox 170 4279 215 4337; x_wconf 82' lang='grc' dir='ltr'>καί</span> <span class='ocrx_word' id='word_1_611' title='bbox 228 4278 387 4360; x_wconf 80' lang='grc' dir='ltr'>στοχαστὴν,</span> <span class='ocrx_word' id='word_1_612' title='bbox 398 4280 444 4338; x_wconf 82' lang='grc' dir='ltr'>καί</span> <span class='ocrx_word' id='word_1_613' title='bbox 457 4278 650 4362; x_wconf 83' lang='grc' dir='ltr'>πρεσύύτερον,</span> <span class='ocrx_word' id='word_1_614' title='bbox 664 4278 710 4339; x_wconf 84' lang='grc' dir='ltr'>καλ</span> <span class='ocrx_word' id='word_1_615' title='bbox 729 4282 747 4331; x_wconf 78' lang='grc' dir='ltr'><strong><em>Β</em></strong></span> <span class='ocrx_word' id='word_1_616' title='bbox 765 4282 908 4362; x_wconf 89' lang='lat' dir='ltr'>prudentia</span> <span class='ocrx_word' id='word_1_617' title='bbox 924 4223 1012 4359; x_wconf 88' lang='lat' dir='ltr'>nulla,</span> <span class='ocrx_word' id='word_1_618' title='bbox 1036 4281 1167 4374; x_wconf 90' lang='lat' dir='ltr'>propbeta</span> <span class='ocrx_word' id='word_1_619' title='bbox 1190 4279 1265 4338; x_wconf 89' lang='lat' dir='ltr'>nullo</span> <span class='ocrx_word' id='word_1_620' title='bbox 1288 4278 1444 4368; x_wconf 82' lang='lat' dir='ltr'>exsistente,</span> <span class='ocrx_word' id='word_1_621' title='bbox 1462 4277 1509 4355; x_wconf 93' lang='lat' dir='ltr'>qui</span> 
     </span>
    </p>

    <p class='ocr_par' dir='ltr' id='par_1_48' title="bbox 47 4357 1599 4443">
     <span class='ocr_line' id='line_1_51' title="bbox 47 4357 1599 4443; baseline 0 -27"><span class='ocrx_word' id='word_1_622' title='bbox 47 4357 220 4440; x_wconf 76' lang='grc' dir='ltr'>Ξρχιτίκτανα,</span> <span class='ocrx_word' id='word_1_623' title='bbox 234 4359 279 4417; x_wconf 82' lang='grc' dir='ltr'>καὶ</span> <span class='ocrx_word' id='word_1_624' title='bbox 293 4360 397 4419; x_wconf 83' lang='grc' dir='ltr'>συνετὸν</span> <span class='ocrx_word' id='word_1_625' title='bbox 412 4359 557 4440; x_wconf 76' lang='grc' dir='ltr'>ἀκροατήν·</span> <span class='ocrx_word' id='word_1_626' title='bbox 582 4359 628 4419; x_wconf 79' lang='grc' dir='ltr'>καὶ</span> <span class='ocrx_word' id='word_1_627' title='bbox 650 4363 710 4420; x_wconf 77' lang='grc' dir='ltr'>διει-</span> <span class='ocrx_word' id='word_1_628' title='bbox 765 4361 893 4421; x_wconf 78' lang='grc' dir='ltr'>εαῙιιῑοτίσ</span> <span class='ocrx_word' id='word_1_629' title='bbox 917 4361 1021 4434; x_wconf 89' lang='lat' dir='ltr'>doceat,</span> <span class='ocrx_word' id='word_1_630' title='bbox 1038 4374 1189 4443; x_wconf 88' lang='lat' dir='ltr'>sapientum</span> <span class='ocrx_word' id='word_1_631' title='bbox 1216 4379 1326 4419; x_wconf 90' lang='lat' dir='ltr'>suorum</span> <span class='ocrx_word' id='word_1_632' title='bbox 1351 4357 1510 4417; x_wconf 82' lang='lat' dir='ltr'>traditiones</span> <span class='ocrx_word' id='word_1_633' title='bbox 1595 4432 1599 4437; x_wconf 20' lang='lat'>¹</span> 
     </span>
    </p>

    <p class='ocr_par' dir='ltr' id='par_1_49' title="bbox 47 4437 1509 4520">
     <span class='ocr_line' id='line_1_52' title="bbox 47 4437 1509 4520; baseline 0 -24"><span class='ocrx_word' id='word_1_634' title='bbox 47 4437 220 4505; x_wconf 84' lang='grc' dir='ltr'>νεανίσκουςᾶ</span> <span class='ocrx_word' id='word_1_635' title='bbox 236 4461 332 4519; x_wconf 83' lang='grc' dir='ltr'>χυντας</span> <span class='ocrx_word' id='word_1_636' title='bbox 348 4438 710 4518; x_wconf 82' lang='grc' dir='ltr'>αὖτῶν,καλίμπαῖκταικυ-</span> <span class='ocrx_word' id='word_1_637' title='bbox 765 4441 948 4517; x_wconf 83' lang='lat' dir='ltr'>eliminarunt,</span> <span class='ocrx_word' id='word_1_638' title='bbox 966 4462 997 4500; x_wconf 85' lang='lat' dir='ltr'>ac</span> <span class='ocrx_word' id='word_1_639' title='bbox 1020 4441 1129 4499; x_wconf 89' lang='lat' dir='ltr'>demum</span> <span class='ocrx_word' id='word_1_640' title='bbox 1153 4439 1225 4519; x_wconf 80' lang='lat' dir='ltr'>legis</span> <span class='ocrx_word' id='word_1_641' title='bbox 1248 4437 1444 4520; x_wconf 87' lang='lat' dir='ltr'>periclitantur.</span> <span class='ocrx_word' id='word_1_642' title='bbox 1470 4438 1509 4496; x_wconf 88' lang='lat' dir='ltr'>Ut</span> 
     </span>
    </p>

    <p class='ocr_par' dir='ltr' id='par_1_50' title="bbox 47 4461 1509 4601">
     <span class='ocr_line' id='line_1_53' title="bbox 47 4461 1509 4601; baseline -0.003 -24"><span class='ocrx_word' id='word_1_643' title='bbox 47 4541 82 4578; x_wconf 87' lang='lat' dir='ltr'>ru</span> <span class='ocrx_word' id='word_1_644' title='bbox 93 4520 187 4576; x_wconf 80' lang='grc' dir='ltr'>αὐτῶν.</span> <span class='ocrx_word' id='word_1_645' title='bbox 203 4461 290 4576; x_wconf 68' lang='lat' dir='ltr'>&#39;llobro</span> <span class='ocrx_word' id='word_1_646' title='bbox 304 4517 334 4577; x_wconf 85' lang='grc' dir='ltr'>τὸ</span> <span class='ocrx_word' id='word_1_647' title='bbox 346 4517 508 4598; x_wconf 77' lang='grc' dir='ltr'>προφητικὸν</span> <span class='ocrx_word' id='word_1_648' title='bbox 527 4517 614 4596; x_wconf 85' lang='grc' dir='ltr'>λόγιον</span> <span class='ocrx_word' id='word_1_649' title='bbox 626 4519 709 4579; x_wconf 82' lang='grc' dir='ltr'>κατέ·</span> <span class='ocrx_word' id='word_1_650' title='bbox 765 4540 829 4599; x_wconf 77' lang='lat' dir='ltr'>ergo</span> <span class='ocrx_word' id='word_1_651' title='bbox 844 4520 997 4601; x_wconf 83' lang='lat' dir='ltr'>Scripturas</span> <span class='ocrx_word' id='word_1_652' title='bbox 1020 4532 1158 4579; x_wconf 88' lang='lat' dir='ltr'>mutarunt</span> <span class='ocrx_word' id='word_1_653' title='bbox 1177 4532 1204 4578; x_wconf 92' lang='lat' dir='ltr'>ct</span> <span class='ocrx_word' id='word_1_654' title='bbox 1225 4517 1377 4600; x_wconf 89' lang='lat' dir='ltr'>sapientum</span> <span class='ocrx_word' id='word_1_655' title='bbox 1397 4516 1509 4581; x_wconf 86' lang='lat' dir='ltr'>illoruin</span> 
     </span>
    </p>

    <p class='ocr_par' dir='ltr' id='par_1_51' title="bbox 47 4595 1509 4680">
     <span class='ocr_line' id='line_1_54' title="bbox 47 4595 1509 4680; baseline -0.001 -26"><span class='ocrx_word' id='word_1_656' title='bbox 47 4619 59 4654; x_wconf 92' lang='grc' dir='ltr'>ν</span> <span class='ocrx_word' id='word_1_657' title='bbox 70 4600 122 4655; x_wconf 88' lang='grc' dir='ltr'>τῶν</span> <span class='ocrx_word' id='word_1_658' title='bbox 131 4595 264 4655; x_wconf 88' lang='grc' dir='ltr'>Ἰουδαίων</span> <span class='ocrx_word' id='word_1_659' title='bbox 274 4596 389 4673; x_wconf 79' lang='grc' dir='ltr'>πληθὺν,</span> <span class='ocrx_word' id='word_1_660' title='bbox 403 4597 448 4656; x_wconf 80' lang='grc' dir='ltr'>καί</span> <span class='ocrx_word' id='word_1_661' title='bbox 459 4597 557 4677; x_wconf 79' lang='grc' dir='ltr'>ἐρημία</span> <span class='ocrx_word' id='word_1_662' title='bbox 567 4597 710 4666; x_wconf 87' lang='grc' dir='ltr'>συνίσεως,</span> <span class='ocrx_word' id='word_1_663' title='bbox 765 4599 1011 4680; x_wconf 88' lang='lat' dir='ltr'>interpretationem</span> <span class='ocrx_word' id='word_1_664' title='bbox 1016 4596 1360 4679; x_wconf 79' lang='lat' dir='ltr'>contemserunt,proselyti</span> <span class='ocrx_word' id='word_1_665' title='bbox 1367 4595 1509 4678; x_wconf 87' lang='lat' dir='ltr'>cujusdam</span> 
     </span>
    </p>

    <p class='ocr_par' dir='ltr' id='par_1_52' title="bbox 46 4674 1662 4760">
     <span class='ocr_line' id='line_1_55' title="bbox 46 4674 1662 4760; baseline -0.002 -24"><span class='ocrx_word' id='word_1_666' title='bbox 46 4674 180 4757; x_wconf 76' lang='grc' dir='ltr'>προφήτου</span> <span class='ocrx_word' id='word_1_667' title='bbox 196 4675 393 4744; x_wconf 85' lang='grc' dir='ltr'>ὑποδεικνύντος</span> <span class='ocrx_word' id='word_1_668' title='bbox 403 4676 438 4736; x_wconf 74' lang='lat' dir='ltr'>el</span> <span class='ocrx_word' id='word_1_669' title='bbox 452 4676 586 4751; x_wconf 81' lang='grc' dir='ltr'>σώζοντα,</span> <span class='ocrx_word' id='word_1_670' title='bbox 605 4677 650 4736; x_wconf 78' lang='grc' dir='ltr'>καὶ</span> <span class='ocrx_word' id='word_1_671' title='bbox 663 4677 711 4746; x_wconf 74' lang='grc' dir='ltr'>τὰς</span> <span class='ocrx_word' id='word_1_672' title='bbox 766 4679 976 4760; x_wconf 79' lang='lat' dir='ltr'>interpretationi</span> <span class='ocrx_word' id='word_1_673' title='bbox 989 4680 1071 4739; x_wconf 85' lang='lat' dir='ltr'>sidem</span> <span class='ocrx_word' id='word_1_674' title='bbox 1090 4679 1228 4757; x_wconf 87' lang='lat' dir='ltr'>babentes,</span> <span class='ocrx_word' id='word_1_675' title='bbox 1243 4677 1271 4736; x_wconf 92' lang='lat' dir='ltr'>in</span> <span class='ocrx_word' id='word_1_676' title='bbox 1284 4690 1448 4737; x_wconf 87' lang='lat' dir='ltr'>contemtum</span> <span class='ocrx_word' id='word_1_677' title='bbox 1470 4687 1508 4733; x_wconf 94' lang='lat' dir='ltr'>tot</span> <span class='ocrx_word' id='word_1_678' title='bbox 1556 4688 1662 4749; x_wconf 61' lang='lat' dir='ltr'>erosoly-</span> 
     </span>
    </p>

    <p class='ocr_par' dir='ltr' id='par_1_53' title="bbox 47 4751 1663 4837">
     <span class='ocr_line' id='line_1_56' title="bbox 47 4751 1663 4837; baseline -0.002 -22"><span class='ocrx_word' id='word_1_679' title='bbox 47 4761 78 4815; x_wconf 81' lang='grc' dir='ltr'>νιν</span> <span class='ocrx_word' id='word_1_680' title='bbox 105 4760 191 4836; x_wconf 80' lang='grc' dir='ltr'>σοφῶν</span> <span class='ocrx_word' id='word_1_681' title='bbox 207 4756 365 4837; x_wconf 82' lang='grc' dir='ltr'>παραδύσεις</span> <span class='ocrx_word' id='word_1_682' title='bbox 388 4755 534 4837; x_wconf 71' lang='grc' dir='ltr'>ἢφᾶνισαν,</span> <span class='ocrx_word' id='word_1_683' title='bbox 551 4758 597 4818; x_wconf 83' lang='grc' dir='ltr'>καί</span> <span class='ocrx_word' id='word_1_684' title='bbox 617 4757 652 4817; x_wconf 76' lang='lat' dir='ltr'>eli</span> <span class='ocrx_word' id='word_1_685' title='bbox 665 4763 710 4817; x_wconf 79' lang='grc' dir='ltr'>τοῦ</span> <span class='ocrx_word' id='word_1_686' title='bbox 765 4758 888 4818; x_wconf 86' lang='lat' dir='ltr'>virorum</span> <span class='ocrx_word' id='word_1_687' title='bbox 899 4774 928 4819; x_wconf 85' lang='lat' dir='ltr'>et</span> <span class='ocrx_word' id='word_1_688' title='bbox 941 4758 1162 4818; x_wconf 91' lang='lat' dir='ltr'>maledictionum</span> <span class='ocrx_word' id='word_1_689' title='bbox 1180 4778 1301 4837; x_wconf 78' lang='lat' dir='ltr'>suarium,</span> <span class='ocrx_word' id='word_1_690' title='bbox 1312 4756 1351 4817; x_wconf 91' lang='lat' dir='ltr'>sie</span> <span class='ocrx_word' id='word_1_691' title='bbox 1365 4754 1506 4816; x_wconf 81' lang='lat' dir='ltr'>definitum</span> <span class='ocrx_word' id='word_1_692' title='bbox 1519 4764 1575 4825; x_wconf 63' lang='grc' dir='ltr'>θα,</span> <span class='ocrx_word' id='word_1_693' title='bbox 1596 4751 1663 4825; x_wconf 70' lang='lat' dir='ltr'>tunm</span> 
     </span>
    </p>

    <p class='ocr_par' dir='ltr' id='par_1_54' title="bbox 47 4814 1664 4932">
     <span class='ocr_line' id='line_1_57' title="bbox 47 4814 1664 4932; baseline 0.003 -38"><span class='ocrx_word' id='word_1_694' title='bbox 47 4834 116 4894; x_wconf 83' lang='grc' dir='ltr'>οιπδν</span> <span class='ocrx_word' id='word_1_695' title='bbox 131 4834 292 4895; x_wconf 75' lang='grc' dir='ltr'>ἐκινδύνευσε</span> <span class='ocrx_word' id='word_1_696' title='bbox 307 4835 408 4896; x_wconf 91' lang='grc' dir='ltr'>δίκαια.</span> <span class='ocrx_word' id='word_1_697' title='bbox 422 4834 471 4902; x_wconf 83' lang='grc' dir='ltr'>Ὧς</span> <span class='ocrx_word' id='word_1_698' title='bbox 483 4826 528 4895; x_wconf 78' lang='grc' dir='ltr'>σύν</span> <span class='ocrx_word' id='word_1_699' title='bbox 540 4837 588 4906; x_wconf 78' lang='grc' dir='ltr'>τὰς</span> <span class='ocrx_word' id='word_1_700' title='bbox 602 4836 710 4918; x_wconf 82' lang='grc' dir='ltr'>Γραφδς</span> <span class='ocrx_word' id='word_1_701' title='bbox 766 4838 874 4898; x_wconf 72' lang='lat' dir='ltr'>Paschae</span> <span class='ocrx_word' id='word_1_702' title='bbox 887 4851 993 4921; x_wconf 88' lang='lat' dir='ltr'>tempus</span> <span class='ocrx_word' id='word_1_703' title='bbox 1002 4851 1200 4919; x_wconf 73' lang='lat' dir='ltr'>perverterunt.</span> <span class='ocrx_word' id='word_1_704' title='bbox 1520 4814 1664 4932; x_wconf 53' lang='lat' dir='ltr'>llfssssssffi</span> 
     </span>
    </p>

    <p class='ocr_par' dir='ltr' id='par_1_55' title="bbox 47 4913 1626 4998">
     <span class='ocr_line' id='line_1_58' title="bbox 47 4913 1626 4998; baseline 0.006 -25"><span class='ocrx_word' id='word_1_705' title='bbox 47 4937 122 4988; x_wconf 88' lang='grc' dir='ltr'>ησαν,</span> <span class='ocrx_word' id='word_1_706' title='bbox 137 4914 183 4973; x_wconf 76' lang='grc' dir='ltr'>καί</span> <span class='ocrx_word' id='word_1_707' title='bbox 195 4914 245 4987; x_wconf 72' lang='grc' dir='ltr'>την</span> <span class='ocrx_word' id='word_1_708' title='bbox 259 4913 400 4998; x_wconf 77' lang='grc' dir='ltr'>ἑρμηνείαν</span> <span class='ocrx_word' id='word_1_709' title='bbox 420 4919 473 4974; x_wconf 86' lang='grc' dir='ltr'>τῶν</span> <span class='ocrx_word' id='word_1_710' title='bbox 495 4919 582 4997; x_wconf 83' lang='grc' dir='ltr'>σοφῶν</span> <span class='ocrx_word' id='word_1_711' title='bbox 604 4916 709 4975; x_wconf 74' lang='grc' dir='ltr'>ἐκείνων</span> <span class='ocrx_word' id='word_1_712' title='bbox 1227 4954 1230 4960; x_wconf 90' lang='lat'>·</span> <span class='ocrx_word' id='word_1_713' title='bbox 1518 4939 1626 4995; x_wconf 69' lang='lat' dir='ltr'>intellige.</span> 
     </span>
    </p>

    <p class='ocr_par' dir='ltr' id='par_1_56' title="bbox 47 4992 709 5075">
     <span class='ocr_line' id='line_1_59' title="bbox 47 4992 709 5075; baseline 0.003 -23"><span class='ocrx_word' id='word_1_714' title='bbox 47 5017 75 5067; x_wconf 89' lang='grc' dir='ltr'>ιν,</span> <span class='ocrx_word' id='word_1_715' title='bbox 84 4992 141 5060; x_wconf 68' lang='lat' dir='ltr'>tot&lt;</span> <span class='ocrx_word' id='word_1_716' title='bbox 154 5016 224 5062; x_wconf 87' lang='grc' dir='ltr'>τινος</span> <span class='ocrx_word' id='word_1_717' title='bbox 235 4994 401 5074; x_wconf 89' lang='grc' dir='ltr'>ττροσηλύτου</span> <span class='ocrx_word' id='word_1_718' title='bbox 412 4994 561 5064; x_wconf 73' lang='grc' dir='ltr'>πεισθέντες</span> <span class='ocrx_word' id='word_1_719' title='bbox 575 4995 709 5075; x_wconf 78' lang='grc' dir='ltr'>μεταύολῇ</span> 
     </span>
    </p>

    <p class='ocr_par' dir='ltr' id='par_1_57' title="bbox 47 5071 708 5156">
     <span class='ocr_line' id='line_1_60' title="bbox 47 5071 708 5156; baseline 0.003 -25"><span class='ocrx_word' id='word_1_720' title='bbox 47 5071 110 5144; x_wconf 58' lang='lat' dir='ltr'>doti</span> <span class='ocrx_word' id='word_1_721' title='bbox 123 5073 254 5132; x_wconf 87' lang='grc' dir='ltr'>τοσούτων</span> <span class='ocrx_word' id='word_1_722' title='bbox 266 5074 422 5156; x_wconf 81' lang='grc' dir='ltr'>ἀνδρῶνκαὶ</span> <span class='ocrx_word' id='word_1_723' title='bbox 434 5073 708 5155; x_wconf 62' lang='lat' dir='ltr'>autumnitatem</span> 
     </span>
    </p>

    <p class='ocr_par' dir='ltr' id='par_1_58' title="bbox 47 5150 426 5235">
     <span class='ocr_line' id='line_1_61' title="bbox 47 5150 426 5235; baseline 0.008 -26"><span class='ocrx_word' id='word_1_724' title='bbox 47 5150 96 5211; x_wconf 90' lang='grc' dir='ltr'>ιίαν</span> <span class='ocrx_word' id='word_1_725' title='bbox 107 5159 153 5214; x_wconf 77' lang='grc' dir='ltr'>τοῦ</span> <span class='ocrx_word' id='word_1_726' title='bbox 165 5150 259 5233; x_wconf 59' lang='lat' dir='ltr'>noio-pot</span> <span class='ocrx_word' id='word_1_727' title='bbox 269 5152 426 5235; x_wconf 77' lang='grc' dir='ltr'>διέφθειραν.</span> 
     </span>
    </p>
   </div>
   <div class='ocr_carea' id='block_1_3' title="bbox 47 5301 514 5372">
    <p class='ocr_par' dir='ltr' id='par_1_59' title="bbox 47 5301 514 5372">
     <span class='ocr_line' id='line_1_62' title="bbox 47 5301 514 5372; baseline 0.009 -17"><span class='ocrx_word' id='word_1_728' title='bbox 47 5315 66 5356; x_wconf 92' lang='lat' dir='ltr'>it</span> <span class='ocrx_word' id='word_1_729' title='bbox 78 5301 185 5356; x_wconf 73' lang='lat' dir='ltr'>Suillius</span> <span class='ocrx_word' id='word_1_730' title='bbox 196 5301 328 5372; x_wconf 80' lang='lat' dir='ltr'>legendum</span> <span class='ocrx_word' id='word_1_731' title='bbox 341 5312 378 5360; x_wconf 80' lang='grc' dir='ltr'>καὶ</span> <span class='ocrx_word' id='word_1_732' title='bbox 390 5313 514 5361; x_wconf 82' lang='grc' dir='ltr'>ίιιίπτιικε.</span> 
     </span>
    </p>
   </div>
   <div class='ocr_carea' id='block_1_4' title="bbox 0 0 1882 5940">
    <p class='ocr_par' dir='ltr' id='par_1_60' title="bbox 0 0 1882 5940">
     <span class='ocr_line' id='line_1_63' title="bbox 0 0 1882 5940; baseline 0 0"><span class='ocrx_word' id='word_1_733' title='bbox 0 0 1882 5940; x_wconf 95' lang='lat' dir='ltr'> </span> 
     </span>
    </p>
   </div>
  </div>
 </body>
</html>
