3750 5940
50 452 95 502 u..
125 454 222 505 nuru.
247 432 298 506 ul.
326 457 407 507 uvu.
783 437 850 535 591

47 580 57 634 3
108 575 219 638 bitando
228 578 332 640 dixisse
345 580 360 638 i
373 580 458 655 absit,
469 580 631 661 noratenim
643 600 697 640 non
714 601 771 640 ease
796 601 857 662 per.

47 671 59 727 t
110 681 234 727 saturem.
256 670 402 748 Nuneubi
419 683 780 753 opportunumesttaurpus,
793 672 857 734 vide

47 796 99 842 -Μ
109 761 245 838 quomodo
256 763 422 843 respondeat.
447 765 560 824 &ianus
572 776 672 823 autem
681 765 761 843 quod
772 766 856 825 Deus

47 878 56 913 s
74 858 94 903 Δ
108 866 275 930 peccatores
290 875 349 913 non
362 857 467 915 audiat
472 882 484 928 ;
498 857 585 915 ssdsi
605 859 670 935 quis
688 856 747 915 uer·
760 858 858 918 cultor

47 945 57 1006 i
109 957 163 1016 est,
174 958 203 1004 et
218 947 406 1006 uoluntatem
425 949 585 1029 ejrtssuor't.
609 946 726 1006 Hicnon
743 947 857 1008 modoa

47 1073 57 1083 -
108 1038 225 1117 peccatis
240 1039 369 1117 absolvit,
395 1039 443 1099 sed
467 1053 493 1099 et
510 1042 567 1100 Deo
590 1053 740 1120 acceptum,
759 1054 786 1100 st
803 1041 856 1101 Dei

47 1157 56 1193 ῃ
108 1149 189 1209 opera
202 1131 343 1191 facientem
358 1132 463 1214 probat.
479 1132 552 1206 Quia
561 1131 682 1192 enimilli
691 1152 720 1192 ae
732 1131 785 1192 nei
798 1133 855 1193 uul-

47 1225 56 1283 i
107 1233 177 1279 tores
190 1221 326 1299 dicebant,
342 1219 403 1283 ideo
412 1222 528 1298 addidit,
540 1226 582 1283 Et
594 1224 782 1284 uohsntatom
792 1228 856 1306 ejus

47 1343 56 1376 r
105 1315 191 1391 facit.
213 1316 273 1373 Non
294 1315 358 1376 saus
376 1328 426 1393 est,
450 1315 549 1396 inquit,
572 1317 661 1375 Deum
684 1335 853 1396 cognoscere,

47 1444 56 1453 -
107 1409 220 1488 eedejus
229 1422 269 1467 est
280 1409 403 1469 iacienda
417 1410 550 1469 voluntas.
559 1408 626 1469 inde
635 1410 797 1470 miraculum
806 1432 855 1472 ex·

48 1547 54 1559 .
106 1499 185 1558 tollit.
200 1502 248 1559 52.
260 1502 293 1562 A
303 1504 411 1562 soeoulo
422 1525 481 1561 non
493 1516 537 1563 sst
548 1505 683 1562 auditum
697 1505 777 1584 quod
786 1525 855 1585 ape-

47 1640 54 1668 ,
104 1596 266 1672 metitquis
280 1595 380 1655 oeulos
392 1599 463 1655 coeer'
472 1600 546 1654 nati.
561 1595 664 1675 Siergo
678 1595 853 1674 confitemini,

46 1719 56 1729 -
106 1680 194 1738 Deum
206 1702 259 1740 non
273 1683 402 1742 exaudire
424 1697 586 1765 peecatorem
601 1684 646 1743 hic
656 1704 722 1743 veru
735 1683 854 1743 miracu·

47 1801 54 1834 ι
104 1770 163 1830 lum
176 1774 308 1852 patravit,
328 1789 353 1833 et
367 1775 420 1835 tale
434 1775 606 1851 miraculum,
624 1775 704 1854 quale
721 1795 800 1834 nemo
813 1774 853 1834 ie-

47 1894 53 1926 o
105 1863 153 1922 cit:
169 1866 259 1946 palam
270 1881 309 1926 est
324 1868 402 1926 ilium
412 1868 770 1949 virtuteomniasuperassej
780 1867 853 1952 ejus-

47 1962 53 2020 ὲ
70 1970 87 2016 Β
104 1977 157 2036 que
169 1972 327 2037 potestatem
337 1960 399 2040 plus
410 1981 492 2039 quam
510 1960 657 2019 humanam
682 1980 747 2019 esse.
775 1957 853 2032 Quid

47 2090 53 2099 -
103 2071 167 2130 ergo
182 2051 245 2110 ilii?
256 2055 306 2112 dd.
322 2056 360 2111 In
377 2058 505 2133 peccatis
525 2066 612 2113 natus
630 2074 661 2112 es
676 2065 762 2127 totus,
780 2065 809 2113 et
819 2064 853 2113 tu

47 2193 53 2220 ‚
104 2144 189 2202 doces
205 2152 275 2204 nos?
296 2148 388 2205 Donec
411 2146 482 2206 enim
501 2160 663 2226 negaturum
679 2166 743 2205 eum
760 2166 852 2227 spera·

47 2288 51 2300 ,
103 2233 178 2308 bant,
189 2235 367 2316 fidediguum
380 2249 514 2318 putantes,
530 2237 613 2296 semel
626 2250 653 2296 et
664 2237 763 2296 iterum
769 2256 851 2298 voea-

47 2358 51 2391 ι
103 2341 173 2385 runt.
190 2328 849 2411 Quodsifidedignumnonputabutis‚inquam,
897 2385 900 2390 .

47 2451 50 2475 r
102 2441 150 2478 cur
160 2422 274 2482 somatis
288 2436 313 2482 et
324 2421 441 2490 secundo
455 2422 659 2503 interrogastis?
684 2424 755 2483 Cum
768 2442 849 2503 pono

47 2517 51 2584 ξ
102 2512 171 2571 nihil
182 2514 294 2591 veritus,
300 2536 363 2574 vera
370 2515 537 2593 loqueretur,
553 2514 660 2594 quando
672 2515 790 2576 maxime
797 2515 849 2576 mi-

47 2631 51 2665 t
101 2605 154 2662 rari
170 2605 248 2663 iilum
259 2607 408 2687 oportebat,
432 2620 497 2665 tuno
517 2606 596 2665 illum
613 2606 750 2666 damnant.
773 2606 848 2681 Quid

47 2732 50 2744 ·
101 2717 183 2776 porro
197 2699 247 2757 sibi
259 2700 318 2759 vult
332 2699 411 2775 illud,
422 2703 460 2758 In
469 2704 597 2779 peccatis
609 2712 696 2760 natus
707 2721 738 2760 es
748 2706 847 2761 totus?

47 2816 51 2842 ι
100 2791 152 2851 Hic
167 2792 208 2850 illi
223 2794 368 2853 cecitatem
382 2793 555 2874 exprobrant,
575 2815 607 2852 ac
627 2793 649 2852 si
667 2792 807 2854 diotrent:
822 2799 884 2854 Ala
895 2810 998 2869 poscaris

47 2919 50 2928 ι
99 2883 187 2964 prima
203 2886 316 2969 atatein
330 2886 445 2966 peccatis
459 2907 543 2960 es3ae
557 2885 580 2944 si
594 2884 654 2945 ideo
675 2907 760 2946 canis
776 2881 999 2995 iuis-:affdgss

47 3003 49 3026 ι
65 2997 83 3043 c
99 2989 146 3050 set,
160 2976 235 3053 quod
246 2992 341 3058 prater
354 2978 485 3037 rationem
498 2990 548 3036 est.
573 2977 630 3036 Hae
654 2977 682 3036 in
707 2999 737 3038 re
755 2978 845 3061 ipsum
854 2997 913 3043 uest.

47 3096 49 3113 ·
100 3071 238 3129 consolans
265 3069 389 3128 Christus
412 3068 520 3127 dicebat
543 3093 552 3125 τ
574 3072 611 3126 In
620 3069 767 3149 judicium
794 3084 996 3153 egula-nost).

47 3210 49 3220 ,
99 3167 170 3220 verri
181 3167 213 3220 in
229 3164 380 3232 mundum,
406 3174 439 3221 ut
466 3181 526 3219 non
548 3162 682 3221 uidentes
702 3164 843 3237 uideant,

47 3280 50 3320 ;
99 3259 192 3335 etqui
215 3256 330 3326 vident,
348 3257 417 3312 coecr'
427 3254 521 3335 fiant.
550 3256 588 3311 In
607 3259 735 3334 peccatis
758 3269 846 3317 notus

47 3373 49 3391 ·
99 3367 129 3404 es
143 3359 229 3417 totus,
242 3360 270 3405 et
280 3360 311 3405 tu
323 3348 408 3405 doces
417 3351 490 3405 nos?
501 3345 577 3416 Quid
585 3345 693 3405 dixerat
703 3345 768 3407 ille?
779 3356 846 3408 num

47 3469 48 3477 κ
99 3460 175 3497 sunm
190 3437 345 3497 sententiam
359 3437 507 3497 attulerat?
519 3458 606 3496 annon
616 3437 706 3518 potius
726 3458 846 3498 eommu-

47 3573 48 3577 ,
99 3551 171 3604 nem,
186 3552 247 3590 cum
259 3530 371 3604 diceret,
397 3531 509 3589 Scimus
525 3531 604 3610 quod
619 3531 700 3589 Deus
708 3544 844 3611 peccato·

47 3677 48 3683 ,
98 3645 215 3682 resnou
229 3625 370 3683 exaudit?
385 3643 472 3681 nonne
482 3644 512 3681 ea
527 3644 586 3701 qua
599 3644 649 3682 vos
661 3621 793 3683 dixeratis
816 3625 845 3685 in

47 3746 49 3783 ;
98 3715 216 3773 medium
231 3714 343 3774 attulit?
357 3717 399 3773 Et
410 3718 557 3795 ejecerunt
571 3717 742 3795 eumsoros.
765 3715 845 3776 Vidi-

47 3852 49 3860 ,
98 3807 159 3866 stin’
186 3807 307 3866 veritatis
323 3828 481 3888 praeconem,
506 3821 532 3866 et
547 3807 683 3886 quomodo
703 3803 847 3889 paupertas

99 3899 298 3980 philosophiam
323 3919 376 3957 non
397 3899 591 3958 interturbarit.
613 3899 713 3960 Viden'
737 3913 803 3978 quot
818 3913 845 3959 et

47 4009 48 4015 ¹
98 4005 197 4069 qrranta
212 3991 370 4072 aprincipio
389 3990 506 4049 audierit
521 4005 546 4051 et
561 4011 655 4071 passus
674 3991 723 4050 sit?
735 4005 843 4071 etquo-

99 4082 179 4142 modo
189 4083 279 4143 verbis
292 4097 318 4141 et
331 4082 459 4163 operibus
471 4083 630 4142 testificatus
645 4081 699 4142 sit?

138 4552 165 4607 d.
182 4549 246 4607 Hae
256 4568 335 4628 porm
344 4548 444 4628 scripta
454 4560 525 4621 sunt,
535 4558 565 4606 ut
579 4567 627 4607 uos
638 4546 685 4606 illa
696 4546 841 4607 imitemur.

99 4645 168 4702 Nam
182 4642 204 4700 si
218 4639 369 4717 mendicus,
386 4661 481 4715 caecus,
503 4640 550 4718 qui
573 4638 712 4699 Christum
733 4659 787 4699 uon
800 4639 843 4700 vi·

85 4853 157 4898 τοίνυν
173 4848 318 4909 ὡμολόγηται
334 4850 369 4895 ὅτι
382 4849 457 4912 ἁμαρ.
476 4839 553 4892 Paulo
566 4852 625 4907 post
638 4838 704 4890 idem
717 4844 785 4898 ostris
801 4849 843 4892 ἀν·

85 4929 179 4991 aporos
195 4928 285 4978 ἐποίησέ
299 4941 363 4974 ποτε.

115 5017 125 5038 ⁶
145 4998 216 5050 ldem
229 5008 247 5052 rt
257 5004 280 5050 di
295 5010 329 5065 μὴ
340 5006 442 5065 ἐνόμιζον
458 5006 532 5060 aaran.
545 5020 567 5050 τ.
586 5003 605 5047 i·
624 5004 730 5058 dadinus,
743 5001 781 5047 aad
792 4999 842 5046 urt-

83 5101 149 5148 τερον
158 5088 260 5148 ἠρώτων.

117 5156 129 5193 ‘³
149 5154 195 5205 Alii
216 5163 311 5210 ἐνταῦθα
331 5162 399 5225 eisd.
420 5153 487 5204 ibid.
505 5171 551 5220 pro
568 5160 660 5227 ἀρειδῶς
678 5155 723 5205 dis.
744 5151 841 5205 Orient.

86 5249 165 5302 σαφῶς.
