<?xml version="1.0" encoding="UTF-8"?>
<!DOCTYPE html PUBLIC "-//W3C//DTD XHTML 1.0 Transitional//EN"
    "http://www.w3.org/TR/xhtml1/DTD/xhtml1-transitional.dtd">
<html xmlns="http://www.w3.org/1999/xhtml" xml:lang="en" lang="en">
 <head>
  <title>
</title>
<meta http-equiv="Content-Type" content="text/html;charset=utf-8" />
  <meta name='ocr-system' content='tesseract 3.04.00' />
  <meta name='ocr-capabilities' content='ocr_page ocr_carea ocr_par ocr_line ocrx_word'/>
</head>
<body>
  <div class='ocr_page' id='page_1' title='image "./sanctipatrisnos02chrygoog_0840.png"; bbox 0 0 3750 5940; ppageno 0'>
   <div class='ocr_carea' id='block_1_1' title="bbox 554 436 1495 506">
    <p class='ocr_par' dir='ltr' id='par_1_1' title="bbox 554 436 1495 506">
     <span class='ocr_line' id='line_1_1' title="bbox 554 436 1495 506; baseline 0.015 -14"><span class='ocrx_word' id='word_1_1' title='bbox 554 446 598 493; x_wconf 88' lang='lat' dir='ltr'>nu</span> <span class='ocrx_word' id='word_1_2' title='bbox 624 447 712 495; x_wconf 75' lang='lat' dir='ltr'>vrato</span> <span class='ocrx_word' id='word_1_3' title='bbox 738 449 901 498; x_wconf 86' lang='lat' dir='ltr'>nnuntoo.</span> <span class='ocrx_word' id='word_1_4' title='bbox 1428 436 1495 506; x_wconf 81' lang='lat'>811</span> 
     </span>
    </p>
   </div>
   <div class='ocr_carea' id='block_1_2' title="bbox 52 563 1657 4400">
    <p class='ocr_par' dir='ltr' id='par_1_2' title="bbox 53 563 1501 812">
     <span class='ocr_line' id='line_1_2' title="bbox 53 563 1501 658; baseline 0.01 -33"><span class='ocrx_word' id='word_1_5' title='bbox 53 574 117 628; x_wconf 86' lang='grc' dir='ltr'>νωθι</span> <span class='ocrx_word' id='word_1_6' title='bbox 143 568 177 627; x_wconf 81' lang='grc' dir='ltr'>τά</span> <span class='ocrx_word' id='word_1_7' title='bbox 197 566 385 645; x_wconf 82' lang='grc' dir='ltr'>ὑπομνήματα.</span> <span class='ocrx_word' id='word_1_8' title='bbox 410 567 462 628; x_wconf 78' lang='grc' dir='ltr'>Διά</span> <span class='ocrx_word' id='word_1_9' title='bbox 480 569 583 649; x_wconf 73' lang='lat' dir='ltr'>strepi</span> <span class='ocrx_word' id='word_1_10' title='bbox 602 563 638 628; x_wconf 78' lang='grc' dir='ltr'>ὧν</span> <span class='ocrx_word' id='word_1_11' title='bbox 657 569 750 630; x_wconf 64' lang='grc' dir='ltr'>οἰκ1ῠὸ</span> <span class='ocrx_word' id='word_1_12' title='bbox 798 576 826 632; x_wconf 80' lang='lat' dir='ltr'>n.</span> <span class='ocrx_word' id='word_1_13' title='bbox 843 574 913 653; x_wconf 89' lang='lat' dir='ltr'>Lege</span> <span class='ocrx_word' id='word_1_14' title='bbox 924 572 1123 634; x_wconf 87' lang='lat' dir='ltr'>commentaria.</span> <span class='ocrx_word' id='word_1_15' title='bbox 1139 575 1194 633; x_wconf 92' lang='lat' dir='ltr'>Cur</span> <span class='ocrx_word' id='word_1_16' title='bbox 1204 575 1329 636; x_wconf 88' lang='lat' dir='ltr'>derebus</span> <span class='ocrx_word' id='word_1_17' title='bbox 1340 577 1390 637; x_wconf 92' lang='lat' dir='ltr'>tibi</span> <span class='ocrx_word' id='word_1_18' title='bbox 1402 579 1501 658; x_wconf 89' lang='lat' dir='ltr'>ignotis</span> 
     </span>
     <span class='ocr_line' id='line_1_3' title="bbox 53 630 1500 730; baseline 0.01 -26"><span class='ocrx_word' id='word_1_19' title='bbox 53 651 189 720; x_wconf 77' lang='grc' dir='ltr'>λονειιιεῑςς</span> <span class='ocrx_word' id='word_1_20' title='bbox 203 647 290 707; x_wconf 86' lang='grc' dir='ltr'>Ὅταν</span> <span class='ocrx_word' id='word_1_21' title='bbox 311 649 388 728; x_wconf 80' lang='grc' dir='ltr'><strong>θέλῃς</strong></span> <span class='ocrx_word' id='word_1_22' title='bbox 410 647 528 730; x_wconf 75' lang='grc' dir='ltr'>ἀρχαίων</span> <span class='ocrx_word' id='word_1_23' title='bbox 538 650 704 729; x_wconf 74' lang='grc' dir='ltr'>πραγμάτων</span> <span class='ocrx_word' id='word_1_24' title='bbox 722 630 740 671; x_wconf 62' lang='grc' dir='ltr'><strong>Α</strong></span> <span class='ocrx_word' id='word_1_25' title='bbox 756 651 917 711; x_wconf 80' lang='lat' dir='ltr'>contendis?</span> <span class='ocrx_word' id='word_1_26' title='bbox 932 653 1047 725; x_wconf 83' lang='lat' dir='ltr'><strong>Quando</strong></span> <span class='ocrx_word' id='word_1_27' title='bbox 1062 653 1104 713; x_wconf 90' lang='lat' dir='ltr'>vis</span> <span class='ocrx_word' id='word_1_28' title='bbox 1116 666 1238 714; x_wconf 81' lang='lat' dir='ltr'>vetemm</span> <span class='ocrx_word' id='word_1_29' title='bbox 1255 676 1345 716; x_wconf 89' lang='lat' dir='ltr'>rerum</span> <span class='ocrx_word' id='word_1_30' title='bbox 1359 658 1500 720; x_wconf 77' lang='lat' dir='ltr'>historiam</span> 
     </span>
     <span class='ocr_line' id='line_1_4' title="bbox 59 726 1500 812; baseline 0.01 -28"><span class='ocrx_word' id='word_1_31' title='bbox 59 727 161 799; x_wconf 81' lang='grc' dir='ltr'>ἢδίκην</span> <span class='ocrx_word' id='word_1_32' title='bbox 173 726 338 807; x_wconf 76' lang='grc' dir='ltr'>ἐξιχνεῦσαι,</span> <span class='ocrx_word' id='word_1_33' title='bbox 352 728 381 785; x_wconf 87' lang='grc' dir='ltr'>ού</span> <span class='ocrx_word' id='word_1_34' title='bbox 396 726 430 786; x_wconf 78' lang='grc' dir='ltr'>τά</span> <span class='ocrx_word' id='word_1_35' title='bbox 447 727 625 806; x_wconf 77' lang='grc' dir='ltr'>ὑπομνήματα</span> <span class='ocrx_word' id='word_1_36' title='bbox 638 733 704 807; x_wconf 80' lang='grc' dir='ltr'>λαμ·</span> <span class='ocrx_word' id='word_1_37' title='bbox 755 744 803 789; x_wconf 91' lang='lat' dir='ltr'>aut</span> <span class='ocrx_word' id='word_1_38' title='bbox 812 732 876 812; x_wconf 84' lang='lat' dir='ltr'>jura</span> <span class='ocrx_word' id='word_1_39' title='bbox 889 735 1016 804; x_wconf 88' lang='lat' dir='ltr'>scrutari,</span> <span class='ocrx_word' id='word_1_40' title='bbox 1033 754 1120 792; x_wconf 92' lang='lat' dir='ltr'>annon</span> <span class='ocrx_word' id='word_1_41' title='bbox 1138 736 1326 795; x_wconf 87' lang='lat' dir='ltr'>commentaria</span> <span class='ocrx_word' id='word_1_42' title='bbox 1344 752 1433 798; x_wconf 82' lang='lat' dir='ltr'>vetera</span> <span class='ocrx_word' id='word_1_43' title='bbox 1451 762 1500 799; x_wconf 84' lang='lat' dir='ltr'>ac-</span> 
     </span>
    </p>

    <p class='ocr_par' dir='ltr' id='par_1_3' title="bbox 52 806 1500 1131">
     <span class='ocr_line' id='line_1_5' title="bbox 53 806 1500 896; baseline 0.008 -29"><span class='ocrx_word' id='word_1_44' title='bbox 53 807 70 867; x_wconf 86' lang='grc' dir='ltr'>δι</span> <span class='ocrx_word' id='word_1_45' title='bbox 82 808 198 888; x_wconf 77' lang='grc' dir='ltr'>ἀρχαῖα,</span> <span class='ocrx_word' id='word_1_46' title='bbox 213 806 258 866; x_wconf 78' lang='grc' dir='ltr'>καὶ</span> <span class='ocrx_word' id='word_1_47' title='bbox 273 807 412 885; x_wconf 85' lang='grc' dir='ltr'>μανθάνεις</span> <span class='ocrx_word' id='word_1_48' title='bbox 420 807 479 866; x_wconf 90' lang='grc' dir='ltr'>τίνα</span> <span class='ocrx_word' id='word_1_49' title='bbox 491 807 538 885; x_wconf 77' lang='grc' dir='ltr'>μὲν</span> <span class='ocrx_word' id='word_1_50' title='bbox 548 807 582 867; x_wconf 75' lang='grc' dir='ltr'>τά</span> <span class='ocrx_word' id='word_1_51' title='bbox 597 810 704 888; x_wconf 82' lang='grc' dir='ltr'>ῥήματα</span> <span class='ocrx_word' id='word_1_52' title='bbox 756 809 839 890; x_wconf 83' lang='lat' dir='ltr'>cipis,</span> <span class='ocrx_word' id='word_1_53' title='bbox 854 825 880 869; x_wconf 90' lang='lat' dir='ltr'>et</span> <span class='ocrx_word' id='word_1_54' title='bbox 893 812 976 871; x_wconf 90' lang='lat' dir='ltr'>verba</span> <span class='ocrx_word' id='word_1_55' title='bbox 989 812 1086 886; x_wconf 79' lang='lat' dir='ltr'>discis,</span> <span class='ocrx_word' id='word_1_56' title='bbox 1101 826 1158 871; x_wconf 90' lang='lat' dir='ltr'>tum</span> <span class='ocrx_word' id='word_1_57' title='bbox 1171 835 1229 893; x_wconf 75' lang='lat' dir='ltr'>quae</span> <span class='ocrx_word' id='word_1_58' title='bbox 1241 815 1276 874; x_wconf 90' lang='lat' dir='ltr'>ad</span> <span class='ocrx_word' id='word_1_59' title='bbox 1290 819 1500 896; x_wconf 74' lang='lat' dir='ltr'>accusationem,</span> 
     </span>
     <span class='ocr_line' id='line_1_6' title="bbox 53 885 1499 980; baseline 0.01 -36"><span class='ocrx_word' id='word_1_60' title='bbox 53 886 245 968; x_wconf 90' lang='grc' dir='ltr'>ηγορουμένων,</span> <span class='ocrx_word' id='word_1_61' title='bbox 258 887 318 945; x_wconf 91' lang='grc' dir='ltr'>τίνα</span> <span class='ocrx_word' id='word_1_62' title='bbox 328 885 356 946; x_wconf 83' lang='grc' dir='ltr'>δέ</span> <span class='ocrx_word' id='word_1_63' title='bbox 367 889 419 944; x_wconf 86' lang='grc' dir='ltr'>τῶν</span> <span class='ocrx_word' id='word_1_64' title='bbox 434 888 645 968; x_wconf 83' lang='grc' dir='ltr'>συνηγορούντων</span> <span class='ocrx_word' id='word_1_65' title='bbox 660 889 705 948; x_wconf 81' lang='grc' dir='ltr'>καλ</span> <span class='ocrx_word' id='word_1_66' title='bbox 756 902 815 948; x_wconf 91' lang='lat' dir='ltr'>tum</span> <span class='ocrx_word' id='word_1_67' title='bbox 837 911 897 968; x_wconf 83' lang='lat' dir='ltr'>quae</span> <span class='ocrx_word' id='word_1_68' title='bbox 917 892 952 951; x_wconf 93' lang='lat' dir='ltr'>ad</span> <span class='ocrx_word' id='word_1_69' title='bbox 973 891 1153 952; x_wconf 77' lang='lat' dir='ltr'>defensionem</span> <span class='ocrx_word' id='word_1_70' title='bbox 1170 894 1423 975; x_wconf 80' lang='lat' dir='ltr'>excusationemque</span> <span class='ocrx_word' id='word_1_71' title='bbox 1436 920 1499 980; x_wconf 91' lang='lat' dir='ltr'>per·</span> 
     </span>
     <span class='ocr_line' id='line_1_7' title="bbox 52 965 1498 1053; baseline 0.009 -29"><span class='ocrx_word' id='word_1_72' title='bbox 52 966 229 1045; x_wconf 79' lang='grc' dir='ltr'>λογουμένων,</span> <span class='ocrx_word' id='word_1_73' title='bbox 243 966 301 1025; x_wconf 86' lang='grc' dir='ltr'>τίνα</span> <span class='ocrx_word' id='word_1_74' title='bbox 313 966 340 1024; x_wconf 85' lang='grc' dir='ltr'>δὲ</span> <span class='ocrx_word' id='word_1_75' title='bbox 352 965 386 1026; x_wconf 76' lang='grc' dir='ltr'>τά</span> <span class='ocrx_word' id='word_1_76' title='bbox 399 974 444 1026; x_wconf 81' lang='grc' dir='ltr'>τοῦ</span> <span class='ocrx_word' id='word_1_77' title='bbox 459 968 582 1027; x_wconf 77' lang='grc' dir='ltr'>δικαστοῦ</span> <span class='ocrx_word' id='word_1_78' title='bbox 597 968 643 1026; x_wconf 77' lang='grc' dir='ltr'>καὶ</span> <span class='ocrx_word' id='word_1_79' title='bbox 656 969 704 1042; x_wconf 81' lang='grc' dir='ltr'>τὴν</span> <span class='ocrx_word' id='word_1_80' title='bbox 756 969 855 1045; x_wconf 83' lang='lat' dir='ltr'>tinent,</span> <span class='ocrx_word' id='word_1_81' title='bbox 872 992 996 1049; x_wconf 81' lang='lat' dir='ltr'>quaenam</span> <span class='ocrx_word' id='word_1_82' title='bbox 1009 994 1025 1030; x_wconf 91' lang='lat' dir='ltr'>a</span> <span class='ocrx_word' id='word_1_83' title='bbox 1036 972 1128 1053; x_wconf 86' lang='lat' dir='ltr'>judice</span> <span class='ocrx_word' id='word_1_84' title='bbox 1147 985 1173 1031; x_wconf 90' lang='lat' dir='ltr'>et</span> <span class='ocrx_word' id='word_1_85' title='bbox 1186 973 1321 1033; x_wconf 90' lang='lat' dir='ltr'>calculum</span> <span class='ocrx_word' id='word_1_86' title='bbox 1342 975 1441 1036; x_wconf 82' lang='lat' dir='ltr'>serente</span> <span class='ocrx_word' id='word_1_87' title='bbox 1453 979 1498 1036; x_wconf 86' lang='lat' dir='ltr'>di-</span> 
     </span>
     <span class='ocr_line' id='line_1_8' title="bbox 53 1045 1499 1131; baseline 0.008 -26"><span class='ocrx_word' id='word_1_88' title='bbox 53 1046 189 1124; x_wconf 84' lang='grc' dir='ltr'>τάγοντος,</span> <span class='ocrx_word' id='word_1_89' title='bbox 209 1046 255 1104; x_wconf 81' lang='grc' dir='ltr'>καὶ</span> <span class='ocrx_word' id='word_1_90' title='bbox 270 1045 339 1127; x_wconf 76' lang='grc' dir='ltr'>ούτω</span> <span class='ocrx_word' id='word_1_91' title='bbox 353 1045 387 1104; x_wconf 78' lang='grc' dir='ltr'>τὰ</span> <span class='ocrx_word' id='word_1_92' title='bbox 409 1047 476 1127; x_wconf 79' lang='grc' dir='ltr'>λήθη</span> <span class='ocrx_word' id='word_1_93' title='bbox 490 1046 626 1126; x_wconf 77' lang='grc' dir='ltr'>χωσθέντα</span> <span class='ocrx_word' id='word_1_94' title='bbox 640 1052 705 1106; x_wconf 85' lang='grc' dir='ltr'>άνα-</span> <span class='ocrx_word' id='word_1_95' title='bbox 755 1062 850 1108; x_wconf 89' lang='lat' dir='ltr'>cantur</span> <span class='ocrx_word' id='word_1_96' title='bbox 855 1072 864 1125; x_wconf 84' lang='lat'>3</span> <span class='ocrx_word' id='word_1_97' title='bbox 884 1064 911 1109; x_wconf 90' lang='lat' dir='ltr'>et</span> <span class='ocrx_word' id='word_1_98' title='bbox 928 1052 967 1110; x_wconf 90' lang='lat' dir='ltr'>sic</span> <span class='ocrx_word' id='word_1_99' title='bbox 986 1072 1017 1111; x_wconf 89' lang='lat' dir='ltr'>ea</span> <span class='ocrx_word' id='word_1_100' title='bbox 1032 1073 1092 1131; x_wconf 75' lang='lat' dir='ltr'>quae</span> <span class='ocrx_word' id='word_1_101' title='bbox 1110 1052 1247 1113; x_wconf 88' lang='lat' dir='ltr'>oblivione</span> <span class='ocrx_word' id='word_1_102' title='bbox 1259 1053 1347 1114; x_wconf 90' lang='lat' dir='ltr'>deleta</span> <span class='ocrx_word' id='word_1_103' title='bbox 1361 1071 1450 1126; x_wconf 89' lang='lat' dir='ltr'>erant,</span> <span class='ocrx_word' id='word_1_104' title='bbox 1472 1058 1499 1117; x_wconf 95' lang='lat' dir='ltr'>in</span> 
     </span>
    </p>

    <p class='ocr_par' dir='ltr' id='par_1_4' title="bbox 53 1119 1500 1292">
     <span class='ocr_line' id='line_1_9' title="bbox 55 1119 1500 1212; baseline 0.008 -29"><span class='ocrx_word' id='word_1_105' title='bbox 55 1129 88 1204; x_wconf 77' lang='grc' dir='ltr'>τῇ</span> <span class='ocrx_word' id='word_1_106' title='bbox 115 1126 207 1205; x_wconf 81' lang='grc' dir='ltr'>μνήμῃ</span> <span class='ocrx_word' id='word_1_107' title='bbox 223 1131 271 1198; x_wconf 81' lang='grc' dir='ltr'>τῆς</span> <span class='ocrx_word' id='word_1_108' title='bbox 288 1126 473 1203; x_wconf 76' lang='grc' dir='ltr'>ἀναμνήσεως,</span> <span class='ocrx_word' id='word_1_109' title='bbox 495 1127 637 1207; x_wconf 83' lang='grc' dir='ltr'>Ἀνάγνωθι</span> <span class='ocrx_word' id='word_1_110' title='bbox 659 1119 704 1185; x_wconf 75' lang='lat' dir='ltr'>cdv</span> <span class='ocrx_word' id='word_1_111' title='bbox 756 1129 883 1187; x_wconf 90' lang='lat' dir='ltr'>memoria</span> <span class='ocrx_word' id='word_1_112' title='bbox 894 1145 1010 1211; x_wconf 86' lang='lat' dir='ltr'>repetere</span> <span class='ocrx_word' id='word_1_113' title='bbox 1019 1132 1118 1190; x_wconf 89' lang='lat' dir='ltr'>curas?</span> <span class='ocrx_word' id='word_1_114' title='bbox 1130 1134 1200 1211; x_wconf 86' lang='lat' dir='ltr'>Lege</span> <span class='ocrx_word' id='word_1_115' title='bbox 1212 1133 1301 1212; x_wconf 89' lang='lat' dir='ltr'>itaque</span> <span class='ocrx_word' id='word_1_116' title='bbox 1311 1137 1500 1196; x_wconf 82' lang='lat' dir='ltr'>commentaria</span> 
     </span>
     <span class='ocr_line' id='line_1_10' title="bbox 53 1205 1500 1292; baseline 0.008 -27"><span class='ocrx_word' id='word_1_117' title='bbox 53 1205 164 1283; x_wconf 87' lang='grc' dir='ltr'>,νήματα</span> <span class='ocrx_word' id='word_1_118' title='bbox 180 1210 228 1276; x_wconf 81' lang='grc' dir='ltr'>τῆς</span> <span class='ocrx_word' id='word_1_119' title='bbox 242 1206 356 1287; x_wconf 76' lang='grc' dir='ltr'>ἀρχαίας</span> <span class='ocrx_word' id='word_1_120' title='bbox 369 1205 493 1288; x_wconf 79' lang='grc' dir='ltr'>ἱστορίας.</span> <span class='ocrx_word' id='word_1_121' title='bbox 503 1205 572 1265; x_wconf 79' lang='grc' dir='ltr'>Ὅτε</span> <span class='ocrx_word' id='word_1_122' title='bbox 585 1207 703 1267; x_wconf 76' lang='grc' dir='ltr'>ἐκάθισεν</span> <span class='ocrx_word' id='word_1_123' title='bbox 755 1208 851 1268; x_wconf 87' lang='lat' dir='ltr'>veteris</span> <span class='ocrx_word' id='word_1_124' title='bbox 860 1208 988 1269; x_wconf 79' lang='lat' dir='ltr'>historie.</span> <span class='ocrx_word' id='word_1_125' title='bbox 1002 1212 1073 1270; x_wconf 88' lang='lat' dir='ltr'>Cum</span> <span class='ocrx_word' id='word_1_126' title='bbox 1082 1210 1184 1270; x_wconf 88' lang='lat' dir='ltr'>sederet</span> <span class='ocrx_word' id='word_1_127' title='bbox 1195 1213 1286 1272; x_wconf 87' lang='lat' dir='ltr'>ludex</span> <span class='ocrx_word' id='word_1_128' title='bbox 1299 1216 1433 1292; x_wconf 73' lang='lat' dir='ltr'>veritatis,</span> <span class='ocrx_word' id='word_1_129' title='bbox 1445 1218 1500 1276; x_wconf 90' lang='lat' dir='ltr'>imo</span> 
     </span>
    </p>

    <p class='ocr_par' dir='ltr' id='par_1_5' title="bbox 53 1285 1653 1853">
     <span class='ocr_line' id='line_1_11' title="bbox 53 1285 1500 1368; baseline 0.007 -24"><span class='ocrx_word' id='word_1_130' title='bbox 53 1290 114 1357; x_wconf 78' lang='grc' dir='ltr'>ςτῆς</span> <span class='ocrx_word' id='word_1_131' title='bbox 129 1287 264 1357; x_wconf 76' lang='grc' dir='ltr'>ἀληθείας,</span> <span class='ocrx_word' id='word_1_132' title='bbox 280 1285 419 1364; x_wconf 77' lang='grc' dir='ltr'>μᾶλλονδὲ</span> <span class='ocrx_word' id='word_1_133' title='bbox 434 1285 477 1344; x_wconf 84' lang='grc' dir='ltr'>δτε</span> <span class='ocrx_word' id='word_1_134' title='bbox 490 1285 610 1365; x_wconf 84' lang='grc' dir='ltr'>πρδςτδν</span> <span class='ocrx_word' id='word_1_135' title='bbox 625 1288 704 1347; x_wconf 83' lang='grc' dir='ltr'>κατά·</span> <span class='ocrx_word' id='word_1_136' title='bbox 754 1288 844 1368; x_wconf 88' lang='lat' dir='ltr'>potius</span> <span class='ocrx_word' id='word_1_137' title='bbox 868 1309 929 1348; x_wconf 90' lang='lat' dir='ltr'>cum</span> <span class='ocrx_word' id='word_1_138' title='bbox 953 1289 1115 1350; x_wconf 90' lang='lat' dir='ltr'>delictorum</span> <span class='ocrx_word' id='word_1_139' title='bbox 1141 1305 1295 1352; x_wconf 88' lang='lat' dir='ltr'>nostrorum</span> <span class='ocrx_word' id='word_1_140' title='bbox 1323 1294 1444 1353; x_wconf 84' lang='lat' dir='ltr'>medicus</span> <span class='ocrx_word' id='word_1_141' title='bbox 1465 1297 1500 1355; x_wconf 90' lang='lat' dir='ltr'>ad</span> 
     </span>
     <span class='ocr_line' id='line_1_12' title="bbox 53 1358 1501 1451; baseline 0.008 -29"><span class='ocrx_word' id='word_1_142' title='bbox 53 1358 121 1437; x_wconf 70' lang='grc' dir='ltr'>ήλθεν</span> <span class='ocrx_word' id='word_1_143' title='bbox 138 1368 165 1424; x_wconf 81' lang='grc' dir='ltr'>έν</span> <span class='ocrx_word' id='word_1_144' title='bbox 187 1366 307 1446; x_wconf 71' lang='grc' dir='ltr'>σχήματι</span> <span class='ocrx_word' id='word_1_145' title='bbox 321 1365 396 1447; x_wconf 89' lang='grc' dir='ltr'>φίλου</span> <span class='ocrx_word' id='word_1_146' title='bbox 411 1368 425 1423; x_wconf 81' lang='grc' dir='ltr'>ὁ</span> <span class='ocrx_word' id='word_1_147' title='bbox 438 1366 525 1446; x_wconf 77' lang='grc' dir='ltr'>ἰατρὸς</span> <span class='ocrx_word' id='word_1_148' title='bbox 537 1372 590 1425; x_wconf 87' lang='grc' dir='ltr'>τῶν</span> <span class='ocrx_word' id='word_1_149' title='bbox 604 1368 702 1444; x_wconf 84' lang='grc' dir='ltr'>ήμετέ·</span> <span class='ocrx_word' id='word_1_150' title='bbox 754 1381 856 1426; x_wconf 84' lang='lat' dir='ltr'>sontem</span> <span class='ocrx_word' id='word_1_151' title='bbox 875 1389 938 1427; x_wconf 90' lang='lat' dir='ltr'>cum</span> <span class='ocrx_word' id='word_1_152' title='bbox 950 1370 1030 1429; x_wconf 85' lang='lat' dir='ltr'>amici</span> <span class='ocrx_word' id='word_1_153' title='bbox 1044 1371 1139 1429; x_wconf 87' lang='lat' dir='ltr'>habitu</span> <span class='ocrx_word' id='word_1_154' title='bbox 1159 1372 1289 1444; x_wconf 88' lang='lat' dir='ltr'>accessit,</span> <span class='ocrx_word' id='word_1_155' title='bbox 1307 1374 1374 1451; x_wconf 83' lang='lat' dir='ltr'>quid</span> <span class='ocrx_word' id='word_1_156' title='bbox 1386 1375 1425 1432; x_wconf 89' lang='lat' dir='ltr'>ait</span> <span class='ocrx_word' id='word_1_157' title='bbox 1436 1375 1501 1433; x_wconf 81' lang='lat' dir='ltr'>illi?</span> 
     </span>
     <span class='ocr_line' id='line_1_13' title="bbox 53 1434 1571 1531; baseline 0.007 -28"><span class='ocrx_word' id='word_1_158' title='bbox 53 1446 187 1522; x_wconf 68' lang='lat' dir='ltr'>terpsicore,</span> <span class='ocrx_word' id='word_1_159' title='bbox 197 1434 223 1504; x_wconf 89' lang='grc' dir='ltr'>τί</span> <span class='ocrx_word' id='word_1_160' title='bbox 236 1469 301 1526; x_wconf 85' lang='grc' dir='ltr'>φησι</span> <span class='ocrx_word' id='word_1_161' title='bbox 314 1445 380 1527; x_wconf 84' lang='grc' dir='ltr'>πρδς</span> <span class='ocrx_word' id='word_1_162' title='bbox 393 1445 485 1518; x_wconf 83' lang='grc' dir='ltr'>αύτύν;</span> <span class='ocrx_word' id='word_1_163' title='bbox 499 1445 591 1524; x_wconf 78' lang='grc' dir='ltr'>Ἀδὰμ,</span> <span class='ocrx_word' id='word_1_164' title='bbox 600 1455 651 1507; x_wconf 77' lang='grc' dir='ltr'>ποῦ</span> <span class='ocrx_word' id='word_1_165' title='bbox 665 1438 703 1518; x_wconf 76' lang='grc' dir='ltr'>τίς</span> <span class='ocrx_word' id='word_1_166' title='bbox 755 1446 871 1522; x_wconf 83' lang='lat' dir='ltr'>Adam,</span> <span class='ocrx_word' id='word_1_167' title='bbox 886 1451 936 1507; x_wconf 85' lang='lat' dir='ltr'>ubi</span> <span class='ocrx_word' id='word_1_168' title='bbox 952 1456 1005 1509; x_wconf 82' lang='lat' dir='ltr'>es?</span> <span class='ocrx_word' id='word_1_169' title='bbox 1019 1449 1095 1525; x_wconf 92' lang='lat' dir='ltr'>Quid</span> <span class='ocrx_word' id='word_1_170' title='bbox 1114 1450 1253 1531; x_wconf 88' lang='lat' dir='ltr'>respoudit</span> <span class='ocrx_word' id='word_1_171' title='bbox 1266 1451 1372 1511; x_wconf 77' lang='lat' dir='ltr'>Adam?</span> <span class='ocrx_word' id='word_1_172' title='bbox 1396 1457 1500 1513; x_wconf 85' lang='lat' dir='ltr'>Vocem</span> <span class='ocrx_word' id='word_1_173' title='bbox 1514 1483 1571 1523; x_wconf 64' lang='lat' dir='ltr'>cm,</span> 
     </span>
     <span class='ocr_line' id='line_1_14' title="bbox 57 1516 1583 1621; baseline 0.006 -37"><span class='ocrx_word' id='word_1_174' title='bbox 57 1516 130 1584; x_wconf 78' lang='grc' dir='ltr'>εἶπεν</span> <span class='ocrx_word' id='word_1_175' title='bbox 149 1525 233 1603; x_wconf 78' lang='grc' dir='ltr'>Ἀδάμ</span> <span class='ocrx_word' id='word_1_176' title='bbox 240 1550 249 1599; x_wconf 92' lang='lat'>;</span> <span class='ocrx_word' id='word_1_177' title='bbox 269 1528 295 1585; x_wconf 79' lang='lat' dir='ltr'>&#39;l&#39;</span> <span class='ocrx_word' id='word_1_178' title='bbox 295 1531 327 1597; x_wconf 78' lang='grc' dir='ltr'>ῆς</span> <span class='ocrx_word' id='word_1_179' title='bbox 351 1530 439 1605; x_wconf 75' lang='grc' dir='ltr'>φωνῆς</span> <span class='ocrx_word' id='word_1_180' title='bbox 459 1549 506 1585; x_wconf 89' lang='grc' dir='ltr'>σου</span> <span class='ocrx_word' id='word_1_181' title='bbox 523 1525 637 1598; x_wconf 85' lang='grc' dir='ltr'>ήκουσα,</span> <span class='ocrx_word' id='word_1_182' title='bbox 658 1528 703 1586; x_wconf 78' lang='grc' dir='ltr'>καὶ</span> <span class='ocrx_word' id='word_1_183' title='bbox 755 1539 837 1585; x_wconf 86' lang='lat' dir='ltr'>trram</span> <span class='ocrx_word' id='word_1_184' title='bbox 854 1529 975 1599; x_wconf 81' lang='lat' dir='ltr'>andivi,</span> <span class='ocrx_word' id='word_1_185' title='bbox 999 1542 1028 1588; x_wconf 88' lang='lat' dir='ltr'>et</span> <span class='ocrx_word' id='word_1_186' title='bbox 1050 1550 1096 1588; x_wconf 91' lang='lat' dir='ltr'>me</span> <span class='ocrx_word' id='word_1_187' title='bbox 1118 1531 1282 1603; x_wconf 82' lang='lat' dir='ltr'>occultavi,</span> <span class='ocrx_word' id='word_1_188' title='bbox 1310 1538 1381 1621; x_wconf 79' lang='lat' dir='ltr'>quia</span> <span class='ocrx_word' id='word_1_189' title='bbox 1406 1536 1532 1594; x_wconf 79' lang='lat' dir='ltr'>nuduset</span> <span class='ocrx_word' id='word_1_190' title='bbox 1549 1557 1583 1586; x_wconf 71' lang='grc' dir='ltr'>ιο·</span> 
     </span>
     <span class='ocr_line' id='line_1_15' title="bbox 53 1594 1500 1691; baseline 0.006 -28"><span class='ocrx_word' id='word_1_191' title='bbox 53 1604 112 1679; x_wconf 72' lang='lat' dir='ltr'>,du</span> <span class='ocrx_word' id='word_1_192' title='bbox 127 1629 160 1685; x_wconf 87' lang='grc' dir='ltr'>γυ</span> <span class='ocrx_word' id='word_1_193' title='bbox 182 1605 224 1672; x_wconf 87' lang='grc' dir='ltr'>νύς</span> <span class='ocrx_word' id='word_1_194' title='bbox 242 1608 309 1683; x_wconf 82' lang='grc' dir='ltr'>εἰμι.</span> <span class='ocrx_word' id='word_1_195' title='bbox 330 1606 366 1664; x_wconf 83' lang='grc' dir='ltr'>Τί</span> <span class='ocrx_word' id='word_1_196' title='bbox 380 1594 424 1664; x_wconf 79' lang='grc' dir='ltr'>σύν</span> <span class='ocrx_word' id='word_1_197' title='bbox 435 1609 449 1663; x_wconf 82' lang='grc' dir='ltr'>δ</span> <span class='ocrx_word' id='word_1_198' title='bbox 460 1604 495 1665; x_wconf 76' lang='grc' dir='ltr'>τά</span> <span class='ocrx_word' id='word_1_199' title='bbox 507 1605 595 1664; x_wconf 87' lang='grc' dir='ltr'>πάντα</span> <span class='ocrx_word' id='word_1_200' title='bbox 612 1609 703 1680; x_wconf 73' lang='grc' dir='ltr'>εἰδούς,</span> <span class='ocrx_word' id='word_1_201' title='bbox 754 1626 828 1664; x_wconf 87' lang='lat' dir='ltr'>sum.</span> <span class='ocrx_word' id='word_1_202' title='bbox 850 1607 927 1681; x_wconf 86' lang='lat' dir='ltr'>Quid</span> <span class='ocrx_word' id='word_1_203' title='bbox 941 1629 1005 1687; x_wconf 90' lang='lat' dir='ltr'>ergo</span> <span class='ocrx_word' id='word_1_204' title='bbox 1026 1609 1072 1667; x_wconf 88' lang='lat' dir='ltr'>ille</span> <span class='ocrx_word' id='word_1_205' title='bbox 1084 1610 1132 1688; x_wconf 88' lang='lat' dir='ltr'>qui</span> <span class='ocrx_word' id='word_1_206' title='bbox 1149 1610 1239 1669; x_wconf 92' lang='lat' dir='ltr'>omnia</span> <span class='ocrx_word' id='word_1_207' title='bbox 1255 1613 1353 1670; x_wconf 81' lang='lat' dir='ltr'>novit?</span> <span class='ocrx_word' id='word_1_208' title='bbox 1370 1613 1500 1691; x_wconf 87' lang='lat' dir='ltr'>ignoran-</span> 
     </span>
     <span class='ocr_line' id='line_1_16' title="bbox 53 1678 1653 1769; baseline 0.006 -27"><span class='ocrx_word' id='word_1_209' title='bbox 53 1686 137 1754; x_wconf 83' lang='grc' dir='ltr'>ίζεται</span> <span class='ocrx_word' id='word_1_210' title='bbox 167 1708 266 1763; x_wconf 92' lang='grc' dir='ltr'>γνοιαν,</span> <span class='ocrx_word' id='word_1_211' title='bbox 285 1685 331 1744; x_wconf 82' lang='grc' dir='ltr'>καὶ</span> <span class='ocrx_word' id='word_1_212' title='bbox 344 1683 429 1762; x_wconf 81' lang='grc' dir='ltr'>λέγει·</span> <span class='ocrx_word' id='word_1_213' title='bbox 446 1684 499 1744; x_wconf 79' lang='grc' dir='ltr'>Καλ</span> <span class='ocrx_word' id='word_1_214' title='bbox 514 1683 553 1752; x_wconf 89' lang='grc' dir='ltr'>τίς</span> <span class='ocrx_word' id='word_1_215' title='bbox 567 1709 608 1745; x_wconf 90' lang='grc' dir='ltr'>σοι</span> <span class='ocrx_word' id='word_1_216' title='bbox 622 1678 703 1759; x_wconf 81' lang='grc' dir='ltr'>εἶπεν,</span> <span class='ocrx_word' id='word_1_217' title='bbox 721 1704 737 1749; x_wconf 81' lang='grc' dir='ltr'><strong>Β</strong></span> <span class='ocrx_word' id='word_1_218' title='bbox 753 1685 821 1744; x_wconf 89' lang='lat' dir='ltr'>tiam</span> <span class='ocrx_word' id='word_1_219' title='bbox 840 1686 964 1762; x_wconf 90' lang='lat' dir='ltr'>simulat,</span> <span class='ocrx_word' id='word_1_220' title='bbox 979 1701 1006 1749; x_wconf 90' lang='lat' dir='ltr'>et</span> <span class='ocrx_word' id='word_1_221' title='bbox 1021 1687 1110 1747; x_wconf 90' lang='lat' dir='ltr'>dicit:</span> <span class='ocrx_word' id='word_1_222' title='bbox 1126 1692 1166 1749; x_wconf 88' lang='lat' dir='ltr'>Et</span> <span class='ocrx_word' id='word_1_223' title='bbox 1190 1694 1256 1769; x_wconf 84' lang='lat' dir='ltr'>quis</span> <span class='ocrx_word' id='word_1_224' title='bbox 1279 1691 1427 1750; x_wconf 81' lang='lat' dir='ltr'>indicavit</span> <span class='ocrx_word' id='word_1_225' title='bbox 1449 1697 1503 1752; x_wconf 82' lang='lat' dir='ltr'>tibi</span> <span class='ocrx_word' id='word_1_226' title='bbox 1513 1711 1596 1757; x_wconf 70' lang='lat' dir='ltr'>teter</span> <span class='ocrx_word' id='word_1_227' title='bbox 1618 1724 1653 1753; x_wconf 89' lang='lat' dir='ltr'>tt.</span> 
     </span>
     <span class='ocr_line' id='line_1_17' title="bbox 53 1755 1502 1853; baseline 0.006 -30"><span class='ocrx_word' id='word_1_228' title='bbox 53 1765 92 1831; x_wconf 86' lang='grc' dir='ltr'>νδς</span> <span class='ocrx_word' id='word_1_229' title='bbox 113 1756 188 1825; x_wconf 85' lang='grc' dir='ltr'>ε1·ε1</span> <span class='ocrx_word' id='word_1_230' title='bbox 204 1765 241 1843; x_wconf 79' lang='grc' dir='ltr'>μὴ</span> <span class='ocrx_word' id='word_1_231' title='bbox 258 1765 310 1824; x_wconf 85' lang='grc' dir='ltr'>ἀπὸ</span> <span class='ocrx_word' id='word_1_232' title='bbox 323 1769 369 1824; x_wconf 83' lang='grc' dir='ltr'>τοῦ</span> <span class='ocrx_word' id='word_1_233' title='bbox 385 1763 473 1838; x_wconf 87' lang='grc' dir='ltr'>ξύλου,</span> <span class='ocrx_word' id='word_1_234' title='bbox 489 1755 519 1825; x_wconf 80' lang='grc' dir='ltr'>ού</span> <span class='ocrx_word' id='word_1_235' title='bbox 534 1766 704 1844; x_wconf 75' lang='grc' dir='ltr'>ἐνετειλάμην</span> <span class='ocrx_word' id='word_1_236' title='bbox 755 1768 835 1844; x_wconf 82' lang='lat' dir='ltr'>quod</span> <span class='ocrx_word' id='word_1_237' title='bbox 847 1767 943 1826; x_wconf 80' lang='lat' dir='ltr'>nudus</span> <span class='ocrx_word' id='word_1_238' title='bbox 956 1788 1046 1841; x_wconf 87' lang='lat' dir='ltr'>esses,</span> <span class='ocrx_word' id='word_1_239' title='bbox 1062 1772 1119 1827; x_wconf 80' lang='lat' dir='ltr'>nisi</span> <span class='ocrx_word' id='word_1_240' title='bbox 1134 1770 1215 1849; x_wconf 85' lang='lat' dir='ltr'>quod</span> <span class='ocrx_word' id='word_1_241' title='bbox 1226 1791 1263 1828; x_wconf 78' lang='lat' dir='ltr'>ea</span> <span class='ocrx_word' id='word_1_242' title='bbox 1279 1769 1375 1851; x_wconf 82' lang='lat' dir='ltr'>ligno,</span> <span class='ocrx_word' id='word_1_243' title='bbox 1392 1772 1429 1830; x_wconf 85' lang='lat' dir='ltr'>de</span> <span class='ocrx_word' id='word_1_244' title='bbox 1444 1793 1502 1853; x_wconf 84' lang='lat' dir='ltr'>quo</span> 
     </span>
    </p>

    <p class='ocr_par' dir='ltr' id='par_1_6' title="bbox 53 1844 1502 1926">
     <span class='ocr_line' id='line_1_18' title="bbox 53 1844 1502 1926; baseline 0.005 -23"><span class='ocrx_word' id='word_1_245' title='bbox 53 1867 83 1903; x_wconf 97' lang='grc' dir='ltr'>ου</span> <span class='ocrx_word' id='word_1_246' title='bbox 99 1844 178 1922; x_wconf 82' lang='grc' dir='ltr'>μόνω</span> <span class='ocrx_word' id='word_1_247' title='bbox 191 1844 228 1924; x_wconf 76' lang='grc' dir='ltr'>μὴ</span> <span class='ocrx_word' id='word_1_248' title='bbox 243 1852 347 1925; x_wconf 84' lang='grc' dir='ltr'>φαγεῖν,</span> <span class='ocrx_word' id='word_1_249' title='bbox 365 1847 411 1903; x_wconf 89' lang='grc' dir='ltr'>ἀπ’</span> <span class='ocrx_word' id='word_1_250' title='bbox 425 1848 504 1904; x_wconf 82' lang='grc' dir='ltr'>αὐτοῦ</span> <span class='ocrx_word' id='word_1_251' title='bbox 520 1845 626 1925; x_wconf 85' lang='grc' dir='ltr'>ἔφαγες;</span> <span class='ocrx_word' id='word_1_252' title='bbox 642 1846 704 1906; x_wconf 88' lang='grc' dir='ltr'>Δεί-</span> <span class='ocrx_word' id='word_1_253' title='bbox 754 1846 818 1903; x_wconf 88' lang='lat' dir='ltr'>solo</span> <span class='ocrx_word' id='word_1_254' title='bbox 832 1867 1028 1926; x_wconf 77' lang='lat' dir='ltr'>preceperam</span> <span class='ocrx_word' id='word_1_255' title='bbox 1054 1852 1106 1907; x_wconf 83' lang='lat' dir='ltr'>tibi</span> <span class='ocrx_word' id='word_1_256' title='bbox 1134 1869 1171 1907; x_wconf 88' lang='lat' dir='ltr'>ne</span> <span class='ocrx_word' id='word_1_257' title='bbox 1193 1851 1380 1922; x_wconf 81' lang='lat' dir='ltr'>comederes,</span> <span class='ocrx_word' id='word_1_258' title='bbox 1405 1872 1502 1910; x_wconf 87' lang='lat' dir='ltr'>come-</span> 
     </span>
    </p>

    <p class='ocr_par' dir='ltr' id='par_1_7' title="bbox 53 1922 1501 2010">
     <span class='ocr_line' id='line_1_19' title="bbox 53 1922 1501 2010; baseline 0.003 -25"><span class='ocrx_word' id='word_1_259' title='bbox 53 1923 92 1985; x_wconf 71' lang='lat' dir='ltr'>ln</span> <span class='ocrx_word' id='word_1_260' title='bbox 105 1926 220 1996; x_wconf 86' lang='grc' dir='ltr'>πάντων,</span> <span class='ocrx_word' id='word_1_261' title='bbox 234 1929 269 1993; x_wconf 87' lang='grc' dir='ltr'>ὡς</span> <span class='ocrx_word' id='word_1_262' title='bbox 289 1928 381 1994; x_wconf 86' lang='grc' dir='ltr'>είπεῑν,</span> <span class='ocrx_word' id='word_1_263' title='bbox 401 1922 479 1983; x_wconf 69' lang='lat' dir='ltr'>liade</span> <span class='ocrx_word' id='word_1_264' title='bbox 500 1925 549 1996; x_wconf 72' lang='lat' dir='ltr'>rhu</span> <span class='ocrx_word' id='word_1_265' title='bbox 570 1926 704 2005; x_wconf 80' lang='grc' dir='ltr'>ἀφθονίαν,</span> <span class='ocrx_word' id='word_1_266' title='bbox 755 1925 846 1983; x_wconf 79' lang='lat' dir='ltr'>disti?</span> <span class='ocrx_word' id='word_1_267' title='bbox 861 1925 986 1986; x_wconf 86' lang='lat' dir='ltr'>Ostendit</span> <span class='ocrx_word' id='word_1_268' title='bbox 1003 1926 1081 1986; x_wconf 88' lang='lat' dir='ltr'>illum</span> <span class='ocrx_word' id='word_1_269' title='bbox 1096 1927 1218 1987; x_wconf 88' lang='lat' dir='ltr'>omnium</span> <span class='ocrx_word' id='word_1_270' title='bbox 1231 1928 1286 1988; x_wconf 84' lang='lat' dir='ltr'>lece</span> <span class='ocrx_word' id='word_1_271' title='bbox 1303 1929 1408 2010; x_wconf 88' lang='lat' dir='ltr'>copiam</span> <span class='ocrx_word' id='word_1_272' title='bbox 1425 1953 1501 1990; x_wconf 90' lang='lat' dir='ltr'>acce·</span> 
     </span>
    </p>

    <p class='ocr_par' dir='ltr' id='par_1_8' title="bbox 53 2002 1504 2086">
     <span class='ocr_line' id='line_1_20' title="bbox 53 2002 1504 2086; baseline 0.003 -22"><span class='ocrx_word' id='word_1_273' title='bbox 53 2004 69 2064; x_wconf 89' lang='grc' dir='ltr'>δ</span> <span class='ocrx_word' id='word_1_274' title='bbox 80 2003 168 2063; x_wconf 85' lang='grc' dir='ltr'>στενὸν</span> <span class='ocrx_word' id='word_1_275' title='bbox 189 2009 236 2075; x_wconf 69' lang='grc' dir='ltr'>τῆς</span> <span class='ocrx_word' id='word_1_276' title='bbox 259 2002 430 2070; x_wconf 76' lang='grc' dir='ltr'>ἀπολαύσεως</span> <span class='ocrx_word' id='word_1_277' title='bbox 448 2005 546 2082; x_wconf 76' lang='grc' dir='ltr'>ἤγαγεν</span> <span class='ocrx_word' id='word_1_278' title='bbox 568 2006 646 2065; x_wconf 90' lang='grc' dir='ltr'>αύτδν</span> <span class='ocrx_word' id='word_1_279' title='bbox 669 2010 706 2073; x_wconf 87' lang='grc' dir='ltr'>εἰς</span> <span class='ocrx_word' id='word_1_280' title='bbox 755 2004 840 2084; x_wconf 89' lang='lat' dir='ltr'>pisse,</span> <span class='ocrx_word' id='word_1_281' title='bbox 855 2024 941 2083; x_wconf 84' lang='lat' dir='ltr'>neque</span> <span class='ocrx_word' id='word_1_282' title='bbox 960 2027 995 2065; x_wconf 89' lang='lat' dir='ltr'>ex</span> <span class='ocrx_word' id='word_1_283' title='bbox 1010 2006 1134 2086; x_wconf 90' lang='lat' dir='ltr'>angustia</span> <span class='ocrx_word' id='word_1_284' title='bbox 1156 2028 1247 2066; x_wconf 85' lang='lat' dir='ltr'>recum</span> <span class='ocrx_word' id='word_1_285' title='bbox 1269 2009 1445 2068; x_wconf 77' lang='lat' dir='ltr'>fruendarum</span> <span class='ocrx_word' id='word_1_286' title='bbox 1469 2010 1504 2069; x_wconf 88' lang='lat' dir='ltr'>ad</span> 
     </span>
    </p>

    <p class='ocr_par' dir='ltr' id='par_1_9' title="bbox 53 2075 1657 2404">
     <span class='ocr_line' id='line_1_21' title="bbox 53 2075 1503 2164; baseline 0.003 -20"><span class='ocrx_word' id='word_1_287' title='bbox 53 2083 168 2160; x_wconf 69' lang='grc' dir='ltr'>νάἀασιν.</span> <span class='ocrx_word' id='word_1_288' title='bbox 187 2084 223 2144; x_wconf 81' lang='grc' dir='ltr'>Τί</span> <span class='ocrx_word' id='word_1_289' title='bbox 237 2075 280 2143; x_wconf 72' lang='lat' dir='ltr'>civ</span> <span class='ocrx_word' id='word_1_290' title='bbox 295 2085 360 2162; x_wconf 83' lang='grc' dir='ltr'>πρὸς</span> <span class='ocrx_word' id='word_1_291' title='bbox 377 2090 461 2142; x_wconf 81' lang='grc' dir='ltr'>ταῦτα</span> <span class='ocrx_word' id='word_1_292' title='bbox 474 2088 488 2143; x_wconf 83' lang='grc' dir='ltr'>ὁ</span> <span class='ocrx_word' id='word_1_293' title='bbox 501 2085 706 2164; x_wconf 58' lang='grc' dir='ltr'>ἐγκαλούμενος</span> <span class='ocrx_word' id='word_1_294' title='bbox 756 2084 1004 2163; x_wconf 71' lang='lat' dir='ltr'>prevaricationem</span> <span class='ocrx_word' id='word_1_295' title='bbox 1024 2086 1137 2145; x_wconf 81' lang='lat' dir='ltr'>venisse.</span> <span class='ocrx_word' id='word_1_296' title='bbox 1168 2086 1245 2161; x_wconf 86' lang='lat' dir='ltr'>Quid</span> <span class='ocrx_word' id='word_1_297' title='bbox 1263 2087 1301 2147; x_wconf 88' lang='lat' dir='ltr'>ad</span> <span class='ocrx_word' id='word_1_298' title='bbox 1328 2089 1385 2147; x_wconf 79' lang='lat' dir='ltr'>haec</span> <span class='ocrx_word' id='word_1_299' title='bbox 1412 2090 1503 2148; x_wconf 87' lang='lat' dir='ltr'>reus?</span> 
     </span>
     <span class='ocr_line' id='line_1_22' title="bbox 59 2162 1657 2245; baseline 0.004 -24"><span class='ocrx_word' id='word_1_300' title='bbox 59 2163 222 2236; x_wconf 70' lang='grc' dir='ltr'>,ἣνέδωκας</span> <span class='ocrx_word' id='word_1_301' title='bbox 237 2162 294 2242; x_wconf 85' lang='grc' dir='ltr'>μετ’</span> <span class='ocrx_word' id='word_1_302' title='bbox 310 2166 391 2241; x_wconf 79' lang='grc' dir='ltr'>ἐμοῦ,</span> <span class='ocrx_word' id='word_1_303' title='bbox 416 2162 482 2237; x_wconf 79' lang='grc' dir='ltr'>αὕτη</span> <span class='ocrx_word' id='word_1_304' title='bbox 496 2186 541 2238; x_wconf 87' lang='grc' dir='ltr'>μοι</span> <span class='ocrx_word' id='word_1_305' title='bbox 555 2164 660 2224; x_wconf 78' lang='grc' dir='ltr'>ἔδωκεν.</span> <span class='ocrx_word' id='word_1_306' title='bbox 671 2164 706 2226; x_wconf 86' lang='grc' dir='ltr'>Ὀ</span> <span class='ocrx_word' id='word_1_307' title='bbox 757 2165 869 2223; x_wconf 82' lang='lat' dir='ltr'>Mulier</span> <span class='ocrx_word' id='word_1_308' title='bbox 890 2185 980 2245; x_wconf 81' lang='lat' dir='ltr'>quam</span> <span class='ocrx_word' id='word_1_309' title='bbox 1009 2166 1116 2225; x_wconf 77' lang='lat' dir='ltr'>dedisti</span> <span class='ocrx_word' id='word_1_310' title='bbox 1142 2168 1233 2240; x_wconf 80' lang='lat' dir='ltr'>milti,</span> <span class='ocrx_word' id='word_1_311' title='bbox 1259 2171 1270 2224; x_wconf 91' lang='lat' dir='ltr'>i</span> <span class='ocrx_word' id='word_1_312' title='bbox 1289 2188 1325 2226; x_wconf 86' lang='lat' dir='ltr'>sa</span> <span class='ocrx_word' id='word_1_313' title='bbox 1350 2171 1423 2227; x_wconf 84' lang='lat' dir='ltr'>milti</span> <span class='ocrx_word' id='word_1_314' title='bbox 1449 2171 1657 2227; x_wconf 53' lang='lat' dir='ltr'>ria-tticum.</span> 
     </span>
     <span class='ocr_line' id='line_1_23' title="bbox 53 2242 1502 2326; baseline 0.003 -24"><span class='ocrx_word' id='word_1_315' title='bbox 53 2243 179 2324; x_wconf 75' lang='grc' dir='ltr'>ῇγυναικὶ</span> <span class='ocrx_word' id='word_1_316' title='bbox 197 2242 343 2324; x_wconf 76' lang='grc' dir='ltr'>ὑπογράφει</span> <span class='ocrx_word' id='word_1_317' title='bbox 351 2242 382 2301; x_wconf 86' lang='grc' dir='ltr'>τὸ</span> <span class='ocrx_word' id='word_1_318' title='bbox 392 2243 549 2324; x_wconf 77' lang='grc' dir='ltr'>ἁμάρτημα,</span> <span class='ocrx_word' id='word_1_319' title='bbox 557 2243 644 2304; x_wconf 77' lang='grc' dir='ltr'>καὶσὺ</span> <span class='ocrx_word' id='word_1_320' title='bbox 657 2247 707 2306; x_wconf 81' lang='grc' dir='ltr'>’τδ</span> <span class='ocrx_word' id='word_1_321' title='bbox 757 2244 808 2301; x_wconf 84' lang='lat' dir='ltr'>dit.</span> <span class='ocrx_word' id='word_1_322' title='bbox 833 2242 921 2303; x_wconf 79' lang='lat' dir='ltr'>Adam</span> <span class='ocrx_word' id='word_1_323' title='bbox 945 2244 1052 2304; x_wconf 87' lang='lat' dir='ltr'>mulieri</span> <span class='ocrx_word' id='word_1_324' title='bbox 1076 2259 1253 2326; x_wconf 82' lang='lat' dir='ltr'>peecatuma</span> <span class='ocrx_word' id='word_1_325' title='bbox 1320 2246 1389 2323; x_wconf 84' lang='lat' dir='ltr'>bit,</span> <span class='ocrx_word' id='word_1_326' title='bbox 1419 2261 1446 2308; x_wconf 93' lang='lat' dir='ltr'>et</span> <span class='ocrx_word' id='word_1_327' title='bbox 1473 2261 1502 2307; x_wconf 94' lang='lat' dir='ltr'>tu</span> 
     </span>
     <span class='ocr_line' id='line_1_24' title="bbox 53 2321 1504 2404; baseline 0.003 -22"><span class='ocrx_word' id='word_1_328' title='bbox 53 2322 216 2404; x_wconf 84' lang='grc' dir='ltr'>περιγράφεις</span> <span class='ocrx_word' id='word_1_329' title='bbox 225 2323 274 2394; x_wconf 73' lang='grc' dir='ltr'>τὴν</span> <span class='ocrx_word' id='word_1_330' title='bbox 284 2321 508 2402; x_wconf 76' lang='grc' dir='ltr'>κατηγορίανςὉ</span> <span class='ocrx_word' id='word_1_331' title='bbox 517 2322 707 2402; x_wconf 79' lang='grc' dir='ltr'>ἐγκαλούμενος</span> <span class='ocrx_word' id='word_1_332' title='bbox 756 2322 846 2382; x_wconf 83' lang='lat' dir='ltr'>arbori</span> <span class='ocrx_word' id='word_1_333' title='bbox 878 2323 1038 2384; x_wconf 82' lang='lat' dir='ltr'>adscribis?</span> <span class='ocrx_word' id='word_1_334' title='bbox 1071 2325 1127 2396; x_wconf 89' lang='lat' dir='ltr'>Qui</span> <span class='ocrx_word' id='word_1_335' title='bbox 1162 2325 1363 2402; x_wconf 80' lang='lat' dir='ltr'>accusabatur,</span> <span class='ocrx_word' id='word_1_336' title='bbox 1395 2327 1504 2388; x_wconf 86' lang='lat' dir='ltr'>mentiri</span> 
     </span>
    </p>

    <p class='ocr_par' dir='ltr' id='par_1_10' title="bbox 54 2403 1504 2486">
     <span class='ocr_line' id='line_1_25' title="bbox 54 2403 1504 2486; baseline 0.005 -27"><span class='ocrx_word' id='word_1_337' title='bbox 54 2407 120 2474; x_wconf 77' lang='grc' dir='ltr'>νήθη</span> <span class='ocrx_word' id='word_1_338' title='bbox 133 2426 158 2462; x_wconf 93' lang='grc' dir='ltr'>τι</span> <span class='ocrx_word' id='word_1_339' title='bbox 170 2403 328 2483; x_wconf 85' lang='grc' dir='ltr'>ψεύσασθαι,</span> <span class='ocrx_word' id='word_1_340' title='bbox 345 2403 398 2480; x_wconf 77' lang='grc' dir='ltr'>οὐχ</span> <span class='ocrx_word' id='word_1_341' title='bbox 415 2404 530 2483; x_wconf 78' lang='grc' dir='ltr'>εὑρίσκει</span> <span class='ocrx_word' id='word_1_342' title='bbox 540 2403 600 2463; x_wconf 77' lang='grc' dir='ltr'>τινὰ</span> <span class='ocrx_word' id='word_1_343' title='bbox 614 2405 706 2483; x_wconf 79' lang='grc' dir='ltr'>ἑτέραν</span> <span class='ocrx_word' id='word_1_344' title='bbox 757 2422 810 2461; x_wconf 88' lang='lat' dir='ltr'>non</span> <span class='ocrx_word' id='word_1_345' title='bbox 825 2404 928 2483; x_wconf 80' lang='lat' dir='ltr'>potuit3</span> <span class='ocrx_word' id='word_1_346' title='bbox 952 2423 1004 2463; x_wconf 90' lang='lat' dir='ltr'>non</span> <span class='ocrx_word' id='word_1_347' title='bbox 1028 2403 1133 2464; x_wconf 92' lang='lat' dir='ltr'>invenit</span> <span class='ocrx_word' id='word_1_348' title='bbox 1152 2403 1229 2464; x_wconf 87' lang='lat' dir='ltr'>aliud</span> <span class='ocrx_word' id='word_1_349' title='bbox 1253 2405 1407 2486; x_wconf 78' lang='lat' dir='ltr'>perfugium</span> <span class='ocrx_word' id='word_1_350' title='bbox 1428 2421 1504 2466; x_wconf 81' lang='lat' dir='ltr'>extra</span> 
     </span>
    </p>

    <p class='ocr_par' dir='ltr' id='par_1_11' title="bbox 53 2481 1505 2583">
     <span class='ocr_line' id='line_1_26' title="bbox 53 2481 1505 2583; baseline 0.004 -43"><span class='ocrx_word' id='word_1_351' title='bbox 53 2505 73 2554; x_wconf 76' lang='grc' dir='ltr'>ιν</span> <span class='ocrx_word' id='word_1_352' title='bbox 95 2481 144 2549; x_wconf 83' lang='grc' dir='ltr'>ἐξω</span> <span class='ocrx_word' id='word_1_353' title='bbox 157 2488 205 2554; x_wconf 83' lang='grc' dir='ltr'>τῆς</span> <span class='ocrx_word' id='word_1_354' title='bbox 222 2482 359 2557; x_wconf 80' lang='grc' dir='ltr'>ἀληθείας,</span> <span class='ocrx_word' id='word_1_355' title='bbox 379 2483 426 2541; x_wconf 84' lang='grc' dir='ltr'>οὐκ</span> <span class='ocrx_word' id='word_1_356' title='bbox 450 2483 582 2562; x_wconf 78' lang='grc' dir='ltr'>ἐπέγραψε</span> <span class='ocrx_word' id='word_1_357' title='bbox 600 2508 639 2583; x_wconf 76' lang='grc' dir='ltr'>πμ</span> <span class='ocrx_word' id='word_1_358' title='bbox 661 2487 706 2558; x_wconf 87' lang='grc' dir='ltr'>δη·</span> <span class='ocrx_word' id='word_1_359' title='bbox 757 2482 915 2558; x_wconf 88' lang='lat' dir='ltr'>veritatem,</span> <span class='ocrx_word' id='word_1_360' title='bbox 937 2504 990 2543; x_wconf 93' lang='lat' dir='ltr'>non</span> <span class='ocrx_word' id='word_1_361' title='bbox 1012 2484 1131 2543; x_wconf 78' lang='lat' dir='ltr'>Creatori</span> <span class='ocrx_word' id='word_1_362' title='bbox 1154 2504 1262 2543; x_wconf 85' lang='lat' dir='ltr'>causam</span> <span class='ocrx_word' id='word_1_363' title='bbox 1280 2485 1443 2566; x_wconf 89' lang='lat' dir='ltr'>imputavit,</span> <span class='ocrx_word' id='word_1_364' title='bbox 1457 2486 1505 2546; x_wconf 90' lang='lat' dir='ltr'>scd</span> 
     </span>
    </p>

    <p class='ocr_par' dir='ltr' id='par_1_12' title="bbox 53 2560 1657 2804">
     <span class='ocr_line' id='line_1_27' title="bbox 53 2560 1504 2644; baseline 0.002 -22"><span class='ocrx_word' id='word_1_365' title='bbox 53 2595 55 2614; x_wconf 78' lang='grc' dir='ltr'>ι</span> <span class='ocrx_word' id='word_1_366' title='bbox 68 2561 117 2634; x_wconf 71' lang='grc' dir='ltr'>τήν</span> <span class='ocrx_word' id='word_1_367' title='bbox 136 2562 232 2637; x_wconf 87' lang='grc' dir='ltr'>αἰτίαν,</span> <span class='ocrx_word' id='word_1_368' title='bbox 244 2560 314 2621; x_wconf 86' lang='grc' dir='ltr'>ἀλλδι</span> <span class='ocrx_word' id='word_1_369' title='bbox 327 2567 375 2634; x_wconf 78' lang='grc' dir='ltr'>τῆς</span> <span class='ocrx_word' id='word_1_370' title='bbox 387 2563 508 2639; x_wconf 82' lang='grc' dir='ltr'>γυναικὸς</span> <span class='ocrx_word' id='word_1_371' title='bbox 524 2586 706 2644; x_wconf 86' lang='grc' dir='ltr'>κατηγορησε·</span> <span class='ocrx_word' id='word_1_372' title='bbox 757 2582 869 2621; x_wconf 88' lang='lat' dir='ltr'>uxorem</span> <span class='ocrx_word' id='word_1_373' title='bbox 880 2563 1033 2637; x_wconf 89' lang='lat' dir='ltr'>accusavit;</span> <span class='ocrx_word' id='word_1_374' title='bbox 1046 2577 1072 2623; x_wconf 91' lang='lat' dir='ltr'>et</span> <span class='ocrx_word' id='word_1_375' title='bbox 1081 2577 1111 2622; x_wconf 90' lang='lat' dir='ltr'>tu</span> <span class='ocrx_word' id='word_1_376' title='bbox 1125 2584 1167 2623; x_wconf 88' lang='lat' dir='ltr'>res</span> <span class='ocrx_word' id='word_1_377' title='bbox 1180 2584 1304 2639; x_wconf 84' lang='lat' dir='ltr'>accusas,</span> <span class='ocrx_word' id='word_1_378' title='bbox 1320 2587 1435 2643; x_wconf 88' lang='lat' dir='ltr'>quarum</span> <span class='ocrx_word' id='word_1_379' title='bbox 1448 2566 1504 2625; x_wconf 91' lang='lat' dir='ltr'>vim</span> 
     </span>
     <span class='ocr_line' id='line_1_28' title="bbox 53 2632 1657 2784; baseline 0.004 -86"><span class='ocrx_word' id='word_1_380' title='bbox 53 2652 193 2725; x_wconf 72' lang='grc' dir='ltr'>,ατηγορεῖς</span> <span class='ocrx_word' id='word_1_381' title='bbox 203 2641 380 2743; x_wconf 87' lang='grc' dir='ltr'>πραγμάτων,</span> <span class='ocrx_word' id='word_1_382' title='bbox 394 2637 431 2704; x_wconf 73' lang='grc' dir='ltr'>ὧν</span> <span class='ocrx_word' id='word_1_383' title='bbox 447 2645 494 2702; x_wconf 80' lang='grc' dir='ltr'>οὐκ</span> <span class='ocrx_word' id='word_1_384' title='bbox 506 2632 577 2710; x_wconf 80' lang='grc' dir='ltr'>οἶδας</span> <span class='ocrx_word' id='word_1_385' title='bbox 597 2642 647 2715; x_wconf 76' lang='grc' dir='ltr'>τὴν</span> <span class='ocrx_word' id='word_1_386' title='bbox 664 2644 707 2704; x_wconf 90' lang='grc' dir='ltr'>δύ-</span> <span class='ocrx_word' id='word_1_387' title='bbox 757 2641 889 2720; x_wconf 89' lang='lat' dir='ltr'>ignoras?</span> <span class='ocrx_word' id='word_1_388' title='bbox 903 2641 1012 2721; x_wconf 84' lang='lat' dir='ltr'>Ecquid</span> <span class='ocrx_word' id='word_1_389' title='bbox 1030 2643 1096 2702; x_wconf 83' lang='lat' dir='ltr'>Evae</span> <span class='ocrx_word' id='word_1_390' title='bbox 1109 2642 1182 2702; x_wconf 87' lang='lat' dir='ltr'>dixit</span> <span class='ocrx_word' id='word_1_391' title='bbox 1194 2644 1292 2703; x_wconf 85' lang='lat' dir='ltr'>Deus?</span> <span class='ocrx_word' id='word_1_392' title='bbox 1307 2646 1369 2703; x_wconf 85' lang='lat' dir='ltr'>Cur</span> <span class='ocrx_word' id='word_1_393' title='bbox 1387 2648 1503 2784; x_wconf 48' lang='lat' dir='ltr'>lacesse-</span> <span class='ocrx_word' id='word_1_394' title='bbox 1516 2651 1605 2694; x_wconf 64' lang='lat' dir='ltr'>101ng</span> <span class='ocrx_word' id='word_1_395' title='bbox 1620 2646 1657 2692; x_wconf 82' lang='lat'>¹3·</span> 
     </span>
     <span class='ocr_line' id='line_1_29' title="bbox 58 2721 1504 2804; baseline 0.001 -23"><span class='ocrx_word' id='word_1_396' title='bbox 58 2723 113 2782; x_wconf 82' lang='grc' dir='ltr'>Καὶ</span> <span class='ocrx_word' id='word_1_397' title='bbox 135 2724 161 2782; x_wconf 87' lang='grc' dir='ltr'>τί</span> <span class='ocrx_word' id='word_1_398' title='bbox 185 2746 250 2804; x_wconf 84' lang='grc' dir='ltr'>προς</span> <span class='ocrx_word' id='word_1_399' title='bbox 273 2725 321 2794; x_wconf 81' lang='grc' dir='ltr'>τήν</span> <span class='ocrx_word' id='word_1_400' title='bbox 346 2721 418 2783; x_wconf 73' lang='lat' dir='ltr'>Elea</span> <span class='ocrx_word' id='word_1_401' title='bbox 439 2726 453 2781; x_wconf 83' lang='grc' dir='ltr'>ὁ</span> <span class='ocrx_word' id='word_1_402' title='bbox 471 2721 554 2797; x_wconf 83' lang='grc' dir='ltr'>Θεύς;</span> <span class='ocrx_word' id='word_1_403' title='bbox 577 2722 614 2782; x_wconf 86' lang='grc' dir='ltr'>Τί</span> <span class='ocrx_word' id='word_1_404' title='bbox 631 2731 708 2784; x_wconf 79' lang='grc' dir='ltr'>τοῦτο</span> <span class='ocrx_word' id='word_1_405' title='bbox 757 2725 848 2780; x_wconf 81' lang='lat' dir='ltr'>cisti?</span> <span class='ocrx_word' id='word_1_406' title='bbox 870 2722 920 2781; x_wconf 84' lang='lat' dir='ltr'>tlta</span> <span class='ocrx_word' id='word_1_407' title='bbox 938 2744 1003 2782; x_wconf 88' lang='lat' dir='ltr'>vero</span> <span class='ocrx_word' id='word_1_408' title='bbox 1017 2722 1181 2802; x_wconf 87' lang='lat' dir='ltr'>interrogata</span> <span class='ocrx_word' id='word_1_409' title='bbox 1195 2743 1304 2781; x_wconf 85' lang='lat' dir='ltr'>causam</span> <span class='ocrx_word' id='word_1_410' title='bbox 1317 2724 1414 2782; x_wconf 87' lang='lat' dir='ltr'>affert:</span> <span class='ocrx_word' id='word_1_411' title='bbox 1458 2746 1504 2783; x_wconf 86' lang='lat' dir='ltr'>er-</span> 
     </span>
    </p>

    <p class='ocr_par' dir='ltr' id='par_1_13' title="bbox 53 2800 1504 2883">
     <span class='ocr_line' id='line_1_30' title="bbox 53 2800 1504 2883; baseline 0.001 -21"><span class='ocrx_word' id='word_1_412' title='bbox 53 2827 79 2875; x_wconf 75' lang='lat'>:3</span> <span class='ocrx_word' id='word_1_413' title='bbox 92 2801 126 2862; x_wconf 87' lang='grc' dir='ltr'><strong><em>Ἡ</em></strong></span> <span class='ocrx_word' id='word_1_414' title='bbox 139 2802 166 2861; x_wconf 77' lang='grc' dir='ltr'>δέ</span> <span class='ocrx_word' id='word_1_415' title='bbox 181 2802 245 2882; x_wconf 83' lang='grc' dir='ltr'>πρὸς</span> <span class='ocrx_word' id='word_1_416' title='bbox 259 2801 307 2873; x_wconf 79' lang='grc' dir='ltr'>τήν</span> <span class='ocrx_word' id='word_1_417' title='bbox 319 2800 448 2880; x_wconf 79' lang='grc' dir='ltr'>ἐρώτησιν</span> <span class='ocrx_word' id='word_1_418' title='bbox 467 2802 515 2873; x_wconf 70' lang='grc' dir='ltr'>τήν</span> <span class='ocrx_word' id='word_1_419' title='bbox 535 2802 620 2862; x_wconf 82' lang='grc' dir='ltr'>αἰτίαν</span> <span class='ocrx_word' id='word_1_420' title='bbox 641 2808 707 2862; x_wconf 80' lang='grc' dir='ltr'>ἀπο·</span> <span class='ocrx_word' id='word_1_421' title='bbox 756 2822 827 2879; x_wconf 88' lang='lat' dir='ltr'>pens</span> <span class='ocrx_word' id='word_1_422' title='bbox 843 2803 954 2881; x_wconf 83' lang='lat' dir='ltr'>decepit</span> <span class='ocrx_word' id='word_1_423' title='bbox 974 2823 1028 2860; x_wconf 89' lang='lat' dir='ltr'>me.</span> <span class='ocrx_word' id='word_1_424' title='bbox 1047 2805 1120 2861; x_wconf 89' lang='lat' dir='ltr'>Num</span> <span class='ocrx_word' id='word_1_425' title='bbox 1140 2801 1301 2861; x_wconf 87' lang='lat' dir='ltr'>creationem</span> <span class='ocrx_word' id='word_1_426' title='bbox 1321 2803 1504 2883; x_wconf 75' lang='lat' dir='ltr'>perstrinxit?</span> 
     </span>
    </p>

    <p class='ocr_par' dir='ltr' id='par_1_14' title="bbox 53 2880 1505 2964">
     <span class='ocr_line' id='line_1_31' title="bbox 53 2880 1505 2964; baseline 0.003 -27"><span class='ocrx_word' id='word_1_427' title='bbox 53 2905 66 2937; x_wconf 72' lang='grc'>,·</span> <span class='ocrx_word' id='word_1_428' title='bbox 81 2881 115 2940; x_wconf 89' lang='grc' dir='ltr'><strong>Ὁ</strong></span> <span class='ocrx_word' id='word_1_429' title='bbox 129 2882 186 2964; x_wconf 80' lang='grc' dir='ltr'>δρις</span> <span class='ocrx_word' id='word_1_430' title='bbox 205 2882 328 2954; x_wconf 83' lang='grc' dir='ltr'>ἠπάτησέ</span> <span class='ocrx_word' id='word_1_431' title='bbox 343 2905 384 2958; x_wconf 85' lang='grc' dir='ltr'>με.</span> <span class='ocrx_word' id='word_1_432' title='bbox 411 2881 458 2954; x_wconf 75' lang='grc' dir='ltr'>Μή</span> <span class='ocrx_word' id='word_1_433' title='bbox 480 2881 568 2961; x_wconf 73' lang='grc' dir='ltr'>ἥψατο</span> <span class='ocrx_word' id='word_1_434' title='bbox 589 2887 638 2954; x_wconf 79' lang='grc' dir='ltr'>τῆς</span> <span class='ocrx_word' id='word_1_435' title='bbox 658 2884 706 2954; x_wconf 91' lang='grc' dir='ltr'>δη-</span> <span class='ocrx_word' id='word_1_436' title='bbox 723 2901 742 2947; x_wconf 85' lang='lat' dir='ltr'>c</span> <span class='ocrx_word' id='word_1_437' title='bbox 759 2901 824 2938; x_wconf 92' lang='lat' dir='ltr'>nurn</span> <span class='ocrx_word' id='word_1_438' title='bbox 843 2882 996 2940; x_wconf 87' lang='lat' dir='ltr'>Creatorem</span> <span class='ocrx_word' id='word_1_439' title='bbox 1018 2881 1170 2941; x_wconf 78' lang='lat' dir='ltr'>incusavit?</span> <span class='ocrx_word' id='word_1_440' title='bbox 1194 2901 1258 2939; x_wconf 92' lang='lat' dir='ltr'>num</span> <span class='ocrx_word' id='word_1_441' title='bbox 1279 2880 1366 2957; x_wconf 86' lang='lat' dir='ltr'>dixit,</span> <span class='ocrx_word' id='word_1_442' title='bbox 1385 2883 1505 2943; x_wconf 88' lang='lat' dir='ltr'>Curuus</span> 
     </span>
    </p>

    <p class='ocr_par' dir='ltr' id='par_1_15' title="bbox 53 2953 1505 3042">
     <span class='ocr_line' id='line_1_32' title="bbox 53 2953 1505 3042; baseline 0.001 -22"><span class='ocrx_word' id='word_1_443' title='bbox 53 2985 93 3029; x_wconf 73' lang='grc' dir='ltr'>ιτς</span> <span class='ocrx_word' id='word_1_444' title='bbox 109 2964 145 3039; x_wconf 82' lang='grc' dir='ltr'>μή</span> <span class='ocrx_word' id='word_1_445' title='bbox 161 2961 265 3022; x_wconf 81' lang='grc' dir='ltr'>διέάαλε</span> <span class='ocrx_word' id='word_1_446' title='bbox 280 2960 324 3019; x_wconf 86' lang='grc' dir='ltr'>τὸν</span> <span class='ocrx_word' id='word_1_447' title='bbox 343 2962 497 3034; x_wconf 78' lang='grc' dir='ltr'>πλάσαντες</span> <span class='ocrx_word' id='word_1_448' title='bbox 513 2961 550 3039; x_wconf 82' lang='grc' dir='ltr'>μὴ</span> <span class='ocrx_word' id='word_1_449' title='bbox 572 2953 646 3032; x_wconf 82' lang='grc' dir='ltr'>εἶπε,</span> <span class='ocrx_word' id='word_1_450' title='bbox 664 2963 708 3022; x_wconf 84' lang='grc' dir='ltr'>διδι</span> <span class='ocrx_word' id='word_1_451' title='bbox 758 2959 864 3019; x_wconf 84' lang='lat' dir='ltr'>iecisti?</span> <span class='ocrx_word' id='word_1_452' title='bbox 877 2981 927 3020; x_wconf 88' lang='lat' dir='ltr'>cur</span> <span class='ocrx_word' id='word_1_453' title='bbox 936 2960 1003 3040; x_wconf 89' lang='lat' dir='ltr'>ligni</span> <span class='ocrx_word' id='word_1_454' title='bbox 1014 2961 1132 3019; x_wconf 77' lang='lat' dir='ltr'>fraretum</span> <span class='ocrx_word' id='word_1_455' title='bbox 1144 2959 1330 3042; x_wconf 79' lang='lat' dir='ltr'>prohibuisti?</span> <span class='ocrx_word' id='word_1_456' title='bbox 1344 2962 1411 3034; x_wconf 86' lang='lat' dir='ltr'>Quae</span> <span class='ocrx_word' id='word_1_457' title='bbox 1426 2983 1505 3021; x_wconf 81' lang='lat' dir='ltr'>acetr-</span> 
     </span>
    </p>

    <p class='ocr_par' dir='ltr' id='par_1_16' title="bbox 52 3039 1505 3124">
     <span class='ocr_line' id='line_1_33' title="bbox 52 3039 1505 3124; baseline 0 -24"><span class='ocrx_word' id='word_1_458' title='bbox 52 3048 112 3120; x_wconf 68' lang='grc' dir='ltr'>,μάς</span> <span class='ocrx_word' id='word_1_459' title='bbox 128 3042 269 3114; x_wconf 86' lang='grc' dir='ltr'>ἐποίησας;</span> <span class='ocrx_word' id='word_1_460' title='bbox 293 3039 338 3100; x_wconf 81' lang='grc' dir='ltr'>διδ</span> <span class='ocrx_word' id='word_1_461' title='bbox 351 3042 378 3101; x_wconf 91' lang='grc' dir='ltr'>τί</span> <span class='ocrx_word' id='word_1_462' title='bbox 398 3041 449 3122; x_wconf 76' lang='grc' dir='ltr'>γάρ</span> <span class='ocrx_word' id='word_1_463' title='bbox 473 3042 526 3101; x_wconf 84' lang='grc' dir='ltr'>ἀπὸ</span> <span class='ocrx_word' id='word_1_464' title='bbox 539 3048 586 3101; x_wconf 77' lang='grc' dir='ltr'>τοῦ</span> <span class='ocrx_word' id='word_1_465' title='bbox 604 3042 708 3124; x_wconf 82' lang='grc' dir='ltr'>δένδρου</span> <span class='ocrx_word' id='word_1_466' title='bbox 758 3039 907 3099; x_wconf 88' lang='lat' dir='ltr'>sationibus</span> <span class='ocrx_word' id='word_1_467' title='bbox 921 3039 1072 3121; x_wconf 89' lang='lat' dir='ltr'>impetitur,</span> <span class='ocrx_word' id='word_1_468' title='bbox 1086 3061 1139 3099; x_wconf 92' lang='lat' dir='ltr'>non</span> <span class='ocrx_word' id='word_1_469' title='bbox 1154 3039 1321 3119; x_wconf 85' lang='lat' dir='ltr'>invenitque</span> <span class='ocrx_word' id='word_1_470' title='bbox 1336 3055 1415 3122; x_wconf 87' lang='lat' dir='ltr'>pacto</span> <span class='ocrx_word' id='word_1_471' title='bbox 1431 3063 1505 3101; x_wconf 91' lang='lat' dir='ltr'>men·</span> 
     </span>
    </p>

    <p class='ocr_par' dir='ltr' id='par_1_17' title="bbox 53 3118 1505 3339">
     <span class='ocr_line' id='line_1_34' title="bbox 53 3118 1505 3202; baseline 0.001 -24"><span class='ocrx_word' id='word_1_472' title='bbox 53 3144 84 3188; x_wconf 75' lang='lat' dir='ltr'>res</span> <span class='ocrx_word' id='word_1_473' title='bbox 102 3120 137 3182; x_wconf 81' lang='lat' dir='ltr'>‘li</span> <span class='ocrx_word' id='word_1_474' title='bbox 150 3121 310 3198; x_wconf 79' lang='grc' dir='ltr'>ὑποκειμένη</span> <span class='ocrx_word' id='word_1_475' title='bbox 324 3131 378 3188; x_wconf 84' lang='grc' dir='ltr'>τοῖς</span> <span class='ocrx_word' id='word_1_476' title='bbox 396 3121 560 3201; x_wconf 80' lang='grc' dir='ltr'>ἐγκλήμασιν</span> <span class='ocrx_word' id='word_1_477' title='bbox 572 3125 622 3202; x_wconf 84' lang='grc' dir='ltr'>οὐχ</span> <span class='ocrx_word' id='word_1_478' title='bbox 635 3122 707 3202; x_wconf 84' lang='grc' dir='ltr'>εύρί-</span> <span class='ocrx_word' id='word_1_479' title='bbox 759 3119 848 3178; x_wconf 88' lang='lat' dir='ltr'>tiatnr.</span> <span class='ocrx_word' id='word_1_480' title='bbox 875 3119 967 3180; x_wconf 85' lang='lat' dir='ltr'>Solent</span> <span class='ocrx_word' id='word_1_481' title='bbox 991 3119 1064 3179; x_wconf 91' lang='lat' dir='ltr'>enim</span> <span class='ocrx_word' id='word_1_482' title='bbox 1087 3118 1204 3179; x_wconf 86' lang='lat' dir='ltr'>accusati</span> <span class='ocrx_word' id='word_1_483' title='bbox 1234 3141 1264 3178; x_wconf 82' lang='lat' dir='ltr'>ea</span> <span class='ocrx_word' id='word_1_484' title='bbox 1293 3141 1353 3198; x_wconf 76' lang='lat' dir='ltr'>quae</span> <span class='ocrx_word' id='word_1_485' title='bbox 1369 3141 1422 3180; x_wconf 91' lang='lat' dir='ltr'>non</span> <span class='ocrx_word' id='word_1_486' title='bbox 1442 3136 1505 3180; x_wconf 88' lang='lat' dir='ltr'>sunt</span> 
     </span>
     <span class='ocr_line' id='line_1_35' title="bbox 53 3198 1505 3339; baseline 0.001 -81"><span class='ocrx_word' id='word_1_487' title='bbox 53 3200 204 3339; x_wconf 66' lang='lat' dir='ltr'>perlucebat.</span> <span class='ocrx_word' id='word_1_488' title='bbox 216 3202 301 3260; x_wconf 82' lang='grc' dir='ltr'>Φιλον</span> <span class='ocrx_word' id='word_1_489' title='bbox 316 3200 367 3280; x_wconf 77' lang='grc' dir='ltr'>γὰρ</span> <span class='ocrx_word' id='word_1_490' title='bbox 380 3211 434 3269; x_wconf 86' lang='grc' dir='ltr'>τοῖς</span> <span class='ocrx_word' id='word_1_491' title='bbox 447 3201 648 3280; x_wconf 80' lang='grc' dir='ltr'>ἐγκαλουμένοις</span> <span class='ocrx_word' id='word_1_492' title='bbox 663 3203 709 3262; x_wconf 79' lang='grc' dir='ltr'>καὶ</span> <span class='ocrx_word' id='word_1_493' title='bbox 758 3198 940 3271; x_wconf 87' lang='lat' dir='ltr'>comminisci,</span> <span class='ocrx_word' id='word_1_494' title='bbox 958 3213 989 3258; x_wconf 90' lang='lat' dir='ltr'>ut</span> <span class='ocrx_word' id='word_1_495' title='bbox 1007 3200 1108 3258; x_wconf 88' lang='lat' dir='ltr'>crimen</span> <span class='ocrx_word' id='word_1_496' title='bbox 1126 3199 1266 3278; x_wconf 78' lang='lat' dir='ltr'>effugiant.</span> <span class='ocrx_word' id='word_1_497' title='bbox 1289 3203 1419 3259; x_wconf 81' lang='lat' dir='ltr'>Accusata</span> <span class='ocrx_word' id='word_1_498' title='bbox 1441 3221 1505 3281; x_wconf 86' lang='lat' dir='ltr'>ergo</span> 
     </span>
    </p>

    <p class='ocr_par' dir='ltr' id='par_1_18' title="bbox 60 3277 1504 3362">
     <span class='ocr_line' id='line_1_36' title="bbox 60 3277 1504 3362; baseline 0.001 -24"><span class='ocrx_word' id='word_1_499' title='bbox 60 3304 109 3339; x_wconf 92' lang='grc' dir='ltr'>ντα</span> <span class='ocrx_word' id='word_1_500' title='bbox 129 3282 290 3340; x_wconf 87' lang='grc' dir='ltr'>πλάττεσθαι</span> <span class='ocrx_word' id='word_1_501' title='bbox 304 3282 405 3362; x_wconf 82' lang='grc' dir='ltr'>πρδςά</span> <span class='ocrx_word' id='word_1_502' title='bbox 461 3279 525 3359; x_wconf 74' lang='grc' dir='ltr'>υγὴν</span> <span class='ocrx_word' id='word_1_503' title='bbox 539 3285 592 3341; x_wconf 88' lang='grc' dir='ltr'>τῶν</span> <span class='ocrx_word' id='word_1_504' title='bbox 609 3283 707 3360; x_wconf 83' lang='grc' dir='ltr'>ἐγκλη-</span> <span class='ocrx_word' id='word_1_505' title='bbox 759 3278 805 3338; x_wconf 86' lang='lat' dir='ltr'>illa</span> <span class='ocrx_word' id='word_1_506' title='bbox 820 3299 873 3338; x_wconf 90' lang='lat' dir='ltr'>non</span> <span class='ocrx_word' id='word_1_507' title='bbox 893 3278 997 3340; x_wconf 86' lang='lat' dir='ltr'>invenit</span> <span class='ocrx_word' id='word_1_508' title='bbox 1010 3277 1088 3337; x_wconf 91' lang='lat' dir='ltr'>aliud</span> <span class='ocrx_word' id='word_1_509' title='bbox 1101 3279 1276 3359; x_wconf 79' lang='lat' dir='ltr'>perfugium3</span> <span class='ocrx_word' id='word_1_510' title='bbox 1298 3292 1325 3337; x_wconf 91' lang='lat' dir='ltr'>et</span> <span class='ocrx_word' id='word_1_511' title='bbox 1341 3293 1371 3338; x_wconf 91' lang='lat' dir='ltr'>tu</span> <span class='ocrx_word' id='word_1_512' title='bbox 1385 3300 1428 3355; x_wconf 90' lang='lat' dir='ltr'>ea,</span> <span class='ocrx_word' id='word_1_513' title='bbox 1445 3301 1504 3358; x_wconf 77' lang='lat' dir='ltr'>quae</span> 
     </span>
    </p>

    <p class='ocr_par' dir='ltr' id='par_1_19' title="bbox 53 3305 1504 3577">
     <span class='ocr_line' id='line_1_37' title="bbox 53 3305 1504 3442; baseline -0.001 -22"><span class='ocrx_word' id='word_1_514' title='bbox 53 3359 88 3420; x_wconf 90' lang='grc' dir='ltr'><strong>Ἡ</strong></span> <span class='ocrx_word' id='word_1_515' title='bbox 101 3359 261 3440; x_wconf 74' lang='grc' dir='ltr'>ὑποκειμένη</span> <span class='ocrx_word' id='word_1_516' title='bbox 275 3350 319 3419; x_wconf 85' lang='grc' dir='ltr'>ούν</span> <span class='ocrx_word' id='word_1_517' title='bbox 330 3369 384 3426; x_wconf 87' lang='grc' dir='ltr'>τοῖς</span> <span class='ocrx_word' id='word_1_518' title='bbox 399 3305 564 3440; x_wconf 57' lang='grc' dir='ltr'>ἐπγύύήμασιν</span> <span class='ocrx_word' id='word_1_519' title='bbox 574 3364 624 3440; x_wconf 78' lang='grc' dir='ltr'>οὐχ</span> <span class='ocrx_word' id='word_1_520' title='bbox 635 3352 708 3442; x_wconf 78' lang='grc' dir='ltr'>εύρεν</span> <span class='ocrx_word' id='word_1_521' title='bbox 759 3357 800 3417; x_wconf 90' lang='grc'><strong>1111</strong></span> <span class='ocrx_word' id='word_1_522' title='bbox 811 3358 898 3439; x_wconf 78' lang='lat' dir='ltr'>culpe</span> <span class='ocrx_word' id='word_1_523' title='bbox 910 3358 1021 3417; x_wconf 90' lang='lat' dir='ltr'>obnoxii</span> <span class='ocrx_word' id='word_1_524' title='bbox 1033 3378 1085 3417; x_wconf 94' lang='lat' dir='ltr'>non</span> <span class='ocrx_word' id='word_1_525' title='bbox 1099 3359 1259 3432; x_wconf 87' lang='lat' dir='ltr'>attulerunt,</span> <span class='ocrx_word' id='word_1_526' title='bbox 1273 3357 1309 3417; x_wconf 90' lang='lat' dir='ltr'>ad</span> <span class='ocrx_word' id='word_1_527' title='bbox 1324 3361 1412 3418; x_wconf 88' lang='lat' dir='ltr'>Deum</span> <span class='ocrx_word' id='word_1_528' title='bbox 1427 3380 1504 3418; x_wconf 91' lang='lat' dir='ltr'>accu-</span> 
     </span>
     <span class='ocr_line' id='line_1_38' title="bbox 53 3436 1504 3577; baseline -0.01 -80"><span class='ocrx_word' id='word_1_529' title='bbox 53 3441 192 3520; x_wconf 82' lang='grc' dir='ltr'>ίποφυγήν·</span> <span class='ocrx_word' id='word_1_530' title='bbox 207 3441 253 3499; x_wconf 82' lang='grc' dir='ltr'>καὶ</span> <span class='ocrx_word' id='word_1_531' title='bbox 270 3439 318 3513; x_wconf 77' lang='grc' dir='ltr'>σὺ,</span> <span class='ocrx_word' id='word_1_532' title='bbox 326 3439 399 3577; x_wconf 58' lang='grc' dir='ltr'>ἐμὴ</span> <span class='ocrx_word' id='word_1_533' title='bbox 412 3440 595 3520; x_wconf 83' lang='grc' dir='ltr'>προσήνεγκαν</span> <span class='ocrx_word' id='word_1_534' title='bbox 615 3442 639 3499; x_wconf 82' lang='lat' dir='ltr'>oi</span> <span class='ocrx_word' id='word_1_535' title='bbox 659 3464 707 3544; x_wconf 39' lang='lat' dir='ltr'>xe:</span> <span class='ocrx_word' id='word_1_536' title='bbox 758 3436 873 3577; x_wconf 67' lang='lat' dir='ltr'>sandupp</span> <span class='ocrx_word' id='word_1_537' title='bbox 903 3437 1074 3575; x_wconf 63' lang='grc' dir='ltr'><strong>10113151ἑὸεά</strong></span> <span class='ocrx_word' id='word_1_538' title='bbox 1085 3459 1178 3577; x_wconf 76' lang='lat' dir='ltr'>ruCrsus</span> <span class='ocrx_word' id='word_1_539' title='bbox 1191 3436 1405 3576; x_wconf 73' lang='lat' dir='ltr'>addpropositum</span> <span class='ocrx_word' id='word_1_540' title='bbox 1416 3459 1504 3500; x_wconf 80' lang='lat' dir='ltr'>rerer.</span> 
     </span>
    </p>

    <p class='ocr_par' dir='ltr' id='par_1_20' title="bbox 178 3516 1455 3576">
     <span class='ocr_line' id='line_1_39' title="bbox 178 3516 1455 3576; baseline 0 0"><span class='ocrx_word' id='word_1_541' title='bbox 178 3520 186 3542; x_wconf 88' lang='lat'><em>&#39;</em></span> <span class='ocrx_word' id='word_1_542' title='bbox 380 3526 396 3539; x_wconf 82' lang='grc'><strong>”</strong></span> <span class='ocrx_word' id='word_1_543' title='bbox 544 3520 635 3557; x_wconf 88' lang='grc'>’·’</span> <span class='ocrx_word' id='word_1_544' title='bbox 804 3564 810 3576; x_wconf 94' lang='grc'><strong>.</strong></span> <span class='ocrx_word' id='word_1_545' title='bbox 911 3540 939 3576; x_wconf 89' lang='lat' dir='ltr'>m</span> <span class='ocrx_word' id='word_1_546' title='bbox 1014 3522 1092 3576; x_wconf 85' lang='lat' dir='ltr'>ie?</span> <span class='ocrx_word' id='word_1_547' title='bbox 1129 3516 1317 3576; x_wconf 89' lang='lat' dir='ltr'>umvirtoa</span> <span class='ocrx_word' id='word_1_548' title='bbox 1449 3517 1455 3530; x_wconf 80' lang='grc'><strong><em>’</em></strong></span> 
     </span>
    </p>

    <p class='ocr_par' dir='ltr' id='par_1_21' title="bbox 53 3522 1505 3678">
     <span class='ocr_line' id='line_1_40' title="bbox 53 3522 1505 3678; baseline -0.001 -19"><span class='ocrx_word' id='word_1_549' title='bbox 53 3523 601 3678; x_wconf 47' lang='lat' dir='ltr'>iliioiilsiiiireiiilciiilldarldiiipuisbil</span> <span class='ocrx_word' id='word_1_550' title='bbox 611 3522 708 3678; x_wconf 55' lang='lat' dir='ltr'>iiiii:</span> <span class='ocrx_word' id='word_1_551' title='bbox 758 3531 912 3674; x_wconf 71' lang='grc' dir='ltr'><strong>111151ευτ1σ,</strong></span> <span class='ocrx_word' id='word_1_552' title='bbox 938 3540 994 3656; x_wconf 65' lang='lat' dir='ltr'>rici</span> <span class='ocrx_word' id='word_1_553' title='bbox 1007 3539 1092 3657; x_wconf 83' lang='lat' dir='ltr'>ullaim</span> <span class='ocrx_word' id='word_1_554' title='bbox 1111 3597 1233 3678; x_wconf 83' lang='lat' dir='ltr'>peccanti</span> <span class='ocrx_word' id='word_1_555' title='bbox 1256 3533 1505 3673; x_wconf 53' lang='grc' dir='ltr'>ἱυύενερίύύύύίύιύιῗ</span> 
     </span>
    </p>

    <p class='ocr_par' dir='ltr' id='par_1_22' title="bbox 58 3671 1501 3769">
     <span class='ocr_line' id='line_1_41' title="bbox 58 3671 1501 3769; baseline -0.001 -31"><span class='ocrx_word' id='word_1_556' title='bbox 58 3679 152 3740; x_wconf 86' lang='grc' dir='ltr'>Ἐπειδ</span> <span class='ocrx_word' id='word_1_557' title='bbox 185 3671 261 3751; x_wconf 80' lang='grc' dir='ltr'>εἶδεν,</span> <span class='ocrx_word' id='word_1_558' title='bbox 276 3680 317 3738; x_wconf 80' lang='grc' dir='ltr'>ὅτι</span> <span class='ocrx_word' id='word_1_559' title='bbox 330 3687 384 3745; x_wconf 84' lang='grc' dir='ltr'>τοῖς</span> <span class='ocrx_word' id='word_1_560' title='bbox 398 3679 579 3760; x_wconf 81' lang='grc' dir='ltr'>ἁμαρτάνουσι</span> <span class='ocrx_word' id='word_1_561' title='bbox 592 3678 706 3760; x_wconf 88' lang='grc' dir='ltr'>φράττε-</span> <span class='ocrx_word' id='word_1_562' title='bbox 758 3676 947 3769; x_wconf 67' lang='lat' dir='ltr'>interrogantis</span> <span class='ocrx_word' id='word_1_563' title='bbox 965 3698 1039 3736; x_wconf 88' lang='lat' dir='ltr'>more</span> <span class='ocrx_word' id='word_1_564' title='bbox 1053 3677 1125 3737; x_wconf 89' lang='lat' dir='ltr'>viam</span> <span class='ocrx_word' id='word_1_565' title='bbox 1144 3676 1195 3767; x_wconf 87' lang='lat' dir='ltr'>ipsi</span> <span class='ocrx_word' id='word_1_566' title='bbox 1211 3677 1390 3736; x_wconf 81' lang='lat' dir='ltr'>excusationis</span> <span class='ocrx_word' id='word_1_567' title='bbox 1405 3679 1501 3759; x_wconf 89' lang='lat' dir='ltr'>aperit.</span> 
     </span>
    </p>

    <p class='ocr_par' dir='ltr' id='par_1_23' title="bbox 53 3755 1503 3840">
     <span class='ocr_line' id='line_1_42' title="bbox 53 3755 1503 3840; baseline -0.002 -22"><span class='ocrx_word' id='word_1_568' title='bbox 53 3760 181 3839; x_wconf 76' lang='grc' dir='ltr'>πόματα,</span> <span class='ocrx_word' id='word_1_569' title='bbox 200 3760 244 3818; x_wconf 79' lang='grc' dir='ltr'>καὶ</span> <span class='ocrx_word' id='word_1_570' title='bbox 261 3763 308 3818; x_wconf 86' lang='grc' dir='ltr'>οὐκ</span> <span class='ocrx_word' id='word_1_571' title='bbox 321 3758 378 3837; x_wconf 74' lang='lat' dir='ltr'>lyei</span> <span class='ocrx_word' id='word_1_572' title='bbox 391 3758 541 3840; x_wconf 74' lang='grc' dir='ltr'>παρρησίαν</span> <span class='ocrx_word' id='word_1_573' title='bbox 555 3764 568 3818; x_wconf 83' lang='grc' dir='ltr'>ὁ</span> <span class='ocrx_word' id='word_1_574' title='bbox 582 3759 707 3840; x_wconf 78' lang='grc' dir='ltr'>ἁμαρτά·</span> <span class='ocrx_word' id='word_1_575' title='bbox 759 3759 953 3817; x_wconf 83' lang='lat' dir='ltr'>Praevarrcatus</span> <span class='ocrx_word' id='word_1_576' title='bbox 969 3778 1012 3815; x_wconf 91' lang='lat' dir='ltr'>me</span> <span class='ocrx_word' id='word_1_577' title='bbox 1024 3756 1178 3831; x_wconf 74' lang='lat' dir='ltr'>occultant,</span> <span class='ocrx_word' id='word_1_578' title='bbox 1193 3755 1284 3814; x_wconf 89' lang='lat' dir='ltr'>audita</span> <span class='ocrx_word' id='word_1_579' title='bbox 1300 3769 1345 3814; x_wconf 92' lang='lat' dir='ltr'>tua</span> <span class='ocrx_word' id='word_1_580' title='bbox 1350 3800 1359 3831; x_wconf 99' lang='lat'>,</span> <span class='ocrx_word' id='word_1_581' title='bbox 1375 3757 1503 3829; x_wconf 92' lang='lat' dir='ltr'>Domine,</span> 
     </span>
    </p>

    <p class='ocr_par' dir='ltr' id='par_1_24' title="bbox 57 3828 1504 3920">
     <span class='ocr_line' id='line_1_43' title="bbox 57 3828 1504 3920; baseline -0.004 -20"><span class='ocrx_word' id='word_1_582' title='bbox 57 3841 178 3920; x_wconf 60' lang='grc' dir='ltr'>σμήματι</span> <span class='ocrx_word' id='word_1_583' title='bbox 200 3844 247 3910; x_wconf 75' lang='grc' dir='ltr'>τῆς</span> <span class='ocrx_word' id='word_1_584' title='bbox 271 3828 423 3920; x_wconf 76' lang='grc' dir='ltr'>ἐρωτήσεως</span> <span class='ocrx_word' id='word_1_585' title='bbox 444 3838 542 3919; x_wconf 84' lang='grc' dir='ltr'>ἀνοίγει</span> <span class='ocrx_word' id='word_1_586' title='bbox 560 3842 631 3919; x_wconf 81' lang='grc' dir='ltr'>αύτῷ</span> <span class='ocrx_word' id='word_1_587' title='bbox 650 3838 708 3898; x_wconf 86' lang='grc' dir='ltr'>δδὸν</span> <span class='ocrx_word' id='word_1_588' title='bbox 757 3837 936 3915; x_wconf 79' lang='lat' dir='ltr'>benignitate,</span> <span class='ocrx_word' id='word_1_589' title='bbox 950 3834 986 3894; x_wconf 89' lang='lat' dir='ltr'>ad</span> <span class='ocrx_word' id='word_1_590' title='bbox 1002 3856 1045 3895; x_wconf 93' lang='lat' dir='ltr'>me</span> <span class='ocrx_word' id='word_1_591' title='bbox 1066 3833 1251 3893; x_wconf 87' lang='lat' dir='ltr'>excusandum</span> <span class='ocrx_word' id='word_1_592' title='bbox 1263 3835 1371 3893; x_wconf 90' lang='lat' dir='ltr'>accessi.</span> <span class='ocrx_word' id='word_1_593' title='bbox 1389 3835 1425 3894; x_wconf 85' lang='lat' dir='ltr'>Et</span> <span class='ocrx_word' id='word_1_594' title='bbox 1441 3835 1504 3894; x_wconf 88' lang='lat' dir='ltr'>vide</span> 
     </span>
    </p>

    <p class='ocr_par' dir='ltr' id='par_1_25' title="bbox 52 3913 1503 3999">
     <span class='ocr_line' id='line_1_44' title="bbox 52 3913 1503 3999; baseline -0.005 -20"><span class='ocrx_word' id='word_1_595' title='bbox 52 3944 91 3986; x_wconf 84' lang='grc' dir='ltr'>ας.</span> <span class='ocrx_word' id='word_1_596' title='bbox 112 3918 243 3999; x_wconf 80' lang='grc' dir='ltr'>Παφαύὰς</span> <span class='ocrx_word' id='word_1_597' title='bbox 262 3918 387 3998; x_wconf 82' lang='grc' dir='ltr'>έκρύύην·</span> <span class='ocrx_word' id='word_1_598' title='bbox 409 3916 523 3985; x_wconf 88' lang='grc' dir='ltr'>ἀκούσας</span> <span class='ocrx_word' id='word_1_599' title='bbox 547 3921 594 3989; x_wconf 78' lang='grc' dir='ltr'>τῆς</span> <span class='ocrx_word' id='word_1_600' title='bbox 616 3920 706 3997; x_wconf 87' lang='grc' dir='ltr'>φιλαν-</span> <span class='ocrx_word' id='word_1_601' title='bbox 755 3918 860 3997; x_wconf 87' lang='lat' dir='ltr'>justum</span> <span class='ocrx_word' id='word_1_602' title='bbox 876 3915 1008 3977; x_wconf 83' lang='lat' dir='ltr'>Judicem.</span> <span class='ocrx_word' id='word_1_603' title='bbox 1028 3917 1088 3974; x_wconf 90' lang='lat' dir='ltr'>Non</span> <span class='ocrx_word' id='word_1_604' title='bbox 1103 3914 1193 3973; x_wconf 84' lang='lat' dir='ltr'>statim</span> <span class='ocrx_word' id='word_1_605' title='bbox 1212 3913 1348 3972; x_wconf 87' lang='lat' dir='ltr'>examinat</span> <span class='ocrx_word' id='word_1_606' title='bbox 1371 3935 1430 3972; x_wconf 83' lang='lat' dir='ltr'>eam</span> <span class='ocrx_word' id='word_1_607' title='bbox 1444 3936 1503 3993; x_wconf 82' lang='lat' dir='ltr'>quae</span> 
     </span>
    </p>

    <p class='ocr_par' dir='ltr' id='par_1_26' title="bbox 53 3992 1503 4078">
     <span class='ocr_line' id='line_1_45' title="bbox 53 3992 1503 4078; baseline -0.005 -19"><span class='ocrx_word' id='word_1_608' title='bbox 53 4026 56 4064; x_wconf 84' lang='lat'>:</span> <span class='ocrx_word' id='word_1_609' title='bbox 82 4004 129 4069; x_wconf 85' lang='grc' dir='ltr'>τῆς</span> <span class='ocrx_word' id='word_1_610' title='bbox 152 4003 219 4070; x_wconf 80' lang='grc' dir='ltr'>σῆς,</span> <span class='ocrx_word' id='word_1_611' title='bbox 241 3998 378 4072; x_wconf 85' lang='grc' dir='ltr'>Δέσποτα,</span> <span class='ocrx_word' id='word_1_612' title='bbox 405 3998 471 4077; x_wconf 84' lang='grc' dir='ltr'>πρὸς</span> <span class='ocrx_word' id='word_1_613' title='bbox 495 3997 543 4070; x_wconf 70' lang='grc' dir='ltr'>τήν</span> <span class='ocrx_word' id='word_1_614' title='bbox 565 3998 708 4078; x_wconf 83' lang='grc' dir='ltr'>ἀπολογίαν</span> <span class='ocrx_word' id='word_1_615' title='bbox 758 4007 896 4077; x_wconf 89' lang='lat' dir='ltr'>peccarat,</span> <span class='ocrx_word' id='word_1_616' title='bbox 909 3993 955 4053; x_wconf 85' lang='lat' dir='ltr'>sed</span> <span class='ocrx_word' id='word_1_617' title='bbox 970 4015 1030 4052; x_wconf 91' lang='lat' dir='ltr'>eum</span> <span class='ocrx_word' id='word_1_618' title='bbox 1044 3993 1092 4070; x_wconf 87' lang='lat' dir='ltr'>qui</span> <span class='ocrx_word' id='word_1_619' title='bbox 1105 3992 1234 4072; x_wconf 92' lang='lat' dir='ltr'>deceptus</span> <span class='ocrx_word' id='word_1_620' title='bbox 1246 3993 1352 4051; x_wconf 86' lang='lat' dir='ltr'>suerat·</span> <span class='ocrx_word' id='word_1_621' title='bbox 1368 4007 1395 4052; x_wconf 91' lang='lat' dir='ltr'>et</span> <span class='ocrx_word' id='word_1_622' title='bbox 1407 3994 1503 4054; x_wconf 89' lang='lat' dir='ltr'>merito</span> 
     </span>
    </p>

    <p class='ocr_par' dir='ltr' id='par_1_27' title="bbox 53 4070 1503 4157">
     <span class='ocr_line' id='line_1_46' title="bbox 53 4070 1503 4157; baseline -0.003 -20"><span class='ocrx_word' id='word_1_623' title='bbox 53 4103 78 4139; x_wconf 83' lang='lat' dir='ltr'>u.</span> <span class='ocrx_word' id='word_1_624' title='bbox 98 4079 150 4138; x_wconf 81' lang='grc' dir='ltr'>Καὶ</span> <span class='ocrx_word' id='word_1_625' title='bbox 169 4079 250 4157; x_wconf 85' lang='grc' dir='ltr'>βλέπε</span> <span class='ocrx_word' id='word_1_626' title='bbox 263 4080 307 4138; x_wconf 82' lang='grc' dir='ltr'>τὸν</span> <span class='ocrx_word' id='word_1_627' title='bbox 322 4077 512 4157; x_wconf 88' lang='grc' dir='ltr'>δικαιοκριτήν.</span> <span class='ocrx_word' id='word_1_628' title='bbox 524 4079 584 4136; x_wconf 84' lang='grc' dir='ltr'>Οὐκ</span> <span class='ocrx_word' id='word_1_629' title='bbox 596 4075 709 4146; x_wconf 76' lang='grc' dir='ltr'>ἐξετάζει</span> <span class='ocrx_word' id='word_1_630' title='bbox 758 4073 882 4154; x_wconf 88' lang='lat' dir='ltr'>quidem;</span> <span class='ocrx_word' id='word_1_631' title='bbox 895 4095 957 4133; x_wconf 91' lang='lat' dir='ltr'>narn</span> <span class='ocrx_word' id='word_1_632' title='bbox 971 4073 1080 4152; x_wconf 84' lang='lat' dir='ltr'>gravius</span> <span class='ocrx_word' id='word_1_633' title='bbox 1090 4072 1185 4130; x_wconf 84' lang='lat' dir='ltr'>suisset</span> <span class='ocrx_word' id='word_1_634' title='bbox 1193 4070 1343 4151; x_wconf 84' lang='lat' dir='ltr'>judicium,</span> <span class='ocrx_word' id='word_1_635' title='bbox 1357 4073 1379 4131; x_wconf 91' lang='lat' dir='ltr'>si</span> <span class='ocrx_word' id='word_1_636' title='bbox 1391 4094 1406 4130; x_wconf 93' lang='lat' dir='ltr'>a</span> <span class='ocrx_word' id='word_1_637' title='bbox 1420 4074 1503 4133; x_wconf 88' lang='lat' dir='ltr'>noxia</span> 
     </span>
    </p>

    <p class='ocr_par' dir='ltr' id='par_1_28' title="bbox 53 4150 1501 4320">
     <span class='ocr_line' id='line_1_47' title="bbox 53 4150 1501 4239; baseline -0.004 -22"><span class='ocrx_word' id='word_1_638' title='bbox 53 4158 92 4231; x_wconf 71' lang='lat' dir='ltr'>:lp</span> <span class='ocrx_word' id='word_1_639' title='bbox 107 4158 309 4239; x_wconf 80' lang='grc' dir='ltr'>ἀμαρτήσασαν,</span> <span class='ocrx_word' id='word_1_640' title='bbox 328 4156 396 4217; x_wconf 82' lang='grc' dir='ltr'>ἀλλά</span> <span class='ocrx_word' id='word_1_641' title='bbox 408 4158 453 4216; x_wconf 82' lang='grc' dir='ltr'>τὸν</span> <span class='ocrx_word' id='word_1_642' title='bbox 463 4155 631 4228; x_wconf 80' lang='grc' dir='ltr'>ἀπατηθέντα</span> <span class='ocrx_word' id='word_1_643' title='bbox 643 4181 650 4194; x_wconf 91' lang='grc'>·</span> <span class='ocrx_word' id='word_1_644' title='bbox 663 4155 708 4216; x_wconf 72' lang='grc' dir='ltr'>καὶ</span> <span class='ocrx_word' id='word_1_645' title='bbox 758 4154 871 4214; x_wconf 85' lang='lat' dir='ltr'>muliere</span> <span class='ocrx_word' id='word_1_646' title='bbox 884 4153 1015 4234; x_wconf 82' lang='lat' dir='ltr'>coepisset.</span> <span class='ocrx_word' id='word_1_647' title='bbox 1032 4155 1136 4212; x_wconf 83' lang='lat' dir='ltr'>Verum</span> <span class='ocrx_word' id='word_1_648' title='bbox 1156 4150 1251 4232; x_wconf 92' lang='lat' dir='ltr'>incipit</span> <span class='ocrx_word' id='word_1_649' title='bbox 1268 4151 1303 4210; x_wconf 86' lang='lat' dir='ltr'>ab</span> <span class='ocrx_word' id='word_1_650' title='bbox 1322 4152 1412 4231; x_wconf 83' lang='lat' dir='ltr'>coqui</span> <span class='ocrx_word' id='word_1_651' title='bbox 1427 4166 1501 4232; x_wconf 91' lang='lat' dir='ltr'>pote-</span> 
     </span>
     <span class='ocr_line' id='line_1_48' title="bbox 53 4230 1501 4320; baseline -0.002 -25"><span class='ocrx_word' id='word_1_652' title='bbox 53 4238 217 4320; x_wconf 85' lang='grc' dir='ltr'>·βαρύτερον</span> <span class='ocrx_word' id='word_1_653' title='bbox 227 4237 279 4317; x_wconf 85' lang='grc' dir='ltr'>γδιρ</span> <span class='ocrx_word' id='word_1_654' title='bbox 294 4237 324 4295; x_wconf 84' lang='grc' dir='ltr'>διν</span> <span class='ocrx_word' id='word_1_655' title='bbox 339 4235 442 4315; x_wconf 87' lang='grc' dir='ltr'>ἐγένετο</span> <span class='ocrx_word' id='word_1_656' title='bbox 453 4237 484 4296; x_wconf 83' lang='grc' dir='ltr'>τὸ</span> <span class='ocrx_word' id='word_1_657' title='bbox 495 4235 673 4316; x_wconf 86' lang='grc' dir='ltr'>δικαστήριον,</span> <span class='ocrx_word' id='word_1_658' title='bbox 685 4239 707 4294; x_wconf 77' lang='grc' dir='ltr'>εἰ</span> <span class='ocrx_word' id='word_1_659' title='bbox 757 4248 799 4294; x_wconf 88' lang='lat' dir='ltr'>rat</span> <span class='ocrx_word' id='word_1_660' title='bbox 837 4254 931 4293; x_wconf 87' lang='lat' dir='ltr'>arvam</span> <span class='ocrx_word' id='word_1_661' title='bbox 953 4232 1048 4292; x_wconf 91' lang='lat' dir='ltr'>saltem</span> <span class='ocrx_word' id='word_1_662' title='bbox 1062 4230 1183 4290; x_wconf 89' lang='lat' dir='ltr'>invenire</span> <span class='ocrx_word' id='word_1_663' title='bbox 1204 4231 1420 4300; x_wconf 89' lang='lat' dir='ltr'>excusationem,</span> <span class='ocrx_word' id='word_1_664' title='bbox 1436 4231 1501 4309; x_wconf 90' lang='lat' dir='ltr'>quia</span> 
     </span>
    </p>

    <p class='ocr_par' dir='ltr' id='par_1_29' title="bbox 53 4256 840 4400">
     <span class='ocr_line' id='line_1_49' title="bbox 53 4256 840 4400; baseline -0.005 -24"><span class='ocrx_word' id='word_1_665' title='bbox 53 4318 149 4377; x_wconf 80' lang='grc' dir='ltr'>υδύνων</span> <span class='ocrx_word' id='word_1_666' title='bbox 160 4321 264 4400; x_wconf 83' lang='grc' dir='ltr'>πρῶτον</span> <span class='ocrx_word' id='word_1_667' title='bbox 277 4317 372 4396; x_wconf 77' lang='grc' dir='ltr'>ἥψατο.</span> <span class='ocrx_word' id='word_1_668' title='bbox 389 4316 457 4375; x_wconf 78' lang='grc' dir='ltr'>Ἀλλ’</span> <span class='ocrx_word' id='word_1_669' title='bbox 472 4316 585 4396; x_wconf 80' lang='grc' dir='ltr'>ἄρχεται</span> <span class='ocrx_word' id='word_1_670' title='bbox 596 4316 648 4376; x_wconf 86' lang='grc' dir='ltr'>ἀπὸ</span> <span class='ocrx_word' id='word_1_671' title='bbox 661 4321 706 4375; x_wconf 80' lang='grc' dir='ltr'>τοῦ</span> <span class='ocrx_word' id='word_1_672' title='bbox 722 4324 741 4370; x_wconf 87' lang='lat' dir='ltr'>D</span> <span class='ocrx_word' id='word_1_673' title='bbox 757 4315 793 4373; x_wconf 88' lang='lat' dir='ltr'>ab</span> <span class='ocrx_word' id='word_1_674' title='bbox 805 4256 840 4372; x_wconf 73' lang='lat' dir='ltr'>ai</span> 
     </span>
    </p>
   </div>
   <div class='ocr_carea' id='block_1_3' title="bbox 1593 1481 1652 1541">
    <p class='ocr_par' dir='ltr' id='par_1_30' title="bbox 1593 1481 1652 1541">
     <span class='ocr_line' id='line_1_50' title="bbox 1593 1481 1652 1541; baseline -0.051 -16"><span class='ocrx_word' id='word_1_675' title='bbox 1593 1481 1652 1541; x_wconf 84' lang='lat'><strong>3.9.</strong></span> 
     </span>
    </p>
   </div>
   <div class='ocr_carea' id='block_1_4' title="bbox 53 4311 1532 5111">
    <p class='ocr_par' dir='ltr' id='par_1_31' title="bbox 53 4311 1532 5111">
     <span class='ocr_line' id='line_1_51' title="bbox 833 4311 1507 4394; baseline -0.003 -21"><span class='ocrx_word' id='word_1_676' title='bbox 833 4335 858 4373; x_wconf 88' lang='lat' dir='ltr'>ta</span> <span class='ocrx_word' id='word_1_677' title='bbox 872 4333 983 4394; x_wconf 81' lang='lat' dir='ltr'>persam</span> <span class='ocrx_word' id='word_1_678' title='bbox 997 4311 1122 4390; x_wconf 85' lang='lat' dir='ltr'>deceptus</span> <span class='ocrx_word' id='word_1_679' title='bbox 1135 4311 1230 4369; x_wconf 86' lang='lat' dir='ltr'>fuerat.</span> <span class='ocrx_word' id='word_1_680' title='bbox 1250 4314 1273 4369; x_wconf 83' lang='grc' dir='ltr'><strong>Α</strong></span> <span class='ocrx_word' id='word_1_681' title='bbox 1288 4311 1347 4370; x_wconf 92' lang='lat' dir='ltr'>viro</span> <span class='ocrx_word' id='word_1_682' title='bbox 1363 4311 1452 4392; x_wconf 88' lang='lat' dir='ltr'>itaque</span> <span class='ocrx_word' id='word_1_683' title='bbox 1465 4311 1507 4371; x_wconf 80' lang='lat' dir='ltr'>ad·</span> 
     </span>
     <span class='ocr_line' id='line_1_52' title="bbox 53 4389 1500 4477; baseline -0.005 -19"><span class='ocrx_word' id='word_1_684' title='bbox 53 4422 80 4458; x_wconf 81' lang='lat' dir='ltr'>m</span> <span class='ocrx_word' id='word_1_685' title='bbox 103 4397 152 4456; x_wconf 86' lang='grc' dir='ltr'>κάν</span> <span class='ocrx_word' id='word_1_686' title='bbox 174 4398 270 4476; x_wconf 78' lang='grc' dir='ltr'>μικράν</span> <span class='ocrx_word' id='word_1_687' title='bbox 294 4400 377 4477; x_wconf 81' lang='grc' dir='ltr'>εὑρεῖν</span> <span class='ocrx_word' id='word_1_688' title='bbox 402 4395 557 4475; x_wconf 83' lang='grc' dir='ltr'>ἀπολογίαν,</span> <span class='ocrx_word' id='word_1_689' title='bbox 579 4395 620 4455; x_wconf 84' lang='grc' dir='ltr'>ὅτι</span> <span class='ocrx_word' id='word_1_690' title='bbox 642 4400 705 4472; x_wconf 85' lang='grc' dir='ltr'>παρ’</span> <span class='ocrx_word' id='word_1_691' title='bbox 757 4393 898 4453; x_wconf 87' lang='lat' dir='ltr'>mulierem</span> <span class='ocrx_word' id='word_1_692' title='bbox 910 4390 1047 4472; x_wconf 88' lang='lat' dir='ltr'>procedit,</span> <span class='ocrx_word' id='word_1_693' title='bbox 1069 4403 1095 4449; x_wconf 93' lang='lat' dir='ltr'>et</span> <span class='ocrx_word' id='word_1_694' title='bbox 1116 4389 1204 4448; x_wconf 85' lang='lat' dir='ltr'>dicit:</span> <span class='ocrx_word' id='word_1_695' title='bbox 1220 4391 1281 4448; x_wconf 84' lang='lat' dir='ltr'>Cur</span> <span class='ocrx_word' id='word_1_696' title='bbox 1300 4390 1500 4472; x_wconf 80' lang='lat' dir='ltr'>hocfecistr’?</span> 
     </span>
     <span class='ocr_line' id='line_1_53' title="bbox 53 4468 1532 4559; baseline -0.004 -24"><span class='ocrx_word' id='word_1_697' title='bbox 53 4475 284 4559; x_wconf 59' lang='lat' dir='ltr'>perdescendere</span> <span class='ocrx_word' id='word_1_698' title='bbox 298 4475 542 4543; x_wconf 78' lang='grc' dir='ltr'>ἐδέξατο.’λττδτοῦ</span> <span class='ocrx_word' id='word_1_699' title='bbox 556 4475 648 4556; x_wconf 78' lang='grc' dir='ltr'>ἀνδρὸς</span> <span class='ocrx_word' id='word_1_700' title='bbox 660 4470 705 4535; x_wconf 77' lang='grc' dir='ltr'>οὗν</span> <span class='ocrx_word' id='word_1_701' title='bbox 757 4471 911 4555; x_wconf 86' lang='lat' dir='ltr'>Respondet</span> <span class='ocrx_word' id='word_1_702' title='bbox 933 4470 980 4529; x_wconf 82' lang='lat' dir='ltr'>itta</span> <span class='ocrx_word' id='word_1_703' title='bbox 1001 4468 1117 4529; x_wconf 88' lang='lat' dir='ltr'>Domino</span> <span class='ocrx_word' id='word_1_704' title='bbox 1137 4493 1144 4524; x_wconf 92' lang='lat'><strong>:</strong></span> <span class='ocrx_word' id='word_1_705' title='bbox 1166 4469 1286 4548; x_wconf 84' lang='lat' dir='ltr'>Serpens</span> <span class='ocrx_word' id='word_1_706' title='bbox 1309 4471 1421 4551; x_wconf 82' lang='lat' dir='ltr'>decepit</span> <span class='ocrx_word' id='word_1_707' title='bbox 1444 4492 1498 4530; x_wconf 91' lang='lat' dir='ltr'>me.</span> <span class='ocrx_word' id='word_1_708' title='bbox 1528 4514 1532 4529; x_wconf 47' lang='grc' dir='ltr'>τ</span> 
     </span>
     <span class='ocr_line' id='line_1_54' title="bbox 54 4546 1508 4638; baseline -0.004 -25"><span class='ocrx_word' id='word_1_709' title='bbox 54 4567 165 4635; x_wconf 86' lang='grc' dir='ltr'>γυναῖκα</span> <span class='ocrx_word' id='word_1_710' title='bbox 176 4565 272 4638; x_wconf 75' lang='grc' dir='ltr'>χωρεῖ,</span> <span class='ocrx_word' id='word_1_711' title='bbox 285 4555 331 4614; x_wconf 78' lang='grc' dir='ltr'>καὶ</span> <span class='ocrx_word' id='word_1_712' title='bbox 340 4556 426 4634; x_wconf 87' lang='grc' dir='ltr'>λέγει·</span> <span class='ocrx_word' id='word_1_713' title='bbox 439 4554 464 4614; x_wconf 84' lang='grc' dir='ltr'>τί</span> <span class='ocrx_word' id='word_1_714' title='bbox 476 4561 552 4614; x_wconf 82' lang='grc' dir='ltr'>τοῦτο</span> <span class='ocrx_word' id='word_1_715' title='bbox 563 4556 705 4627; x_wconf 77' lang='grc' dir='ltr'>ἐποίησαςς</span> <span class='ocrx_word' id='word_1_716' title='bbox 756 4554 870 4634; x_wconf 88' lang='lat' dir='ltr'>Serpens</span> <span class='ocrx_word' id='word_1_717' title='bbox 890 4549 1015 4630; x_wconf 86' lang='lat' dir='ltr'>decepit?</span> <span class='ocrx_word' id='word_1_718' title='bbox 1036 4546 1154 4609; x_wconf 88' lang='lat' dir='ltr'>Fallacia</span> <span class='ocrx_word' id='word_1_719' title='bbox 1176 4549 1205 4607; x_wconf 92' lang='lat' dir='ltr'>in</span> <span class='ocrx_word' id='word_1_720' title='bbox 1228 4551 1426 4609; x_wconf 84' lang='lat' dir='ltr'>excusationem</span> <span class='ocrx_word' id='word_1_721' title='bbox 1445 4550 1508 4608; x_wconf 55' lang='lat' dir='ltr'>ad-,</span> 
     </span>
     <span class='ocr_line' id='line_1_55' title="bbox 54 4627 1498 4714; baseline -0.006 -19"><span class='ocrx_word' id='word_1_722' title='bbox 54 4636 97 4707; x_wconf 84' lang='grc' dir='ltr'>ρδς</span> <span class='ocrx_word' id='word_1_723' title='bbox 110 4636 154 4695; x_wconf 72' lang='grc' dir='ltr'>τὀν</span> <span class='ocrx_word' id='word_1_724' title='bbox 169 4635 260 4695; x_wconf 86' lang='grc' dir='ltr'>Δεσπ’</span> <span class='ocrx_word' id='word_1_725' title='bbox 295 4658 324 4692; x_wconf 91' lang='grc' dir='ltr'>ν·</span> <span class='ocrx_word' id='word_1_726' title='bbox 338 4635 372 4694; x_wconf 90' lang='grc' dir='ltr'><strong>Ὁ</strong></span> <span class='ocrx_word' id='word_1_727' title='bbox 396 4635 454 4714; x_wconf 84' lang='grc' dir='ltr'>δφις</span> <span class='ocrx_word' id='word_1_728' title='bbox 474 4633 597 4705; x_wconf 83' lang='grc' dir='ltr'>ἠπάτησέ</span> <span class='ocrx_word' id='word_1_729' title='bbox 612 4658 655 4711; x_wconf 89' lang='grc' dir='ltr'>με.</span> <span class='ocrx_word' id='word_1_730' title='bbox 670 4634 704 4695; x_wconf 89' lang='grc' dir='ltr'>Ὁ</span> <span class='ocrx_word' id='word_1_731' title='bbox 755 4632 837 4692; x_wconf 89' lang='lat' dir='ltr'>missa</span> <span class='ocrx_word' id='word_1_732' title='bbox 850 4630 960 4706; x_wconf 85' lang='lat' dir='ltr'>suisset,</span> <span class='ocrx_word' id='word_1_733' title='bbox 983 4629 1035 4688; x_wconf 89' lang='lat' dir='ltr'>nisi</span> <span class='ocrx_word' id='word_1_734' title='bbox 1055 4627 1188 4710; x_wconf 77' lang='lat' dir='ltr'>praevium</span> <span class='ocrx_word' id='word_1_735' title='bbox 1209 4643 1372 4709; x_wconf 71' lang='lat' dir='ltr'>praeceptum</span> <span class='ocrx_word' id='word_1_736' title='bbox 1390 4628 1498 4711; x_wconf 80' lang='lat' dir='ltr'>errandi</span> 
     </span>
     <span class='ocr_line' id='line_1_56' title="bbox 53 4658 1498 4795; baseline -0.006 -19"><span class='ocrx_word' id='word_1_737' title='bbox 53 4716 145 4788; x_wconf 87' lang='grc' dir='ltr'>άτησε;</span> <span class='ocrx_word' id='word_1_738' title='bbox 158 4658 337 4795; x_wconf 67' lang='grc' dir='ltr'>Χώρα1111γεν</span> <span class='ocrx_word' id='word_1_739' title='bbox 354 4719 370 4786; x_wconf 72' lang='grc' dir='ltr'>ἡ</span> <span class='ocrx_word' id='word_1_740' title='bbox 385 4714 491 4787; x_wconf 81' lang='grc' dir='ltr'>ἀπάτη,</span> <span class='ocrx_word' id='word_1_741' title='bbox 503 4716 525 4773; x_wconf 86' lang='grc' dir='ltr'>εἷ</span> <span class='ocrx_word' id='word_1_742' title='bbox 542 4714 579 4791; x_wconf 77' lang='grc' dir='ltr'>μὴ</span> <span class='ocrx_word' id='word_1_743' title='bbox 600 4717 703 4795; x_wconf 90' lang='grc' dir='ltr'>προλα-</span> <span class='ocrx_word' id='word_1_744' title='bbox 755 4711 828 4771; x_wconf 91' lang='lat' dir='ltr'>viam</span> <span class='ocrx_word' id='word_1_745' title='bbox 849 4710 1002 4783; x_wconf 76' lang='lat' dir='ltr'>clausissct3</span> <span class='ocrx_word' id='word_1_746' title='bbox 1018 4707 1071 4767; x_wconf 89' lang='lat' dir='ltr'>nisi</span> <span class='ocrx_word' id='word_1_747' title='bbox 1091 4706 1241 4783; x_wconf 85' lang='lat' dir='ltr'>dixissem,</span> <span class='ocrx_word' id='word_1_748' title='bbox 1263 4712 1301 4767; x_wconf 83' lang='lat' dir='ltr'>Iu</span> <span class='ocrx_word' id='word_1_749' title='bbox 1315 4729 1498 4790; x_wconf 85' lang='lat' dir='ltr'>quacumque</span> 
     </span>
     <span class='ocr_line' id='line_1_57' title="bbox 69 4788 1495 4875; baseline -0.007 -20"><span class='ocrx_word' id='word_1_750' title='bbox 69 4796 160 4867; x_wconf 78' lang='grc' dir='ltr'>ἐντολὴ</span> <span class='ocrx_word' id='word_1_751' title='bbox 180 4795 320 4855; x_wconf 83' lang='grc' dir='ltr'>ἀπέκλεισε</span> <span class='ocrx_word' id='word_1_752' title='bbox 334 4794 383 4867; x_wconf 74' lang='grc' dir='ltr'>τήν</span> <span class='ocrx_word' id='word_1_753' title='bbox 400 4794 519 4867; x_wconf 88' lang='grc' dir='ltr'>πλάνην·</span> <span class='ocrx_word' id='word_1_754' title='bbox 534 4797 558 4852; x_wconf 84' lang='lat' dir='ltr'>el</span> <span class='ocrx_word' id='word_1_755' title='bbox 569 4793 606 4870; x_wconf 77' lang='grc' dir='ltr'>μὴ</span> <span class='ocrx_word' id='word_1_756' title='bbox 624 4795 704 4875; x_wconf 85' lang='grc' dir='ltr'>έρθην</span> <span class='ocrx_word' id='word_1_757' title='bbox 756 4795 804 4851; x_wconf 78' lang='lat' dir='ltr'>die</span> <span class='ocrx_word' id='word_1_758' title='bbox 825 4791 1006 4850; x_wconf 72' lang='lat' dir='ltr'>converteritis</span> <span class='ocrx_word' id='word_1_759' title='bbox 1025 4789 1062 4847; x_wconf 83' lang='lat' dir='ltr'>de</span> <span class='ocrx_word' id='word_1_760' title='bbox 1084 4788 1178 4867; x_wconf 81' lang='lat' dir='ltr'>ligno,</span> <span class='ocrx_word' id='word_1_761' title='bbox 1204 4801 1296 4847; x_wconf 88' lang='lat' dir='ltr'>morte</span> <span class='ocrx_word' id='word_1_762' title='bbox 1315 4792 1495 4860; x_wconf 83' lang='lat' dir='ltr'>moriemini,</span> 
     </span>
     <span class='ocr_line' id='line_1_58' title="bbox 53 4867 1495 4954; baseline -0.008 -19"><span class='ocrx_word' id='word_1_763' title='bbox 53 4874 89 4935; x_wconf 80' lang='grc' dir='ltr'>ίτι</span> <span class='ocrx_word' id='word_1_764' title='bbox 106 4875 153 4935; x_wconf 89' lang='grc' dir='ltr'>Ἐν</span> <span class='ocrx_word' id='word_1_765' title='bbox 167 4867 185 4946; x_wconf 71' lang='grc' dir='ltr'>ἦ</span> <span class='ocrx_word' id='word_1_766' title='bbox 201 4874 232 4932; x_wconf 88' lang='grc' dir='ltr'>ἀν</span> <span class='ocrx_word' id='word_1_767' title='bbox 246 4875 334 4954; x_wconf 74' lang='grc' dir='ltr'>ἡμέρᾳ</span> <span class='ocrx_word' id='word_1_768' title='bbox 349 4875 450 4953; x_wconf 85' lang='grc' dir='ltr'>φάγητε</span> <span class='ocrx_word' id='word_1_769' title='bbox 473 4873 526 4933; x_wconf 85' lang='grc' dir='ltr'>ἀπὸ</span> <span class='ocrx_word' id='word_1_770' title='bbox 545 4880 590 4932; x_wconf 78' lang='grc' dir='ltr'>τοῦ</span> <span class='ocrx_word' id='word_1_771' title='bbox 611 4871 703 4946; x_wconf 81' lang='grc' dir='ltr'>ξύλου,</span> <span class='ocrx_word' id='word_1_772' title='bbox 755 4871 846 4930; x_wconf 90' lang='lat' dir='ltr'>locum</span> <span class='ocrx_word' id='word_1_773' title='bbox 859 4868 966 4929; x_wconf 79' lang='lat' dir='ltr'>fallacia</span> <span class='ocrx_word' id='word_1_774' title='bbox 981 4867 1127 4927; x_wconf 89' lang='lat' dir='ltr'>habuisset.</span> <span class='ocrx_word' id='word_1_775' title='bbox 1151 4867 1207 4926; x_wconf 90' lang='lat' dir='ltr'>Cur</span> <span class='ocrx_word' id='word_1_776' title='bbox 1219 4888 1271 4925; x_wconf 92' lang='lat' dir='ltr'>nnn</span> <span class='ocrx_word' id='word_1_777' title='bbox 1288 4869 1339 4925; x_wconf 87' lang='lat' dir='ltr'>Dei</span> <span class='ocrx_word' id='word_1_778' title='bbox 1360 4868 1495 4945; x_wconf 80' lang='lat' dir='ltr'>verbum,</span> 
     </span>
     <span class='ocr_line' id='line_1_59' title="bbox 60 4939 1497 5034; baseline -0.006 -23"><span class='ocrx_word' id='word_1_779' title='bbox 60 4939 247 5028; x_wconf 62' lang='lat' dir='ltr'>ereberrime,</span> <span class='ocrx_word' id='word_1_780' title='bbox 262 4945 317 5033; x_wconf 81' lang='grc' dir='ltr'>εἶχε</span> <span class='ocrx_word' id='word_1_781' title='bbox 338 4954 429 5034; x_wconf 81' lang='grc' dir='ltr'>γάρον</span> <span class='ocrx_word' id='word_1_782' title='bbox 444 4957 461 5023; x_wconf 77' lang='grc' dir='ltr'>ἡ</span> <span class='ocrx_word' id='word_1_783' title='bbox 476 4953 576 5023; x_wconf 84' lang='grc' dir='ltr'>ἀπάτη.</span> <span class='ocrx_word' id='word_1_784' title='bbox 602 4953 654 5013; x_wconf 66' lang='lat' dir='ltr'>net</span> <span class='ocrx_word' id='word_1_785' title='bbox 678 4954 704 5012; x_wconf 91' lang='grc' dir='ltr'>τί</span> <span class='ocrx_word' id='word_1_786' title='bbox 756 4949 802 5010; x_wconf 87' lang='lat' dir='ltr'>sed</span> <span class='ocrx_word' id='word_1_787' title='bbox 814 4947 920 5008; x_wconf 77' lang='lat' dir='ltr'>inllacia</span> <span class='ocrx_word' id='word_1_788' title='bbox 934 4947 1050 5007; x_wconf 88' lang='lat' dir='ltr'>admissa</span> <span class='ocrx_word' id='word_1_789' title='bbox 1067 4945 1143 5005; x_wconf 83' lang='lat' dir='ltr'>luit?</span> <span class='ocrx_word' id='word_1_790' title='bbox 1161 4945 1208 5005; x_wconf 88' lang='lat' dir='ltr'>Sic</span> <span class='ocrx_word' id='word_1_791' title='bbox 1221 4947 1333 5005; x_wconf 86' lang='lat' dir='ltr'>Creator</span> <span class='ocrx_word' id='word_1_792' title='bbox 1344 4944 1497 5026; x_wconf 89' lang='lat' dir='ltr'>inculpatus</span> 
     </span>
     <span class='ocr_line' id='line_1_60' title="bbox 53 5022 1498 5111; baseline -0.009 -16"><span class='ocrx_word' id='word_1_793' title='bbox 53 5036 140 5095; x_wconf 73' lang='grc' dir='ltr'>ἰθεοῦ</span> <span class='ocrx_word' id='word_1_794' title='bbox 156 5033 314 5107; x_wconf 73' lang='grc' dir='ltr'>Ι’ἠκολούθει</span> <span class='ocrx_word' id='word_1_795' title='bbox 329 5023 421 5111; x_wconf 87' lang='grc' dir='ltr'>λύγος,</span> <span class='ocrx_word' id='word_1_796' title='bbox 436 5034 494 5092; x_wconf 88' lang='grc' dir='ltr'>ἀλλ’</span> <span class='ocrx_word' id='word_1_797' title='bbox 510 5037 583 5105; x_wconf 69' lang='grc' dir='ltr'>ὁτῆς</span> <span class='ocrx_word' id='word_1_798' title='bbox 600 5032 703 5104; x_wconf 87' lang='grc' dir='ltr'>ἀπάτης</span> <span class='ocrx_word' id='word_1_799' title='bbox 756 5031 823 5108; x_wconf 83' lang='lat' dir='ltr'>suit,</span> <span class='ocrx_word' id='word_1_800' title='bbox 838 5027 1028 5111; x_wconf 79' lang='lat' dir='ltr'>prevaricator</span> <span class='ocrx_word' id='word_1_801' title='bbox 1040 5039 1131 5086; x_wconf 90' lang='lat' dir='ltr'>autem</span> <span class='ocrx_word' id='word_1_802' title='bbox 1141 5025 1229 5106; x_wconf 79' lang='lat' dir='ltr'>culpae</span> <span class='ocrx_word' id='word_1_803' title='bbox 1240 5025 1382 5084; x_wconf 90' lang='lat' dir='ltr'>obnoxius.</span> <span class='ocrx_word' id='word_1_804' title='bbox 1397 5022 1449 5084; x_wconf 87' lang='lat' dir='ltr'>Sed</span> <span class='ocrx_word' id='word_1_805' title='bbox 1461 5022 1498 5082; x_wconf 90' lang='lat' dir='ltr'>ad</span> 
     </span>
    </p>
   </div>
   <div class='ocr_carea' id='block_1_5' title="bbox 53 5197 1125 5278">
    <p class='ocr_par' dir='ltr' id='par_1_32' title="bbox 53 5197 1125 5278">
     <span class='ocr_line' id='line_1_61' title="bbox 53 5197 1125 5278; baseline -0.007 -18"><span class='ocrx_word' id='word_1_806' title='bbox 53 5208 100 5260; x_wconf 68' lang='lat' dir='ltr'>lius</span> <span class='ocrx_word' id='word_1_807' title='bbox 112 5207 243 5277; x_wconf 87' lang='lat' dir='ltr'>legendum</span> <span class='ocrx_word' id='word_1_808' title='bbox 257 5220 326 5276; x_wconf 83' lang='lat' dir='ltr'>putat</span> <span class='ocrx_word' id='word_1_809' title='bbox 341 5224 373 5276; x_wconf 76' lang='grc' dir='ltr'>τῷ</span> <span class='ocrx_word' id='word_1_810' title='bbox 384 5213 473 5278; x_wconf 76' lang='grc' dir='ltr'>ἰένδρῳ.</span> <span class='ocrx_word' id='word_1_811' title='bbox 767 5207 780 5243; x_wconf 73' lang='lat' dir='ltr'>b</span> <span class='ocrx_word' id='word_1_812' title='bbox 797 5197 919 5268; x_wconf 74' lang='lat' dir='ltr'>[Suettius</span> <span class='ocrx_word' id='word_1_813' title='bbox 930 5200 996 5266; x_wconf 82' lang='lat' dir='ltr'>conj.</span> <span class='ocrx_word' id='word_1_814' title='bbox 1006 5200 1125 5264; x_wconf 69' lang='grc' dir='ltr'>ἠκούσθη]</span> 
     </span>
    </p>
   </div>
   <div class='ocr_carea' id='block_1_6' title="bbox 1307 5275 1355 5333">
    <p class='ocr_par' dir='ltr' id='par_1_33' title="bbox 1307 5275 1355 5333">
     <span class='ocr_line' id='line_1_62' title="bbox 1307 5275 1355 5333; baseline -0.083 0"><span class='ocrx_word' id='word_1_815' title='bbox 1307 5275 1355 5333; x_wconf 77' lang='lat'>55.</span> 
     </span>
    </p>
   </div>
   <div class='ocr_carea' id='block_1_7' title="bbox 0 0 1880 5940">
    <p class='ocr_par' dir='ltr' id='par_1_34' title="bbox 0 0 1880 5940">
     <span class='ocr_line' id='line_1_63' title="bbox 0 0 1880 5940; baseline 0 0"><span class='ocrx_word' id='word_1_816' title='bbox 0 0 1880 5940; x_wconf 95' lang='lat' dir='ltr'> </span> 
     </span>
    </p>
   </div>
  </div>
 </body>
</html>
