3750 5940
494 407 539 455 nn
565 407 657 456 cneo
683 407 788 455 uano.
1352 389 1420 493 691

53 551 104 588 σιν.
116 525 235 588 Είάιδασι
268 527 622 611 άρτινεςκατασυφιστεύειν
680 550 768 589 rorem
778 527 937 609 gentilitatis
947 542 1086 610 tamquam
1095 532 1185 614 spinas
1194 533 1251 615 igni
1260 530 1425 611 tradit3lrte-

53 632 77 675 ις
96 606 142 668 καί
154 610 207 667 σῦν
218 550 301 685 ἁγίων
313 607 458 686 ποιμένων,
476 610 567 690 ὥσπερ
577 601 622 670 σύν
679 609 794 668 reticum
802 629 921 668 errorem
932 623 1186 692 tamquamgramen
1196 615 1321 676 evulsum
1329 617 1424 677 ah'icit

53 693 80 747 αῦ
102 685 249 765 θαυμασίου
269 689 385 768 πατρίς·
406 689 452 748 καί
473 691 567 749 πολλοὶ
596 694 622 751 ἐν
640 700 660 746 θ
679 688 735 748 zelo
754 689 805 748 Dei
823 687 943 764 indutus,
962 690 1009 768 qui
1027 691 1123 751 multis
1136 692 1244 772 ignotus
1260 709 1309 755 est.
1332 639 1424 757 Solent

53 789 122 844 ματι
133 766 228 847 ἀργίαν
239 767 373 847 εἰσάγουσι
384 812 392 839 ,
404 768 449 828 καί
461 773 539 840 ζῆλον
550 768 623 849 ὓὸρί·
678 768 751 828 enim
761 767 883 827 nonnulli
897 767 1046 831 Ecclesiam
1059 785 1085 831 et
1096 787 1200 832 sanctos
1213 788 1343 855 pastores,
1357 798 1423 855 qua·

53 852 89 905 ιοῦ
103 848 255 924 ἀκμάζοντα
267 847 345 927 λόγον
358 854 502 928 πειρῶνται
516 849 622 926 ἀμύλύ-
677 847 712 906 lis
725 861 765 906 cst
783 846 829 906 hic
844 847 1016 910 admirabilis
1030 865 1121 932 pater,
1136 853 1244 933 captive
1261 874 1293 913 ac
1309 855 1423 915 fraudu-

53 926 85 1006 ἀρ
106 930 190 1005 εὑρεῖν
209 949 268 985 τινα
295 930 323 986 ἀν
344 929 465 1008 σχήματι
482 929 624 995 ἐπιεικείας
677 926 763 986 lenter
774 927 901 1007 aggredi3
916 942 943 987 et
952 950 1000 1010 per
1015 931 1129 1012 speciem
1141 933 1289 992 clementiae
1303 949 1331 994 et
1343 935 1421 994 beni·

53 1005 96 1085 ράρ
110 1010 195 1065 κοινὸν
208 1004 303 1084 ἔχομεν
316 1008 380 1085 πρὸς
395 1006 454 1075 τοιλς
475 1008 622 1082 Ἕλληνας;
677 1007 788 1086 guitatis
803 1007 994 1088 negligentiam
1012 1010 1195 1086 introducunt,
1214 1013 1301 1071 zelum
1316 1015 1424 1095 vitupe-

53 1110 76 1158 ι,
102 1085 225 1156 σωθήτω.
250 1085 285 1147 Ὁ
304 1092 388 1145 ταῦτα
412 1088 497 1166 λέγων
521 1088 623 1148 οὗδίπω
678 1101 749 1163 rant,
760 1087 862 1165 Deique
872 1088 986 1147 verbum
995 1089 1068 1168 quod
1078 1091 1152 1171 viget
1160 1091 1423 1153 acllorctdehilitare

57 1165 206 1232 εὐσεύείας·
225 1168 240 1222 ὁ
272 1165 359 1225 λίπων
371 1167 561 1246 ἀπολλύμενον,
578 1168 623 1227 καί
678 1180 815 1225 conantur.
836 1167 962 1247 Reperies
980 1170 1052 1229 enirn
1069 1170 1195 1248 aliquem,
1213 1171 1260 1249 qui
1285 1173 1375 1252 specie
1390 1194 1423 1233 ac

53 1266 75 1316 p
89 1245 188 1303 ἐκείνου
203 1247 347 1319 ἀπωλιιαν,
371 1246 415 1304 καί
440 1247 506 1306 ἰδίαν
527 1248 624 1325 ζημίαν
677 1259 808 1326 praetextu
832 1246 979 1307 clementiae
1001 1249 1218 1309 commendandae
1238 1250 1310 1310 dicet
1325 1252 1423 1324 :Quid

53 1348 66 1381 ιι
85 1317 138 1384 οἶδε
149 1326 227 1395 ζῆλον
242 1325 388 1397 ιύοεὸείας,
403 1331 451 1385 οὐκ
465 1326 566 1406 ἐτρώθη
582 1327 624 1407 βέ-
678 1325 749 1383 enim
769 1323 847 1384 nobis
863 1325 901 1384 rei
921 1340 961 1385 est
982 1349 1043 1388 cum
1062 1329 1227 1408 gentilibus?
1250 1330 1311 1389 vult
1330 1331 1423 1391 salvus

53 1428 75 1471 ς,
678 1404 758 1463 lieri?
777 1405 869 1464 salvus
891 1405 950 1464 liat.
973 1410 1030 1482 Qui
1048 1408 1105 1467 haee
1128 1409 1205 1482 dicit,
1227 1409 1349 1469 nondum
1367 1411 1423 1471 zelo

677 1483 785 1573 pictatis
795 1504 921 1544 accensus
931 1500 971 1545 cst
985 1487 1051 1566 :qui
1066 1502 1222 1568 pereuntem
1236 1488 1327 1566 videt,
1337 1512 1424 1569 neque

678 1562 752 1622 tllius
761 1563 938 1644 perditionem
952 1566 980 1624 lu
1000 1580 1036 1642 et,
1047 1589 1132 1646 neque
1146 1589 1224 1627 suam
1234 1569 1369 1648 jacturam
1379 1592 1423 1629 ar-

677 1642 804 1734 bitratur,
826 1643 932 1735 pietatis
957 1586 1044 1705 zelum
1068 1647 1179 1706 minime
1199 1648 1288 1727 novit,
1309 1649 1423 1730 spiculis

678 1735 800 1781 veritatis
812 1737 946 1782 sauciatus
959 1746 1011 1784 non
1024 1739 1072 1785 est.

61 1792 105 1859 οἶίν
117 1800 306 1879 ἀπολλύμενον,
319 1803 364 1860 καί
376 1800 413 1879 μὴ
428 1803 514 1873 ζηλῶν
527 1800 562 1869 ὥς
574 1825 625 1860 που
718 1804 747 1860 5.
772 1802 827 1875 Qui
846 1823 910 1882 ergo
929 1803 1007 1864 videt
1021 1819 1186 1886 pereuntem,
1200 1827 1286 1886 neque
1301 1806 1356 1866 zelo
1369 1807 1421 1867 du-

56 1879 132 1948 ,Τίς
152 1885 268 1951 ἀσθενεῖ,
292 1880 338 1939 καί
361 1883 409 1940 οὐκ
432 1885 551 1955 ἀσθενῶς
579 1885 626 1940 οὐκ
678 1880 758 1956 citur,
771 1895 801 1939 ut
811 1881 849 1940 ait
861 1883 972 1959 Paulus,
987 1887 1058 1961 Quis
1070 1885 1248 2022 inputatur,
1261 1899 1350 1966 etego
1362 1909 1570 1958 nonfflrffl,
1665 1906 1668 1915 ·

53 1959 147 2031 ιθητλς
163 1960 279 2019 Παύλου.
295 1959 561 2039 Ἀντιπαραβαλλάτω
580 1968 626 2020 τοῦ
677 1961 831 2040 infirmor?
844 1961 867 2019 is
889 1963 969 2022 Pauli
988 1962 1138 2044 disciputus
1158 1979 1273 2024 nonest.
1296 1967 1421 2026 Conferat
1432 1989 1471 2036 αφ.

53 2039 244 2118 ατορθώματα,
267 2041 313 2098 καὶ
335 2039 440 2118 εύρήσει
461 2040 538 2100 αὐτὸν
563 2063 624 2099 συν-
678 2059 740 2097 οιιιιι
755 2040 806 2099 isto
824 2041 910 2121 patris
932 2055 1003 2101 recte
1023 2044 1102 2114 lacta,
1115 2059 1141 2102 ct
1158 2044 1263 2103 videbit
1281 2066 1343 2104 eum
1359 2068 1421 2105 cum

53 2122 221 2185 ποστολυιαῖς
239 2128 353 2200 φωναῖς·
368 2120 417 2186 Τίς
440 2122 560 2195 ἀσθενεῖ,
581 2120 625 2179 καί
677 2118 831 2198 apostolicis
845 2121 957 2180 vocibus
966 2123 1134 2181 consentire:
1153 2125 1224 2201 Quis
1238 2125 1418 2205 infirmatur,

53 2197 88 2264 τίς
108 2197 322 2273 σκανδαλίζεται,
341 2198 386 2258 καί
404 2202 451 2258 οὐκ
460 2197 512 2276 ἐγὼ
525 2207 623 2280 πυροῦ·
678 2210 706 2256 et
716 2219 768 2279 ego
781 2220 839 2257 non
850 2201 1006 2281 infirmor?
1015 2206 1080 2282 quis
1091 2204 1323 2279 scandalizatur,
1330 2217 1359 2263 et
1369 2226 1421 2286 ego

90 2283 235 2359 ρονοῦντες,
255 2278 363 2357 ἀδελφοί
377 2282 427 2338 εἶσι
438 2283 491 2337 τῶν
508 2279 620 2339 ἀποστά-
643 2299 660 2345 ν,
678 2297 738 2334 non
751 2285 839 2337 uror?
850 2279 906 2351 Qui
925 2281 961 2339 ita
977 2281 1105 2357 sentiunt,
1121 2281 1217 2340 fratres
1232 2297 1295 2342 sunt
1314 2298 1421 2364 aposto-

52 2301 103 2436 qlp
116 2361 163 2415 οὐκ
179 2359 206 2415 ίν
220 2350 257 2425 οἷς
269 2359 416 2438 ἁμαρτάνει
428 2358 505 2436 μόνον
520 2363 624 2436 ἀθυμεῖ,
677 2355 774 2415 lorum.
789 2361 884 2418 lustus
898 2359 970 2418 enirn
982 2380 1034 2418 non
1048 2360 1084 2418 ob
1099 2382 1129 2418 ea
1144 2375 1260 2436 tantum,
1277 2361 1304 2420 in
1321 2362 1421 2440 quibus

59 2429 97 2504 οἷς
118 2436 209 2516 βλέπει
232 2439 326 2504 ἄλλους
350 2438 566 2518 ἁμαρτάνοντας,
589 2439 625 2506 ὥς
757 2437 807 2514 rit,
819 2439 1070 2515 moeroreafficitur,
1079 2439 1127 2499 scd
1137 2440 1218 2500 etiam
1232 2440 1268 2499 ob
1280 2462 1310 2500 ea
1321 2441 1349 2500 in
1358 2444 1421 2521 qui·

61 2516 188 2594 ,Ἀρυμία
202 2517 316 2617 metopo
331 2542 364 2595 με
384 2516 438 2577 ἀπὸ
458 2519 623 2597 ἁμαρτωλῶν
697 2537 728 2574 us
749 2516 816 2576 alios
835 2532 973 2597 peccantes
990 2518 1102 2596 viderit,
1118 2533 1149 2578 ut
1168 2520 1206 2595 ait
1225 2520 1336 2579 David:
1349 2525 1498 2590 Men-M,
1519 2543 1571 2594 ηε,

53 2595 199 2655 κτανόντων
210 2596 254 2656 τὸν
264 2618 342 2674 νομον
354 2620 411 2658 σου,
424 2596 460 2656 Et
467 2621 508 2663 τις
515 2598 559 2657 ἐπὶ
568 2608 625 2667 ταῖς
677 2599 759 2655 stitia
773 2600 867 2656 tenuit
875 2618 922 2658 me
932 2618 986 2679 pro
996 2603 1197 2680 peccatoribus
1216 2601 1420 2682 derelinquere·
1430 2608 1469 2655 5³.

53 2674 107 2743 ίσις
126 2680 238 2754 ἀθυμεῖ,
258 2679 335 2748 ζῆλον
356 2677 411 2756 ἔχει
431 2676 565 2745 εῦσεύείας
589 2678 624 2737 ‘0
677 2677 753 2734 tibus
775 2677 868 2756 legem
890 2691 981 2737 tuum.
996 2679 1026 2737 Si
1044 2679 1104 2757 quis
1122 2679 1159 2737 oh
1178 2677 1294 2738 aliorum
1312 2695 1420 2760 peccata

53 2755 104 2814 ἀαν
115 2757 159 2814 τὸν
174 2760 266 2815 ἑαυτοῦ
282 2757 337 2836 βίον
350 2759 390 2815 διο
425 2760 503 2826 ”ται,
517 2757 623 2837 δακρύει
676 2774 790 2814 moerorc
813 2756 942 2832 allicitur,
965 2756 1052 2816 telum
1073 2772 1099 2816 et
1117 2758 1315 2818 aennttlationctn
1339 2760 1421 2832 hahet

53 2842 74 2894 νῦ
95 2835 144 2906 τὴν
156 2837 287 2914 ἁμαρτίαν
301 2836 386 2906 ἀξαλεῖ
428 2834 499 2908 tels
514 2839 623 2898 ἑαυτοῦ·
676 2833 794 2914 pietatis.
812 2838 906 2896 Justus
921 2837 1003 2909 eninr,
1019 2857 1082 2895 curn
1099 2836 1184 2897 vitant
1200 2859 1277 2897 suam
1291 2860 1419 2900 correxe-

60 2915 192 2997 ἁμαρτίας
212 2921 260 2988 τῆς
282 2917 348 2983 ἰδίας
371 2916 554 2994 παυσάμενος,
576 2915 623 2986 τὰς
675 2913 723 2991 rit,
741 2913 917 2996 lacrymatur,
931 2928 956 2974 et
971 2916 1057 2996 luget,
1076 2929 1106 2975 ut
1119 2931 1258 2997 peccatum
1274 2938 1353 2977 suum
1368 2918 1418 2978 de-

69 3001 158 3054 πενθεῖ
176 2996 321 3079 ἁμαρτίας,
339 2997 425 3064 καθὼς
444 2996 490 3056 καὶ
502 2997 621 3065 Παῦλος·
640 3039 664 3077 ,5
675 2993 730 3052 leat
746 3017 752 3050 :
766 3015 797 3053 ac
812 2992 911 3054 deinde
923 2995 971 3054 ubi
984 2995 1100 3076 peccatis
1114 2995 1171 3055 suis
1183 2997 1265 3061 linem
1279 2997 1417 3078 imposuit,

59 3075 621 3156 πολλοὺςπενθήσωτῶνπραημαρτηκότων,
640 3094 661 3142 A
675 3072 922 3155 aliorumdeinceps
929 3088 1036 3155 peccata
1045 3074 1166 3155 deplorat
1172 3076 1418 3154 ;quemadmodum

53 3155 195 3227 υησοίντων.
210 3156 316 3223 Παῦλος
329 3161 418 3215 πενθεῖ
430 3155 488 3223 τοῦς
502 3156 623 3237 ἀμαρτή-
675 3166 701 3211 et
717 3153 835 3211 Paulus:
853 3155 900 3213 Ne
905 3157 1001 3236 sorte,
1021 3175 1088 3214 cum
1111 3176 1230 3228 venero,
1251 3158 1358 3216 multos
1372 3158 1416 3216 ία-
1429 3181 1514 3233 scor,
1529 3196 1565 3230 η,

53 3233 79 3305 ιὴ
92 3234 320 3311 μετανοήσαντας·
336 3237 465 3314 Σαμουὴλ
475 3242 564 3296 πενθεῖ
577 3237 622 3296 τὸν
674 3253 759 3312 geum
770 3254 807 3291 ex
822 3236 869 3306 iis,
882 3238 933 3314 qui
948 3247 1018 3292 ante
1024 3248 1230 3313 peccaverunt,
1242 3249 1271 3295 et
1284 3258 1344 3294 non
1354 3258 1417 3317 ege·
1428 3257 1467 3291 αι.

53 3313 179 3372 irretetis
194 3315 278 3374 Θεόν·
298 3314 370 3384 Ἕως
391 3317 455 3376 πότε
475 3314 507 3375 σὺ
521 3321 623 3386 πενθεῖς
676 3325 745 3370 runt
760 3316 972 3392 poenitentium.
989 3313 1091 3372 Paulus
1103 3334 1148 3373 eos
1161 3314 1246 3394 luget,
1259 3316 1306 3394 qui
1319 3337 1417 3396 penn-
1470 3330 1473 3334 ’

53 3392 136 3459 λίποις
146 3394 235 3474 dreyls
249 3395 443 3472 ἀπολλυμένην,
457 3395 503 3454 καί
521 3399 550 3454 οὐ
562 3420 624 3455 τεν·
676 3404 748 3466 runt,
763 3405 789 3450 ct
802 3392 987 3472 poenitentiam
1002 3413 1055 3452 non
1068 3408 1192 3472 egerunt3
1211 3395 1321 3455 Samuel
1342 3395 1418 3475 luget

53 3473 94 3532 ίάν
108 3496 148 3539 τις
163 3463 448 3554 ίδηπροκομιζόμενον,
463 3475 509 3533 καὶ
526 3474 562 3552 μὴ
576 3477 623 3534 δα-
676 3471 797 3548 Saiilem,
814 3472 851 3531 ita
873 3485 902 3531 ut
922 3472 1023 3532 diceret
1047 3474 1139 3532 Deus:
1160 3476 1314 3556 Usquequo
1329 3487 1361 3534 tu
1373 3476 1417 3535 lu·
1432 3507 1451 3537 ι.
1461 3492 1521 3551 αερ.
1533 3493 1568 3541 ιθ.

53 3553 113 3623 ηνὴς
132 3554 177 3611 καί
189 3539 301 3633 σκληρὸς
315 3555 360 3612 καί
371 3553 502 3636 θηριώδης
514 3555 623 3635 ἐλέγχε-
694 3571 724 3608 es
744 3553 780 3608 ob
799 3552 872 3611 Saul
882 3550 989 3612 PVides
1008 3551 1126 3611 animam
1146 3568 1310 3634 pereuntem,
1321 3568 1347 3613 et
1365 3576 1418 3616 nou
1432 3568 1451 3601 ¹·

53 3630 82 3688 hu
106 3632 161 3712 ἴδῃς
181 3637 207 3692 ἐν
225 3633 334 3716 ἀσιύεία
356 3633 559 3714 βαπτιζομένην,
579 3635 624 3694 καί
674 3570 772 3708 luges?
784 3630 813 3689 Si
829 3631 890 3709 quis
903 3645 1039 3690 mortuum
1050 3633 1139 3690 efferri
1151 3633 1260 3704 viderit,
1271 3649 1297 3693 et
1308 3655 1360 3693 non
1370 3635 1419 3694 lle·

53 3734 85 3770 ιω
108 3712 359 3789 καταδικαζομένην,
382 3713 427 3772 καί
452 3717 486 3782 τῆ
514 3715 625 3774 ἀπιστία
676 3710 759 3783 verit,
779 3723 918 3790 tamquam
939 3710 1060 3782 immitia,
1077 3710 1163 3771 durrus
1182 3727 1208 3772 ct
1226 3714 1352 3773 efferatus
1374 3736 1417 3774 re-

53 3770 76 3848 u'i
89 3790 223 3870 δακρύεις,
236 3792 294 3852 είπί
309 3817 368 3870 μοι,
383 3792 428 3852 καί
449 3778 567 3866 πίνθεῖςς
579 3781 624 3853 καί
676 3788 852 3879 prehenditur
867 3813 874 3846 :
889 3790 911 3849 si
927 3791 1029 3849 videris
1041 3790 1160 3849 animam
1176 3791 1203 3850 in
1220 3792 1356 3872 impietate
1368 3792 1418 3852 de-

53 3872 177 3951 ςψυγῆς;
190 3872 284 3930 Πάντα
295 3872 342 3950 μὲν
357 3864 401 3932 oili
411 3873 445 3932 τά
457 3873 525 3932 άλλα
539 3874 595 3952 ἀμα
676 3881 802 3945 mersam,
814 3884 840 3928 ct
850 3882 947 3928 aeterna
960 3883 1045 3929 morte
1060 3869 1224 3942 damnatam,
1237 3872 1304 3930 etin
1318 3871 1419 3930 infide-

53 3939 130 4009 ινίίεῖν
139 3951 183 4009 τὸν
207 3943 235 4009 τύ
249 3959 406 4032 φρονοῦντα,
420 3950 559 4033 ἐξαιρέτως
580 3954 595 4011 δ
615 4000 623 4028 ‚
676 3946 751 4006 litate
757 3961 987 4070 perseverantem,
1002 3970 1053 4008 non
1070 3949 1171 4029 ploras,
1187 3948 1233 4007 dic
1245 3951 1352 4028 quaeso?
1366 3971 1420 4010 non

53 4027 79 4101 l*
99 4031 126 4087 ἰν
157 4029 264 4090 tessal«
285 4031 498 4111 βεὸαπτισμίνην
520 4034 623 4105 ίλληνι-
676 4026 765 4106 luges.
784 4027 896 4086 hoccine
905 4040 944 4087 est
957 4027 1053 4088 animae
1066 4027 1216 4107 religiosae?
1229 4028 1299 4088 Sane
1308 4029 1420 4107 quidem

53 4113 73 4187 ῇ
89 4109 196 4190 τοιαύτη
208 4092 281 4190 quiq
303 4116 332 4171 οὐ
355 4113 393 4170 δεῖ
413 4111 491 4188 μόνον
511 4119 622 4187 πενθεῖν,
674 4106 728 4165 alia
740 4107 830 4166 omnia
848 4107 940 4186 lugere
961 4121 1066 4188 oportet
1080 4120 1187 4187 peccata
1204 4128 1266 4167 eum
1285 4109 1331 4199 qui
1349 4124 1420 4169 recte

53 4192 155 4248 οοῦσθαι
168 4188 213 4247 καλ
228 4193 410 4271 ίμπιπρθσθαι
430 4197 468 4250 τοῦ
481 4190 567 4272 ζήλῳ·
581 4192 623 4251 ἵνα
675 4185 770 4268 sapiat,
793 4185 927 4267 praecipue
950 4207 1024 4261 vero,
1045 4207 1107 4245 cunt
1131 4187 1250 4246 animam
1271 4187 1370 4248 viderit
1389 4189 1418 4249 in

53 4290 82 4328 ου
96 4269 224 4346 μαθητής.
246 4270 431 4350 Διατρίύοντος
453 4253 520 4353 ἷράρ,
542 4272 621 4352 φησί,
640 4301 658 4347 Β
674 4265 831 4347 gentilitatis
841 4265 979 4346 impietate
991 4266 1149 4325 demersam.
1161 4266 1206 4326 Ob
1219 4267 1353 4348 ejusmodi
1364 4270 1419 4328 ani·

52 4353 73 4414 ῖς
87 4347 221 4420 Ἀθήναις,
237 4350 396 4427 ἐνεπίπρατο
409 4351 532 4410 αὐτοῦτὸ
545 4359 622 4412 πνεῦ-
674 4368 746 4406 mam
762 4366 814 4405 non
824 4345 910 4405 solunt
927 4345 1020 4426 lugere
1033 4358 1147 4427 oportet,
1161 4367 1255 4405 serum
1268 4347 1350 4406 etiam
1361 4349 1416 4426 uri,

53 4449 73 4493 ις
87 4426 245 4488 κατείδωλον
261 4421 340 4489 οὖσαν
358 4429 406 4502 τὴν
421 4431 504 4490 πολιν.
528 4429 581 4489 Διίι
596 4432 623 4492 τί
673 4441 700 4486 et
709 4427 764 4485 zelo
776 4424 898 4501 accendi,
909 4439 940 4484 nt
951 4426 1012 4505 quis
1023 4425 1175 4505 discipulus
1186 4426 1262 4484 Pauli
1277 4426 1333 4486 fiat.
1346 4429 1417 4488 Cum

53 4529 96 4595 μοι
112 4513 262 4588 φρονοῦσιν,
277 4508 313 4576 ὥς
326 4531 377 4568 που
393 4509 463 4569 καίθ
477 4511 622 4586 θαυμάσιος
672 4507 745 4565 cnirn
761 4518 923 4583 versaretur,
939 4504 1036 4584 inquit,
1051 4504 1152 4565 Paulus
1174 4505 1296 4582 Athenis,
1312 4506 1480 4567 inflatu-Aer.
1491 4522 1569 4578 17.16.

53 4588 141 4652 κδυιος
155 4592 202 4658 τῆς
215 4587 348 4656 εύσεύείας
360 4581 410 4662 ἦν,
427 4591 555 4668 Καθάπερ
570 4591 621 4672 γάρ
673 4586 798 4671 tuebatur
811 4584 921 4665 spiritus
932 4586 998 4664 ejus,
1010 4584 1130 4645 videndo
1147 4584 1285 4645 civitatem
1295 4585 1417 4647 deditam

57 4670 72 4725 θ
85 4666 129 4725 ἐπὶ
138 4672 186 4744 γῆς
199 4670 318 4750 κατέχων
330 4673 378 4739 τῆς
391 4671 435 4728 ὑπ’
446 4669 523 4728 αὐτὸν
537 4672 621 4729 οῖκοο-
673 4665 807 4725 idolorum
822 4664 918 4724 cultui.
932 4669 1023 4739 Quare
1034 4686 1099 4723 vero
1113 4665 1150 4722 ita
1162 4666 1279 4724 sentiunt
1290 4666 1343 4726 viri
1356 4690 1416 4726 san-

53 4744 108 4804 ὲέν
126 4747 229 4827 ἑκάστῳ
247 4738 408 4829 δικαστηρίῳ
427 4755 472 4807 τοῦ
492 4750 621 4809 παλατίου
673 4745 722 4819 cti,
737 4743 965 4824 quemadmodum
978 4758 1005 4803 et
1017 4743 1186 4803 admirabilis
1206 4745 1252 4803 hic
1267 4760 1342 4826 pater
1356 4748 1417 4826 pic-

53 4848 71 4886 :·
87 4824 169 4892 οὕτως
182 4826 238 4907 ἔχει
249 4833 263 4887 θ
276 4828 343 4895 Θεὸς
356 4827 416 4894 τοὺς
435 4828 541 4896 πιστοὺς
562 4853 620 4889 τοι·
672 4826 735 4884 tatis
755 4840 812 4884 erat
833 4824 975 4883 defensor?
991 4826 1061 4884 Nam
1079 4824 1307 4903 quemadmodum
1326 4848 1375 4884 rex
1388 4826 1417 4885 in

55 4928 66 4970 ς
81 4908 129 4974 τῆς
149 4896 289 4974 εὐσεύείας.
305 4907 404 4967 Πολλοί
422 4907 474 4987 γάρ
492 4910 620 4976 πολλάκις
673 4905 750 4964 terris
761 4905 912 4984 subjectum
924 4903 976 4963 sibi
992 4903 1167 4983 regitorbem
1182 4918 1324 4978 terrarum,
1336 4905 1417 4963 habet

53 4987 83 5041 ἶνν
99 4984 234 5058 Ἑλλήνιον
255 4987 384 5065 λέγουσιν,
404 4988 467 5048 ὅταν
488 4987 620 5049 ἀκούσωσι
672 4998 762 5043 autem
776 4984 805 5041 in
818 4984 934 5062 siugulis
947 4982 1129 5042 tribunalibus
1141 4984 1244 5064 palatii,
1257 4984 1303 5063 qui
1312 4984 1358 5063 jus
1369 4983 1414 5043 di·

53 5062 163 5141 εγύντων
186 5069 284 5139 αὐτοῖς,
308 5066 352 5126 ul
372 5068 399 5126 τί
423 5071 619 5148 βλασφημεῖτε;
672 5077 753 5124 cant:
770 5063 808 5123 sic
817 5078 843 5123 et
853 5066 927 5123 Deus
942 5062 1035 5122 fideles
1047 5063 1129 5121 habet
1137 5077 1256 5143 pastores
1265 5062 1373 5143 pietatis
1384 5085 1416 5122 ac

53 5166 90 5216 ιε,
110 5144 203 5211 εὐθέως
219 5145 401 5227 διασύρουσιν·
426 5147 464 5206 ίδε
481 5152 505 5207 ol
522 5147 620 5206 ἔκδικοι
672 5143 810 5223 religionis
820 5142 981 5202 defensores.
995 5142 1079 5201 lllulti
1092 5142 1164 5200 enim
1175 5164 1209 5200 ex
1220 5141 1364 5233 gentilibus
1378 5142 1414 5200 ir-

53 5220 159 5283 δύναται
173 5227 265 5286 ἑαυτὸν
277 5228 441 5297 tannasara
454 5227 538 5300 Θεός;
550 5227 619 5287 Ἀλλ’
672 5224 790 5284 ridentes
800 5222 904 5302 dicunt,
918 5243 979 5281 cum
990 5221 1158 5281 Christianos
1170 5220 1284 5280 audiunt
1297 5219 1415 5280 dicentes
