3750 5940
145 411 215 511 θρα
467 434 500 485 s.
524 431 668 484 sosnnrs
691 429 877 481 crnrsosr.
904 428 1060 481 mensus.
1085 427 1361 481 consrssmsor.

144 556 231 631 ἁσιοι,
245 569 352 617 mutum
362 554 471 617 fiducie
483 555 575 617 statim
585 554 703 617 οιισιάἰτ
715 568 776 614 anre
786 552 888 615 Christi
942 552 1073 626 τοσαύτην
1086 552 1180 623 otto<
1195 552 1349 635 παρρησίαν
1360 548 1496 622 tuteli-s

143 649 322 728 hortamenta,
341 663 415 709 stans
426 661 519 709 contra
531 649 664 730 populum
674 661 771 724 totum,
786 646 888 707 cedem
943 648 1061 729 Χριστοῦ
1076 646 1284 727 παρακλήσεως,
1299 645 1365 730 πρὸς
1379 643 1496 727 θλέιιλαςρ

143 744 304 825 spirantem,
317 764 334 803 a
345 743 467 803 demone
489 756 592 819 actum,
611 742 754 818 furentem,
774 763 809 802 ex
829 742 888 823 ejus
942 743 1061 820 φονῶντα
1072 738 1118 799 καί
1132 739 1356 818 δαιμονιῗιντακαὶ
1367 737 1496 818 μαινέμνν

144 858 211 897 voce
223 836 363 898 Christum
380 835 510 897 damnare
528 835 680 917 cupientem
691 859 699 895 τ
711 855 796 915 neque
810 834 889 895 cessit
942 829 1042 891 ίκιίναι
1056 832 1145 911 φωνῆς
1161 829 1318 911 βουλόμενον
1337 828 1496 890 καταδικέσι

143 927 201 1003 ille,
222 948 306 1008 neque
320 927 440 1005 recessit,
457 926 504 987 sed
518 925 634 986 fidenter
645 926 708 987 illos
722 925 888 1001 confutavit,
943 920 989 982 καί
1002 924 1050 982 οὒκ
1060 912 1135 996 εἶξιν,
1144 921 1204 983 esst
1214 919 1496 1002 θσοτχώρησιν,ἀλλάρ

144 1018 294 1098 maluitque
314 1019 387 1079 iores
405 1018 479 1099 ejici,
497 1039 580 1098 quam
599 1016 740 1079 veritatem
752 1015 886 1098 prodere:
942 1013 1048 1087 ἀπάσης
1061 1012 1153 1084 αὐτοὺς
1168 1013 1349 1093 ἐπεστόμισεν,
1361 1012 1408 1075 καί
1422 1010 1496 1074 sun

144 1124 247 1190 quanto
267 1111 354 1192 magis
368 1132 432 1187 nos,
445 1110 493 1191 qui
516 1108 619 1170 tamdiu
637 1107 740 1170 iulide
757 1107 889 1183 viximus,
906 1130 926 1178 n
944 1107 1055 1185 μᾶλλον,
1077 1103 1096 1178 ἣ
1117 1108 1259 1188 προδοῦναι
1282 1104 1331 1179 τὴν
1353 1104 1496 1179 ἀλήθιιαι·

144 1201 192 1281 qui
204 1199 348 1283 perfidem
358 1215 482 1263 sexcenta
491 1200 622 1262 miracula
629 1198 763 1278 vidimus,
773 1199 821 1279 qui
832 1219 890 1259 ma-
943 1205 1016 1278 ἡμάς
1033 1198 1093 1267 τοῦς
1107 1200 1153 1261 tet
1167 1206 1288 1261 τοσοῦτον
1308 1198 1403 1282 χρόνον
1417 1200 1446 1259 έν
1469 1220 1496 1257 αι

141 1295 296 1375 juraquam
310 1295 358 1355 ille
374 1294 742 1376 beneficinaccepimus,qui
755 1291 891 1353 interiori·
944 1289 1005 1360 τοῦς
1024 1290 1105 1374 μυρίοι
1133 1290 1255 1371 θαύματα
1279 1289 1324 1352 διὸ
1344 1295 1393 1364 τῆς
1415 1288 1496 1351 πίστι

144 1385 198 1445 bus
209 1386 297 1447 oculis
308 1407 407 1447 arcana
419 1385 549 1467 mysteria
560 1383 690 1462 vidimus,
703 1398 729 1445 et
739 1383 775 1444 ad
785 1397 891 1445 tantum
944 1380 1004 1451 τοῦς
1014 1381 1121 1461 μείζονα
1131 1380 1347 1463 εὐεργετηθέντας
1356 1380 1475 1459 ἀκιίυου,
1489 1406 1496 1453 ς

144 1474 275 1539 honorem
287 1476 376 1538 vocati
386 1497 492 1554 sumus,
503 1496 612 1535 omnem
621 1473 751 1535 fiduciam
763 1473 892 1536 exhihere
945 1471 1093 1556 ἀφθαλμαλς
1107 1474 1306 1556 ἀναόλέψαντας
1314 1520 1324 1548 ,
1339 1474 1388 1534 καί
1405 1471 1441 1533 τὰ
1461 1477 1496 1535 ἀν

142 1582 250 1649 oportet
262 1566 394 1629 adversus
412 1568 517 1646 eosqui
532 1565 699 1627 Christianos
707 1579 843 1643 occurant,
858 1565 892 1624 il·
946 1564 1039 1645 μίνοος
1052 1566 1199 1646 μοοαέρια,
1214 1565 1261 1627 καί
1276 1569 1313 1634 είς
1326 1565 1457 1637 τοσαύτην
1471 1566 1496 1626 ιι]

146 1658 240 1738 losque
254 1661 401 1736 confutare,
415 1679 500 1739 neque
517 1658 555 1718 eis
570 1671 670 1717 temere
687 1656 818 1739 parcere?
833 1655 1053 1753 llocmdrreeer
1077 1658 1228 1741 παρρησίαν
1251 1657 1319 1741 itt-lp
1341 1661 1421 1719 αιἰτυῦ
1446 1661 1496 1719 tet

145 1772 211 1812 vero
225 1751 312 1812 iacere
326 1751 490 1833 poterimus,
501 1749 525 1810 si
539 1748 669 1809 fiduciam
684 1769 853 1809 muniamus
866 1762 893 1809 et
911 1768 931 1813 Δ
946 1747 1012 1832 πρὸς
1035 1748 1096 1817 τοῦς
1115 1752 1236 1831 ίγκαλιῖν
1259 1753 1457 1832 ἐπιχειροῦντας
1479 1772 1496 1809 κ

146 1841 295 1923 seripturis
317 1842 498 1919 attendamus,
523 1861 611 1918 neque
630 1840 810 1923 perfunctorie
832 1840 894 1902 illas
946 1841 1017 1903 suris
1029 1843 1205 1924 Χριστιανῶν,
1216 1843 1262 1903 καί
1277 1841 1496 1921 increpitum

145 1933 301 2014 audiamus,
324 1936 396 1995 Nam
415 1934 439 1994 si
458 1933 520 2014 quis
539 1932 647 1993 assidue
664 1931 767 2009 veniet,
788 1933 894 2025 etiamsi
947 1933 1057 1995 νώσκειν
1070 1937 1177 2007 ἁπλῶς,
1188 1934 1363 2013 Δυνησίμεθα
1378 1933 1407 1995 ll
1420 1940 1496 1995 τοῦτο

145 2024 221 2085 domi
231 2046 285 2085 non
295 2025 376 2105 legat,
388 2023 436 2086 sed
447 2024 494 2084 lsic
504 2023 585 2084 dictis
594 2021 801 2085 attendatranni
812 2024 894 2084 unius
947 2024 1099 2108 παρρησίαν
1119 2025 1234 2107 έχωμιν,
1254 2026 1376 2093 καὶτοῖς
1396 2027 1496 2107 Γραφά

147 2116 235 2198 spatio
243 2117 342 2198 poterit
351 2116 437 2177 multa
445 2115 557 2177 discere.
565 2117 660 2194 Neque
668 2113 893 2192 enimhodielras,
947 2118 994 2177 καί
1013 2117 1051 2197 μλ
1064 2117 1204 2200 παρέργως
1217 2117 1298 2187 edelr
1321 2116 1496 2197 ἀκοιίωμκν.1

148 2207 282 2268 crasalias
292 2208 447 2290 Scripturas
463 2207 592 2287 legimus,
604 2206 766 2288 sedsernper
777 2206 893 2267 easdem.
948 2209 1002 2279 ὅῶς
1016 2214 1127 2271 ἐνταῦθα
1140 2209 1301 2291 ιίοέρχοιτο,
1315 2209 1365 2269 κάν
1384 2209 1454 2270 uisos
1476 2234 1496 2290 μ

148 2301 273 2359 Attamen
283 2298 364 2359 multi
374 2300 411 2360 ita
420 2300 517 2359 misere
526 2298 616 2359 affecti
629 2313 705 2377 stum,
714 2312 745 2358 ut
759 2312 819 2381 post
835 2312 894 2358 tan·
948 2301 1068 2384 προσέχῃ
1080 2300 1108 2362 δέ
1119 2311 1174 2370 τοῖς
1186 2303 1298 2362 ἐνταῦθα
1309 2299 1478 2380 λεγομένοις,
1489 2326 1496 2360 ι

146 2402 204 2449 tarn
217 2391 359 2451 lectionem
373 2412 407 2451 ne
421 2390 786 2471 nominaquidemlibrorum
796 2390 893 2470 sciant3
947 2393 992 2463 τίς
1011 2384 1048 2462 εἷς
1065 2397 1101 2461 τίς
1116 2391 1256 2476 ἐμπειρίαν
1273 2393 1351 2453 αὐτὸν
1371 2396 1496 2466 καταατῆι

148 2504 198 2544 uec
214 2498 350 2564 verentur,
360 2506 444 2565 neque
453 2483 600 2544 formidant
610 2497 666 2543 tam
677 2483 841 2564 negligenter
858 2482 896 2543 ad
947 2485 1000 2568 γὰρ
1012 2493 1057 2547 νῦν
1068 2485 1116 2564 μὲν
1127 2484 1242 2560 ταύτας,
1256 2483 1345 2569 αὔριον
1361 2484 1391 2545 δέ
1404 2484 1496 2565 ἐτέρας

146 2574 271 2637 divinam
292 2576 400 2657 ingredi
415 2573 894 2650 concionem.Sedsicitlraroedus,si
948 2577 1070 2660 Γραφές’
1093 2580 1151 2638 ἀλλ’
1172 2576 1215 2637 ἀεί
1238 2576 1287 2645 τὰς
1310 2576 1391 2646 edelr
1413 2577 1496 2639 sets

147 2666 382 2728 saltaturrelalius
388 2667 635 2748 quivisadsoenam
640 2666 744 2729 vocarit
749 2665 895 2744 civitatem,
947 2668 1021 2747 ὅμως
1030 2668 1113 2738 οὕτως
1126 2669 1261 2738 ἀθλίοιςοί
1273 2668 1368 2730 πολλοὶ
1378 2668 1496 2730 διάκιιντ

147 2756 293 2839 diligenter
300 2780 393 2821 omnes
406 2774 560 2838 acusrrunt,
574 2773 601 2820 et
613 2758 715 2841 gratias
730 2758 831 2819 habeut
847 2780 896 2818 νο-
914 2777 932 2825 ιν
949 2760 1048 2835 σοι’κιην
1060 2760 1207 2844 ἀνάγνωσιν
1222 2759 1290 2841 μηδὲ
1308 2760 1342 2821 τα
1352 2759 1474 2840 ὀνόματα
1492 2788 1496 2819 ι

148 2850 833 2935 cautiusqueinspectaculohujusmodidimidium
840 2848 897 2911 dici
950 2852 1046 2914 ὄλίων·
1060 2854 1106 2915 καί
1121 2856 1168 2914 οὐκ
1189 2853 1372 2934 αἰσχύνονται,
1391 2851 1451 2913 οὐδέ
1472 2876 1496 2935 φφ

58 2953 140 2997 contr·
150 2943 369 3005 insumnntsDeo
378 2959 528 3006 autumnos
541 2966 591 3026 per
602 2943 780 3026 prophetasset
789 2957 897 3025 aposto·
948 2945 1088 3030 παρέργως
1101 2948 1137 3016 είς
1151 2945 1325 3030 ἀκροατήριον
1335 2951 1403 3005 θιῑον
1414 2948 1496 3029 τίσιρχ

11 3017 142 3125 {2¹¹⁰ssss
151 3036 193 3096 los
205 3035 367 3116 alloquente,
385 3039 542 3115 oscitamus,
559 3057 607 3097 nos
620 3036 779 3118 scalpimus,
791 3033 898 3095 lastidi-
951 3037 999 3117 μίν
1020 3037 1181 3121 κιθαρῳδὸς,
1199 3037 1219 3110 ἢ
1238 3037 1387 3119 ὀρχηστὴς,
1411 3037 1430 3110 ἢ
1449 3038 1496 3099 ἀλλ

4 3143 121 3188 σοιτοοο.
151 3148 221 3190 mus.
236 3128 269 3187 ln
281 3143 373 3189 estate
385 3128 496 3208 quidem
510 3143 537 3191 et
549 3143 616 3189 aestu
637 3149 737 3211 magno
749 3128 838 3189 iorum
851 3149 897 3209 pe-
951 3135 1051 3205 σκηνῆς
1076 3131 1177 3210 καλέσῃ
1200 3129 1250 3204 τὴν
1274 3129 1362 3203 πολιν,
1387 3129 1456 3210 puris
1475 3152 1496 3190 σ

29 3246 32 3250 ·
150 3220 245 3297 timus;
256 3220 284 3281 in
291 3221 378 3281 hieme
391 3222 584 3303 veroapluria
594 3233 620 3281 et
630 3220 689 3281 luto
697 3220 771 3280 domi
781 3219 898 3279 continc-
951 3221 1229 3306 τρέχοιαι,καίχοίριν
1241 3226 1311 3304 αὐτῷ
1318 3228 1365 3295 τῆς
1374 3223 1494 3297 κλήσεως

149 3332 220 3369 mur.
240 3314 276 3370 At
290 3312 316 3370 in
331 3311 533 3393 hippodromis,
548 3312 597 3370 uhi
617 3311 725 3370 nullum
744 3325 783 3370 est
799 3324 899 3369 tectum
952 3341 1000 3398 μσς
1012 3316 1156 3398 ὁλοκλήρου
1173 3314 1205 3375 el
1223 3315 1307 3394 ἥμισυ
1327 3314 1406 3396 μέρος
1424 3318 1496 3375 aunt.

149 3405 250 3484 quoda
264 3407 360 3488 pluvia
372 3406 509 3485 defendat,
522 3405 708 3482 multi,imbre
718 3407 847 3467 urceatim
858 3406 899 3465 la·
952 3409 1025 3489 μόνῳ
1045 3406 1234 3489 προσέχοντες·
1255 3410 1301 3466 τοῦ
1320 3405 1348 3466 δὲ
1365 3409 1435 3468 Θεοῦ
1450 3405 1496 3467 διὰ

148 3496 341 3575 benevento
362 3520 461 3579 aquam
483 3499 511 3557 in
530 3496 641 3560 vultum
662 3496 774 3573 serente,
796 3495 899 3556 insania
951 3499 1105 3559 ἀποστολων
1114 3503 1179 3576 ἡμῖν
1186 3495 1496 3579 διαλεχομένου,χασμοί

150 3587 225 3648 ducti
239 3602 321 3663 stant,
334 3589 445 3669 frigore,
459 3588 564 3670 pluvia,
580 3588 650 3664 luto,
663 3588 715 3649 νέαι
730 3586 899 3667 longitudine
952 3592 1113 3670 ἰλιγγιῶμιν.
1134 3589 1188 3649 Καί
1207 3592 1255 3649 ’ἐν
1277 3589 1325 3669 μὲν
1341 3593 1380 3670 τῷ
1397 3588 1467 3669 θέριι
1490 3614 1496 3649 ι

150 3681 296 3764 despectis;
310 3682 379 3743 nihil
399 3703 444 3742 eos
461 3680 537 3742 domi
551 3680 658 3754 retinet,
674 3679 744 3740 nihil
759 3702 775 3739 a
791 3696 897 3762 specta-
951 3673 1017 3742 εἶναι
1032 3683 1118 3754 δοκεῖ,
1131 3681 1178 3741 καὶ
1191 3681 1239 3755 riv
1254 3681 1352 3762 ἀγορὰν
1364 3684 1496 3759 καταλαμν

149 3775 211 3835 culo
230 3775 355 3835 cohibere
367 3787 470 3856 potest:
487 3772 542 3832 huc
555 3785 647 3833 autem
661 3773 709 3832 ubi
724 3787 835 3847 tectum,
850 3771 899 3832 nbi
950 3774 1163 3856 perputruisse,
1176 3778 1191 3833 ὁ
1203 3774 1277 3842 θετὸς
1287 3772 1398 3853 κώλυμα
1408 3773 1454 3833 καί
1468 3778 1496 3835 θν

148 3869 217 3929 mire
230 3880 396 3951 temperatus
410 3867 494 3944 calor,
510 3866 604 3927 venire
616 3865 765 3945 refugiunt,
779 3885 842 3924 cum
863 3865 898 3925 de
950 3866 1097 3945 καθήμεθα.
1111 3864 1165 3924 Καί
1180 3869 1206 3925 ἐν
1221 3864 1269 3944 μίν
1282 3873 1340 3933 ταῖς
1352 3868 1496 3946 ίπποδρομί

147 3960 245 4019 animae
259 3960 345 4019 salute
358 3971 465 4039 agatur.
479 3956 611 4034 llaeccine,
625 3977 724 4037 φιιοαο,
739 3956 896 4019 toleranda?
915 3965 934 4013 0
949 3957 1116 4038 ἐπικειμένου
1124 3965 1170 4019 τοῦ
1180 3957 1224 4016 τὸν
1234 3957 1307 4017 ὑετὸν
1320 3957 1496 4036 ατέγοντος,ι

147 4050 213 4111 Ideo
224 4050 252 4109 in
266 4050 323 4110 illis
329 4049 453 4133 apprime
464 4047 566 4122 edocti,
581 4048 609 4108 in
623 4047 779 4108 necessariis
786 4048 896 4130 imperi·
948 4053 1001 4110 λῶν
1013 4048 1121 4131 έμὸρων
1140 4048 1370 4130 καταφερομένων,
1384 4048 1431 4110 καί
1446 4049 1496 4111 ἀνέ

148 4144 228 4204 tiores
241 4164 323 4222 quam
337 4141 444 4224 pueruli
455 4163 558 4201 sumus.
581 4138 664 4212 Quod
676 4139 700 4200 si
711 4141 773 4219 quis
784 4154 809 4199 tc
822 4140 896 4200 auri·
947 4141 995 4209 τὰς
1008 4140 1080 4221 ἄθεος
1099 4139 1255 4220 ῥιπίζοντος,
1269 4140 1397 4213 ἑστήκασι
1413 4140 1495 4218 putri

148 4258 210 4316 gam
229 4236 273 4298 vel
287 4236 441 4296 saltatorem
462 4234 592 4316 appellet,
606 4233 637 4294 id
649 4234 840 4294 contumeliam
854 4234 896 4294 di·
947 4257 1023 4315 χους,
1037 4231 1082 4291 καί
1097 4236 1191 4307 ὑετοῦ,
1210 4231 1256 4292 καί
1270 4235 1374 4307 πηλοῦ,
1387 4233 1434 4292 καί
1449 4233 1496 4312 μήτ

148 4326 196 4403 cis,
210 4327 273 4386 licet
285 4327 354 4386 nihil
364 4349 417 4387 non
430 4348 495 4406 agas
507 4341 536 4385 ut
551 4325 600 4385 tibi
612 4325 666 4387 hoc
674 4326 843 4406 vituperium
853 4339 895 4386 at·
947 4330 1114 4405 φρονοῦντος,
1138 4321 1185 4382 καί
1213 4321 1287 4383 οὐδέν
1312 4323 1405 4393 αὐτοῦς
1426 4326 1488 4385 οὔτε

148 4417 250 4492 trahas;
265 4420 364 4478 sivero
377 4417 462 4478 adsui
475 4417 658 4500 spectaculum
669 4431 772 4494 evocet,
788 4439 842 4478 non
853 4439 895 4478 re-
946 4415 1023 4478 οοὔτε
1044 4420 1097 4477 ἐκεῖ
1116 4417 1213 4475 κωλύοι
1232 4417 1374 4488 lindissi·
1389 4420 1496 4478 ἐνταῦθα

147 4509 221 4587 silis,
237 4524 382 4588 artemque,
392 4512 469 4591 cujus
489 4532 585 4575 nomen
605 4510 721 4590 refugis,
736 4523 819 4569 tutam
839 4510 894 4570 iere
948 4507 1131 4589 ἐπικειμένων,
1149 4508 1194 4568 καί
1209 4507 1308 4590 θέρμης
1319 4506 1398 4581 αίοης
1409 4514 1496 4589 θαυμο

147 4601 324 4683 prosequeris.
340 4602 395 4662 Ubi
409 4623 473 4663 vero
487 4615 513 4662 et
524 4624 582 4663 rem
595 4616 621 4663 et
635 4623 731 4663 nomen
744 4616 834 4662 tenere
845 4601 893 4662 de-
946 4625 992 4662 ται
1003 4601 1049 4661 καί
1059 4603 1089 4661 oi
1103 4599 1288 4683 συντρέχουσι·
1309 4600 1356 4660 καί
1366 4607 1451 4661 ταῦτα
1464 4604 1496 4664 lo

147 4696 207 4771 bes,
224 4707 303 4774 atque
324 4715 380 4754 esse
399 4708 425 4754 et
439 4695 530 4757 vocari
553 4695 737 4773 Christianus,
753 4695 897 4776 nequidem
947 4692 1020 4761 κτίας
1034 4694 1129 4774 ψυχῆς.
1142 4694 1199 4751 Ποῦ
1213 4699 1296 4752 ταῦτα
1310 4692 1419 4764 ἀνεκτὰ,
1432 4693 1494 4755 εἶπέ

148 4786 215 4869 quid
228 4785 259 4847 id
271 4787 308 4849 sit
330 4787 470 4868 intelligis.
501 4786 576 4861 Quid
598 4787 649 4848 hac
670 4787 787 4848 amentia
799 4787 896 4870 pejus?
947 4790 974 4846 έν
985 4784 1092 4852 ἐκείνοις
1103 4785 1209 4844 πάντων
1232 4782 1303 4853 ὄντες
1317 4784 1495 4866 ἐμπειρότερο

149 4879 215 4939 Haec
233 4878 386 4959 [requenter
400 4879 476 4941 robis
489 4878 579 4940 dicere
592 4878 690 4960 velim,
706 4878 755 4941 sed
767 4879 849 4942 timeo
862 4902 897 4941 ne
942 4878 1032 4947 ναίοις
1045 4876 1146 4938 παίδων
1158 4875 1237 4954 ἐσμὲν
1259 4876 1447 4958 ἀμαθέστεροι.
1456 4879 1496 4941 lli

181 5105 191 5130 ί
210 5089 282 5141 Idem
292 5099 337 5162 πρὸ
346 5104 386 5152 τῆς
394 5100 459 5162 παρὰ
468 5098 508 5145 τοῦ
515 5100 620 5162 Χριστοῦ.
983 5093 996 5130 l>
1014 5091 1062 5141 Ms.
1076 5087 1174 5141 orient.
1190 5095 1280 5142 πολλῶν
1289 5096 1328 5141 καί
1339 5093 1450 5160 spelpes·

183 5184 193 5207 ¹
205 5165 277 5233 Erec,
287 5177 360 5237 topic
371 5181 403 5238 τῷ
415 5177 483 5241 θέρει,
497 5167 588 5221 desunt
599 5171 625 5223 ln
637 5167 787 5237 quibusdum
799 5172 857 5223 θένα.
983 5187 994 5211 ⁰
1015 5170 1086 5222 ldem
1098 5177 1148 5224 οὔτε
1160 5173 1240 5222 solist
1250 5172 1387 5226 καταθῆνειι·
