3750 5940
80 440 210 493 cxxxv.
236 418 286 495 al.
312 442 454 495 cxxxiv.
779 420 846 496 561

112 578 181 640 mihi
196 576 333 663 pepende
350 601 434 660 qum
452 580 489 641 ait
500 580 777 662 evangelistarfflnr
790 581 858 643 alie·

112 690 173 749 nus,
186 685 213 731 et
227 671 364 752 quomodo
380 685 533 733 accuratam
548 672 623 732 Petri
636 672 859 755 pnqnicitinnem

113 762 279 824 notificetur.
292 763 363 824 Nam
375 784 438 824 cum
447 763 621 847 prerenimet
633 764 723 845 illum,
733 779 760 826 et
770 763 860 828 ridi·-

113 867 153 913 aet
167 853 323 915 linteamina
330 855 429 937 posita,
444 855 514 915 nihil
525 855 597 916 ultra
611 853 784 938 perquirivit,
808 850 863 919 ted·

113 944 314 1008 discensitzille
332 968 397 1008 vero
411 949 519 1009 fervenu
539 968 603 1009 cum
624 946 860 1027 innumerum

114 1037 258 1120 diligenter
269 1039 398 1122 inspexit,
410 1054 437 1102 et
452 1039 520 1120 quid
530 1040 648 1122 amplius
660 1039 743 1120 vidit,
757 1053 785 1103 et
795 1053 861 1101 tuuc

114 1132 161 1191 hic
175 1132 212 1193 ad
231 1133 414 1215 spectaculum
423 1146 549 1195 ceceanu
560 1147 609 1195 eet.
623 1136 694 1195 Nam
708 1146 770 1217 poet
778 1132 860 1193 illum

115 1226 267 1308 ingrersus,
301 1228 461 1311 sepulcralia
482 1229 554 1289 vidit
572 1227 689 1311 jacmtia
709 1242 737 1291 et
761 1228 860 1291 divim

116 1323 186 1380 Nam
198 1320 332 1397 divisisse,
347 1335 374 1381 et
387 1321 441 1382 hoc
456 1333 484 1381 et
496 1321 566 1382 illud
584 1322 738 1384 involutum
750 1344 861 1406 repara·

115 1410 166 1471 tim
175 1413 490 1496 poeuisae,diligentiret
500 1414 620 1476 accurati
630 1415 782 1499 cujuspiam
792 1428 861 1494 erat,

78 1505 98 1555 C
114 1526 201 1586 neque
212 1505 374 1588 perturbati.

156 1781 184 1841 5.
208 1781 255 1842 Tu
272 1802 338 1845 tero
361 1803 425 1844 cum
450 1782 568 1844 audieris
587 1782 737 1845 Dominum
756 1780 862 1844 nudum

114 1873 300 1951 resurrexisse,
316 1875 415 1936 absiste
434 1876 470 1935 ab
491 1876 586 1936 insano
605 1877 733 1938 lunmum
755 1890 859 1938 urmtu.
870 1867 894 1960 ζ

115 1966 191 2038 Quid
202 1966 256 2026 sihi
271 1967 332 2029 vult
344 1968 416 2028 enim
434 1967 481 2028 illa
493 1968 629 2050 superflua
640 1968 799 2049 inutiliaque
808 1968 861 2029 im·
871 1993 893 2023 u

115 2080 207 2139 pensa,
221 2082 280 2139 quae
295 2060 454 2141 lugentibus
472 2059 590 2121 multum
601 2062 680 2121 affert
698 2060 864 2137 detrimenti,

115 2149 242 2210 defuneto
255 2150 325 2211 nihil
338 2150 425 2229 lucri3
437 2149 492 2211 imo
506 2151 530 2211 ai
543 2173 606 2213 tere
615 2150 733 2230 dicenu,
745 2152 865 2213 multum

113 2241 226 2302 damni?
238 2243 391 2326 Sepultura
400 2264 518 2323 namque
527 2243 728 2325 magnificentia
740 2243 769 2304 in
783 2264 864 2305 mnae

113 2354 185 2417 sepe
201 2336 253 2396 luit
276 2350 306 2396 ut
321 2337 395 2396 furer
410 2356 508 2418 corpus
525 2334 632 2396 nudum
653 2348 684 2397 et·
698 2334 865 2419 inaqrultum

78 2436 98 2484 lt
112 2428 282 2508 projicerent.
308 2427 364 2489 Sed
377 2448 394 2487 o
405 2427 512 2488 inanem
531 2427 661 2507 gloriam!
673 2441 804 2509 quemm
815 2427 865 2489 ille

113 2518 140 2578 in
150 2519 227 2579 luctu
237 2519 421 2602 tyrannidem,
434 2533 564 2599 qtmntam
582 2520 716 2580 insaniam
729 2517 861 2581 catmdit!

112 2611 195 2671 Multi
207 2613 288 2688 enim,
303 2634 337 2673 ne
348 2612 377 2672 id
388 2613 503 2689 accidat,
519 2613 610 2673 tenuia
624 2612 753 2674 scindunt
762 2613 863 2674 linter·

112 2702 197 2780 mina,
209 2717 236 2763 et
243 2703 410 2764 aromatibus
423 2703 535 2785 impleta
551 2703 653 2779 multia,
664 2716 695 2763 ut
705 2704 811 2787 duplici
821 2725 865 2764 ra·

112 2795 184 2855 tione
196 2797 304 2857 furibus
315 2796 369 2858 sint
383 2797 502 2870 inutilia,
514 2796 553 2857 sic
564 2810 642 2857 terrm
654 2795 792 2857 mundant
805 2799 864 2857 An·

112 2911 165 2951 non
188 2892 246 2951 haec
262 2891 421 2968 furentium,
432 2912 522 2952 annon
540 2891 697 2951 insanorum
713 2904 787 2968 aunt,
802 2912 863 2952 am·

110 2982 239 3042 bitionem
261 3005 316 3064 prae
337 3005 366 3042 ae
385 2984 469 3060 ferre,
481 2997 508 3043 et
527 3004 638 3044 rursum
654 2983 731 3043 illam
751 2983 864 3044 tollere?

111 3074 214 3151 Etiam,
225 3075 361 3154 inquiunt,
374 3089 404 3137 ut
420 3075 519 3136 intuto
533 3076 587 3136 aint
599 3096 682 3158 perrea
694 3075 864 3153 defunctum,

111 3167 272 3228 haecomnia
288 3168 487 3228 machinamur.
504 3168 581 3242 Quid
593 3167 677 3249 ergo?
688 3170 711 3228 ai
725 3168 799 3229 iures
810 3189 864 3230 nnn

111 3259 246 3335 auferant,
259 3281 348 3320 annon
367 3282 472 3322 vmmes
486 3275 514 3321 et
536 3260 615 3322 tiueae
633 3261 774 3321 auferent?
786 3260 864 3334 Quid

111 3353 190 3414 vero?
201 3352 223 3413 si
237 3367 350 3437 pareant
365 3353 390 3414 ei
403 3376 507 3415 vernum
519 3368 546 3415 et
558 3354 645 3431 tinec,
655 3375 745 3415 annon
756 3368 864 3438 tmpus

76 3437 95 3484 Β
111 3459 137 3505 et
149 3446 236 3506 sanies
248 3445 383 3528 perdent?
394 3448 529 3507 Ponamur
544 3458 675 3506 autemut
688 3466 738 3506 noc
748 3467 862 3523 vermer,

110 3559 158 3598 nec
176 3539 264 3614 tineae,
276 3560 329 3599 nou
352 3552 470 3621 tempus,
486 3560 536 3599 nec
548 3537 691 3620 quidpiam
709 3536 786 3599 aliud
803 3539 863 3599 hec

111 3648 259 3709 consumat,
270 3632 318 3695 aed
330 3655 426 3716 corpus
437 3632 474 3693 ad
487 3654 573 3713 usque
583 3635 805 3695 resurrectionem
818 3634 862 3695 in·

110 3737 212 3784 tactum
226 3741 340 3802 maneat,
350 3741 377 3786 et
388 3726 448 3786 hcc
457 3726 547 3786 omnia
561 3747 632 3788 nova
643 3741 669 3788 et
683 3727 787 3787 minuta
801 3748 861 3786 ser-

110 3835 216 3897 ventur,
229 3821 297 3899 quid
314 3821 434 3902 amplius
448 3820 511 3880 inde
521 3819 666 3897 defunctis,
681 3820 789 3899 quando
801 3842 860 3880 cor·

110 3933 162 3993 pus
174 3912 280 3972 nudum
291 3913 479 3989 sciscitabitur,
491 3912 538 3971 illa
552 3933 616 3972 vero
627 3912 655 3971 in
665 3912 788 3993 sepulcro
801 3933 860 3972 ma-

111 4004 221 4077 nebunt,
236 4004 358 4083 nihilque
374 4025 422 4062 nos
441 4004 579 4084 juvabunt
594 4001 630 4061 ad
649 4007 779 4061 rationem
797 4004 860 4062 red-

111 4094 243 4155 dendam?
256 4097 312 4155 Cur
332 4117 404 4176 ergo,
420 4094 536 4174 inquiet,
552 4093 582 4153 id
595 4093 622 4153 in
640 4093 747 4154 Christo
758 4094 860 4155 factum

111 4188 168 4247 est?
180 4188 241 4247 Noli
256 4189 314 4249 hec
329 4211 392 4248 cum
407 4188 487 4247 rebus
501 4184 628 4244 humanis
647 4184 779 4245 miscere:
795 4206 859 4246 nam

113 4295 281 4360 unguentum
296 4280 394 4341 mulier
407 4278 536 4340 meretrix
547 4278 644 4337 effudit
658 4277 686 4337 iu
698 4292 803 4339 sanmcs
813 4301 861 4362 pe·

68 4402 104 4444 m
113 4372 170 4432 des.
182 4374 211 4433 si
230 4373 265 4433 de
287 4374 338 4433 hae
356 4393 385 4432 re
398 4372 435 4431 sit
453 4369 630 4450 loquendum,
648 4370 737 4451 primo
748 4370 860 4451 quidem

78 4461 96 4506 A
113 4466 170 4524 haec
184 4466 252 4526 facta
265 4466 373 4526 suntab
386 4465 429 4539 iis,
443 4462 491 4541 qui
506 4463 729 4523 resurrectionem
740 4464 861 4525 nondum

112 4573 256 4635 noverant5
273 4559 333 4618 ideo
351 4558 405 4635 ait,
429 4559 468 4616 Ut
488 4575 551 4616 mos
571 4555 685 4616 Judoeis
708 4570 782 4617 mat.
799 4559 861 4618 Non

112 4651 184 4709 enim
204 4672 238 4709 ex
255 4649 400 4709 duodecim
419 4660 495 4708 erant
507 4646 556 4726 qui
570 4647 609 4706 sic
622 4646 762 4708 Christum
775 4649 860 4709 hono-

113 4741 217 4816 rabant,
231 4741 279 4800 sed
292 4741 321 4800 hi
336 4761 388 4802 non
400 4739 518 4800 multum
530 4738 555 4799 ei
568 4739 680 4799 honoris
692 4740 857 4801 tribuebant.

113 4832 265 4891 Duodecim
284 4854 348 4913 ergo
368 4853 430 4892 eum
449 4852 502 4891 non
520 4831 560 4891 sic
581 4830 714 4905 colebant,
726 4831 773 4892 sed
787 4854 861 4893 mor·

113 4938 178 4999 tem,
193 4923 290 5003 eodm,
306 4924 480 5006 periculaque
499 4944 551 5004 pro
570 4922 618 4981 illo
640 4922 793 4983 subcuntes.
809 4924 861 4984 llle

113 5017 213 5098 quippe
232 5016 320 5076 honor
332 5015 444 5095 quidem
457 5027 525 5094 erat,
539 5013 586 5074 sed
600 5014 680 5094 longe
694 5013 782 5074 minor
795 5013 857 5075 isto.

133 5216 144 5240 ¹
161 5198 247 5252 llorel.
261 5205 337 5254 αὐτόν.
351 5196 418 5250 Alina
430 5198 523 5250 omisit.
