3750 5940
74 492 217 543 nxsxtu.
247 467 294 541 tl.
325 491 456 543 nxxxu.
769 467 838 568 557

98 616 192 697 liquet,
203 637 239 677 ex
248 616 387 678 uoluntate
397 615 455 676 sola
467 635 560 699 poenas
575 614 646 677 dari.
660 614 726 677 Haeo
747 616 838 696 quoti-

98 709 143 769 die
157 710 231 791 dieo,
253 731 339 789 neque
361 707 471 770 dicendi
492 708 576 770 linem
597 708 705 770 faciam.
725 711 797 771 Num
817 710 841 770 si

97 804 240 887 quidpiam
253 804 376 884 audiant,
391 804 421 865 id
435 803 507 865 lueri
527 802 651 879 obveniet
656 827 667 882 5
685 802 728 864 siu
750 801 842 867 nullus

99 898 232 978 attendat,
248 911 313 958 tunc
325 918 389 959 sane
399 896 526 975 audietis,
539 917 603 957 cum
619 894 691 957 nihil
702 916 758 956 esse
772 894 842 956 lueri

68 1001 87 1048 t>
101 992 210 1072 poterit,
222 1013 325 1072 vosque
336 992 409 1075 ipsos
421 989 595 1069 damnabitis,
609 988 799 1072 nosqueoulpa
808 988 844 1048 li-

101 1085 160 1144 beri
169 1083 281 1144 erimus.
297 1086 403 1148 Verum
412 1083 485 1145 absit
500 1097 531 1144 ut
545 1082 617 1145 hanc
639 1083 729 1144 solum
749 1081 843 1143 defen·

102 1177 205 1238 sionem
223 1177 386 1256 referamus3
412 1176 460 1237 sed
479 1175 584 1238 utinam
602 1198 651 1242 ros
666 1174 745 1237 nobis
758 1173 846 1256 gloria

102 1271 161 1332 sitis
170 1285 232 1331 ante
245 1270 365 1331 tribunal
380 1260 494 1348 Christi,
507 1284 539 1331 ut
551 1269 608 1332 illis
623 1268 705 1332 simul
723 1269 846 1330 fruamur

103 1363 190 1438 honis,
210 1364 296 1445 gratia
316 1378 343 1424 et
361 1363 527 1445 benignitate
543 1362 655 1424 Domini
676 1361 763 1423 nostri
782 1364 846 1424 lesu

104 1456 216 1535 Christi,
225 1457 336 1536 quicum
347 1456 422 1518 Patri
433 1455 530 1539 gloria,
544 1477 650 1538 unaque
656 1469 748 1518 tando
756 1453 846 1536 Spiri-

104 1550 152 1626 tul,
165 1548 193 1608 in
207 1549 305 1609 sucula
313 1548 485 1610 seculorum.
501 1551 596 1609 Amen.

60 2138 403 2148 ——-—-..——-...-.

67 2325 103 2425 Ὺ
312 2326 469 2387 Hotssttt
491 2326 658 2407 Lxxxut„

113 2511 856 2601 Car.XVlll.v.l.!{oeecumdiaeissetlesus,egres-

154 2627 202 2666 sus
220 2620 263 2667 est
278 2628 343 2668 cum
357 2609 508 2691 discipulis
523 2614 584 2671 suis
603 2623 686 2674 trans
701 2624 858 2683 torrentem

155 2700 281 2773 Cedron,
297 2703 347 2759 ubi
362 2714 426 2760 erut
439 2703 551 2776 hortus,
571 2706 603 2761 in
623 2723 709 2785 quern
726 2707 859 2764 introivit

152 2796 213 2870 ipse
223 2806 252 2853 et
265 2794 402 2873 discipuli
411 2796 481 2874 ejus.

155 2980 183 3035 l.
207 2976 380 3039 llorrendum
390 2978 457 3058 quid
465 3000 537 3042 mors
546 2992 585 3040 est
599 2980 859 3063 etterroreplenum,

114 3069 162 3129 sed
173 3091 226 3129 non
240 3070 275 3129 iis
285 3072 333 3149 qui
347 3092 463 3153 superna
479 3086 543 3133 sunt
561 3072 659 3133 imbuti
676 3073 858 3156 philosophia.

115 3161 171 3233 Qui
182 3161 253 3221 euim
265 3161 409 3223 defuturis
422 3163 493 3223 nihil
506 3164 578 3224 clare
589 3164 726 3245 coguovit,
741 3166 790 3227 sed
802 3165 858 3228 dis-

80 3282 98 3330 p
115 3254 275 3314 solutionem
281 3254 429 3336 quamdam
439 3269 466 3315 et
479 3256 561 3315 linem
573 3277 630 3317 esse
640 3256 706 3317 vitas
718 3271 806 3340 putat,
813 3259 859 3341 ju·

116 3369 145 3406 re
157 3347 247 3408 horret
258 3361 284 3407 et
297 3348 435 3425 formidat,
445 3362 475 3409 ut
485 3349 532 3428 qui
542 3369 595 3410 non
609 3348 681 3409 ultus
693 3350 802 3412 tuturus
815 3353 859 3413 sit.

116 3441 171 3500 Nos
188 3462 252 3501 vero
269 3441 317 3521 qui
330 3462 378 3522 per
393 3441 444 3500 Dei
458 3443 574 3522 gratiam
587 3441 693 3502 ooeulta
710 3455 737 3503 et
748 3442 860 3505 ahsoon·

115 3532 172 3594 dita
184 3534 322 3614 sapientiae
335 3534 392 3613 ejus
403 3533 562 3612 didicimus,
577 3547 603 3594 et
615 3547 730 3594 mortem
742 3537 861 3618 peiegri-

116 3627 250 3686 natiouem
270 3648 326 3686 esse
348 3641 495 3708 putamus,
516 3648 569 3688 non
584 3628 648 3709 juro
664 3626 859 3710 formidemus5

117 3719 172 3780 imo
183 3719 347 3800 gaudeamus
356 3733 382 3779 et
395 3721 467 3781 bono
477 3720 661 3781 animosimus
674 3736 787 3803 oportet,
798 3725 861 3803 quia

117 3835 150 3875 ex
161 3814 212 3873 hac
220 3814 294 3873 fluxa
301 3813 359 3874 vita
367 3813 403 3873 ad
412 3813 494 3874 aliam
506 3814 645 3874 meliorem
653 3836 685 3874 ae
694 3816 862 3897 splendidio-

117 3929 174 3966 rem
186 3906 321 3983 vonimus,
333 3927 392 3984 quae
405 3907 488 3966 finem
501 3926 554 3966 non
569 3907 676 3966 habeat.
688 3907 771 3980 Quod
782 3909 861 3969 Chri·

118 4015 175 4060 stus
190 4000 317 4081 operibus
340 3998 459 4078 docens,
474 4019 527 4059 non
542 3999 571 4060 vi
585 4013 610 4059 et
628 4000 800 4082 necessitate,
815 4002 863 4063 sed

117 4096 204 4156 libens
219 4096 256 4155 ud
269 4094 420 4177 passionem
432 4095 605 4169 uenit.Hoec,
617 4093 716 4173 inquit,
724 4097 862 4180 loquutus

119 4203 162 4249 est
174 4190 271 4262 lesus,
288 4201 316 4248 et
340 4207 470 4268 egressus
483 4199 526 4248 est
540 4199 623 4246 trnns
637 4198 795 4250 torrentem
810 4192 863 4251 Ce-

82 4300 101 4347 c
120 4285 205 4356 edon,
220 4285 269 4341 ubi
283 4294 346 4340 erut
367 4282 478 4353 hortus,
495 4283 527 4338 in
547 4299 633 4360 quem
650 4283 783 4342 introivit
802 4286 863 4363 ipse

121 4390 149 4437 et
172 4375 309 4456 discipuli
325 4376 398 4455 ejus.
415 4376 445 4432 l.
462 4371 579 4432 Sciebat
592 4384 691 4432 autem
708 4385 736 4435 et
747 4375 861 4448 ludas,

121 4475 171 4550 qui
188 4468 310 4528 tradidit
327 4486 403 4536 eum,
422 4466 531 4537 locum;
546 4467 617 4545 quia
619 4464 797 4547 frequenter
810 4469 862 4529 Je-

121 4584 171 4623 sus
189 4573 364 4621 convenerat
379 4558 452 4618 illuc
467 4569 533 4616 cu'm
546 4557 697 4638 discipulis
717 4563 787 4622 suis.
805 4562 864 4620 Me-

121 4657 166 4716 dia
182 4669 258 4715 nocte
271 4654 322 4714 iter
335 4651 411 4730 facit,
424 4663 570 4710 torrentem
582 4651 695 4730 transit,
711 4665 738 4712 et
758 4653 866 4713 festinat

122 4750 156 4809 ad
173 4749 262 4808 locum
283 4744 416 4827 proditori
434 4757 548 4821 notum,
569 4742 773 4805 insidiatonhus
786 4745 865 4804 labo-

122 4865 179 4902 rem
190 4841 310 4902 adimens
327 4853 354 4899 et
367 4838 493 4898 sudorem
507 4857 624 4916 omnem,
639 4838 810 4918 ostenditque
822 4839 865 4899 di-

66 4955 68 4991 ;
121 4935 234 5018 scipulis
246 4957 274 4995 so
284 4956 315 4994 eo
325 4933 463 4993 lubentem
472 4931 578 4992 venire:
591 4931 663 5010 quod
674 4932 763 5013 ipsum
776 4934 863 4992 maxi·

122 5050 164 5090 me
175 5026 306 5089 consolari
319 5046 364 5086 eos
383 5037 506 5107 poterat5
522 5043 630 5103 seseque
644 5022 673 5083 in
690 5023 769 5085 horto
788 5025 864 5104 quasi

109 5230 168 5296 tut]
178 5237 246 5298 ploos
258 5240 350 5282 νυκτῶν.
363 5222 451 5278 Motel.
464 5233 489 5275 et
501 5224 560 5274 Mas.
571 5219 615 5290 [²]
624 5233 773 5290 ptsouunsdu.
