3750 5940
50 460 58 508 ι
84 456 128 508 nr
154 457 360 538 rsanrsuuu.
771 433 842 531 673

99 596 197 664 purgat
216 595 242 641 et
264 580 393 661 abstergit
438 591 543 652 eccam,
558 576 632 638 adest
653 595 841 660 unguentum:

98 682 239 740 quousque
260 660 368 720 tandem
381 658 410 719 in
419 600 483 718 luto
497 657 627 717 relatore
647 658 750 719 haeres?
763 680 844 742 perge

98 740 135 800 ad
148 739 228 800 illum
241 763 247 797 :
260 740 358 800 etenim
391 752 482 820 ropter
496 751 522 797 te
534 737 608 797 venit
618 737 673 798 ille.
690 738 784 819 Abjice
796 761 843 801 ve-

65 834 154 881 ctera
166 818 213 878 illa
223 840 304 896 vana,
319 833 345 878 et
380 818 444 956 ilige
463 839 523 896 que
540 837 612 876 nunc
628 830 690 877 sunt
707 818 843 900 tempesti-

99 919 149 971 va;
162 898 209 957 illa
223 897 402 972 detestabilia,
433 917 471 956 aec
481 895 674 956 desiderabilia
685 909 711 956 et
723 910 821 956 aeterna
835 921 842 954 ε

99 977 161 1037 odio
173 998 331 1058 prosequere
357 976 481 1036 ristinam
495 989 621 1047 mentem,
630 995 701 1056 unge
713 977 844 1056 unguenti

99 1058 260 1132 Creatorem,
270 999 394 1116 blandire
404 1056 456 1126 illi,
462 1054 509 1134 qui
522 1069 548 1114 te
557 1055 661 1115 salvam
679 1056 765 1115 lacem
773 1056 842 1115 vult.

98 1136 230 1195 invenisti
246 1150 391 1197 amatorem
411 1134 542 1216 potiorem
555 1134 691 1208 omnibus,
704 1155 774 1215 quos
785 1156 845 1194 unr-

98 1235 180 1294 quam
192 1214 334 1289 habueris,
349 1214 522 1274 amatoribus.
537 1213 602 1272 lllos
613 1214 744 1286 osculata,
759 1213 844 1273 multa

99 1294 149 1353 tibi
166 1307 273 1374 peccata
295 1294 458 1354 cumulasti:
475 1292 549 1352 bunc
569 1292 593 1351 si
610 1293 730 1353 osculata
744 1293 844 1368 fueris,

98 1374 179 1432 etiam
193 1373 282 1453 priora
343 1386 411 1450 cata,
423 1392 482 1453 quae
497 1393 533 1432 ex
545 1371 603 1431 illis
611 1371 777 1449 contraxisti,
788 1372 846 1455 ipsc

100 1451 272 1511 condonabit.
282 1396 429 1513 Iliberum
436 1451 632 1511 ratiocinatain
644 1451 715 1512 redes
723 1451 845 1534 irrepsit,

99 1532 189 1611 aitque
204 1531 328 1592 :Recedo
342 1553 358 1591 a
371 1531 508 1593 veteribus
522 1523 611 1606 malis,
623 1545 648 1591 et
660 1552 729 1591 nova
738 1531 847 1592 invenio

99 1611 179 1686 bona,
201 1611 310 1691 illisque
325 1611 456 1671 assentior
467 1633 475 1667 ε
485 1610 546 1671 vale
563 1609 633 1685 dico,
647 1609 781 1670 etabdioo
803 1630 847 1670 me

99 1690 180 1761 malo,
199 1706 226 1750 at
266 1691 520 1771 econ'ungorbono
534 1712 541 1746 ε
556 1689 650 1748 audivi
667 1689 740 1750 enim
753 1688 846 1749 dicen·

99 1784 153 1829 tem
162 1771 232 1831 Davi
254 1792 306 1845 em,
350 1773 459 1831 credite
472 1771 513 1828 ad
524 1790 602 1846 eum,
615 1783 643 1829 et
653 1771 846 1829 ttuminamt-
857 1780 995 1830 Pulsus.

67 1854 144 1919 pne}
167 1863 193 1908 et
213 1850 362 1910 Dominum
387 1850 478 1932 ipsum
500 1847 633 1909 dicentem
654 1848 845 1944 :Appropt'n-
855 1879 907 1922 pas,
920 1877 944 1935 g,
955 1875 980 1924 g,

101 1943 190 2009 quate
200 1929 280 2007 mibi,
293 1943 321 1991 et
332 1950 384 2010 ego
393 1931 633 2010 appropinquabo
640 1931 735 1988 vobis.
741 1930 846 2010 Appro·

101 2009 202 2088 pinquo
214 2023 239 2068 et
254 2030 304 2102 ego
317 2012 385 2085 Deo,
399 2007 445 2068 sed
463 2029 557 2067 vereor
570 2007 695 2067 accedam
790 2009 844 2070 trix

102 2087 217 2162 adeum,
232 2110 279 2167 qur
291 2089 394 2170 peceati
404 2109 500 2169 expers
511 2101 559 2162 est,
573 2086 690 2146 lutuma
724 2107 847 2167 unguen-

101 2181 169 2226 tum.
193 2170 298 2228 Verum
314 2169 400 2228 babeo
422 2164 613 2226 misericordiae
637 2167 736 2247 pignus
751 2188 845 2228 vocem

101 2248 159 2326 ejus
183 2246 316 2306 dicentem
330 2271 337 2305 ε
352 2247 450 2308 Venite
464 2245 501 2306 ad
514 2267 557 2304 me
570 2266 664 2305 omnes
681 2258 844 2328 peccatores,
856 2273 943 2318 unp,
961 2284 995 2317 η,

102 2340 127 2384 et
140 2346 190 2404 ego
210 2328 331 2386 reficiam
351 2348 408 2387 vos.
427 2325 586 2386 Proficisoor
608 2325 616 2383 i
639 2325 712 2385 'ture
727 2346 781 2386 nou
803 2332 896 2387 me28·

102 2407 201 2485 probro
210 2407 305 2483 allicit,
317 2427 370 2466 non
378 2404 445 2465 dicit
453 2404 565 2477 mihi,1t
630 2426 645 2465 e
658 2426 673 2463 a
685 2426 738 2484 me,
753 2426 848 2487 perra·
877 2460 879 2464 .

102 2483 176 2543 trix:
191 2485 321 2545 hacteuus
334 2485 363 2544 in
376 2483 492 2545 tenebris
502 2483 606 2559 vixisti,
621 2497 648 2543 et
663 2504 734 2544 nunc
750 2506 794 2544 me
800 2487 846 2566 ju-

103 2563 182 2623 stitia
199 2565 282 2624 solem
297 2565 388 2625 visum
400 2563 518 2624 venisti?
533 2566 637 2624 Verum
649 2563 716 2642 quid
730 2564 847 2624 differo?

103 2643 158 2701 acci
179 2643 234 2702 iam
246 2659 425 2723 unguentum,
439 2657 464 2703 et
478 2641 589 2702 adeum
604 2664 715 2734 pergam
728 2666 735 2700 τ
748 2644 845 2703 Phari·

103 2722 148 2781 saei
157 2666 269 2782 domum
285 2724 353 2782 mibi
367 2722 554 2805 baptisterium
568 2722 675 2797 lamam,
685 2723 848 2783 etexlluen·

104 2802 138 2860 tis
161 2803 341 2883 lacrymarum
364 2802 497 2883 piscinam
514 2800 581 2860 mibi
596 2815 622 2859 et
640 2802 779 2862 lavacrum
799 2824 847 2884 pa-

103 2881 168 2940 rabo
183 2905 189 2937 :
205 2903 240 2940 ex
255 2882 388 2941 alabastm
402 2882 530 2961 unguenti
544 2880 666 2960 sigillum
684 2880 846 2941 fideliumin

102 2960 189 3019 fronte
202 2981 316 3036 sumam,
326 2975 352 3020 et
360 2959 599 3042 perpoenitentiam
609 2959 781 3020 mundabora

69 3084 87 3128 Ε
103 3040 178 3114 ratis,
190 3062 221 3098 ac
236 3040 347 3100 medica>
363 3040 490 3099 orationis
503 3060 583 3120 opera
600 3039 711 3118 laqueos
733 3061 767 3100 ev
802 3062 846 3100 am

103 3118 216 3178 diaboli.
231 3119 308 3178 Nihil
331 3119 458 3199 estquod
472 3140 524 3178 non
539 3139 652 3199 sperem.
666 3118 737 3180 Novi
750 3119 779 3178 in
790 3123 846 3184 Ve·
856 3142 904 3186 aar.
919 3155 941 3185 η.

105 3199 153 3257 teri
166 3200 338 3258 Testamento
348 3200 424 3258 Raab
438 3198 611 3273 meretricem,
622 3219 682 3277 quae
692 3197 728 3258 ad
740 3213 845 3280 portam

105 3278 180 3337 urbis
189 3277 357 3337 domicilium
390 3279 473 3338 cecati
484 3277 659 3337 collocaverat
674 3302 681 3335 z
697 3280 772 3358 atqui
789 3280 796 3338 i
817 3302 845 3339 sa

105 3378 167 3416 eum
188 3358 294 3418 lsrailis
319 3301 499 3439 exploratores
519 3357 680 3448 excepisset,
697 3379 741 3418 me
803 3380 846 3419 em

105 3437 296 3515 hospitalitatis
307 3439 392 3505 vitam
404 3437 516 3518 accepit.
531 3438 584 3510 Qnr
598 3438 670 3497 enim
685 3459 745 3498 eam
756 3459 847 3499 serva·

106 3515 145 3578 vit
153 3520 231 3579 Jesus
240 3520 324 3593 Nave,
335 3521 399 3578 Jesu
410 3519 467 3577 veri
479 3518 596 3596 liguram
606 3518 703 3597 gessit:
712 3518 847 3600 optimum

105 3597 236 3656 meretrici
244 3599 385 3678 praemium
397 3611 505 3680 propter
514 3597 695 3678 exploratores
702 3599 764 3659 Jesu
774 3599 849 3659 Nave

105 3676 179 3734 filius
192 3677 306 3757 largitus
319 3692 366 3738 est.
382 3678 412 3737 Si
426 3691 484 3737 tum
498 3677 582 3757 igitur
592 3680 655 3738 lesu
670 3698 765 3736 nomen
777 3678 848 3736 salu-

105 3769 195 3817 temet
210 3772 382 3837 peccatorum
401 3757 584 3816 remissionem
595 3757 703 3833 attulit3
719 3777 848 3816 nuncvc·

104 3857 150 3894 rus
163 3839 250 3913 Jesus,
262 3852 288 3896 et
298 3838 375 3915 virgo
387 3851 412 3896 et
421 3858 456 3895 ex
464 3837 579 3914 Virgine
588 3850 675 3909 natus,
682 3835 848 3895 meretricem

104 3914 221 3995 hospitio
244 3917 302 3975 cxci
326 3918 430 3991 ientcm,
448 3931 473 3974 et
490 3929 625 3994 unguento
644 3913 724 3994 pedes
745 3934 848 3993 ungen-

66 4009 88 4045 51
105 4008 167 4067 tem,
181 3939 362 4084 repellendam
382 3995 507 4068 censebit,
521 4016 553 4052 ac
571 4015 626 4053 nou
642 3993 732 4074 potius
750 4015 848 4074 pecca-

72 4067 86 4110 l
104 4086 193 4132 torum
205 4073 372 4153 indulgentia
395 4073 528 4132 donabit?
542 4075 646 4135 Vemm
659 4086 723 4132 tunc
737 4073 848 4151 quidem

105 4153 180 4212 Raab
194 4152 375 4232 exploratores
385 4152 499 4228 dimisit,
510 4173 558 4232 ego
569 4174 632 4211 vero
647 4166 796 4212 constanter
809 4166 848 4212 te·

103 4253 152 4291 neo
164 4254 243 4311 quem
257 4233 480 4306 desideraveram,
491 4253 543 4291 non
553 4246 584 4291 ut
593 4231 640 4290 illa
650 4231 847 4313 exploratorem

103 4311 189 4387 urbis,
205 4311 251 4371 sed
266 4327 296 4371 ut
311 4313 478 4394 Episcopum
489 4312 641 4370 animarum
660 4312 782 4371 omniurn
797 4312 846 4372 bo·
861 4345 880 4375 ι.
893 4333 943 4376 uer.
959 4348 982 4378 ι.

103 4391 217 4450 minum.
245 4391 314 4451 Ecce
333 4393 372 4451 uti
411 4413 436 4466 e,
454 4405 485 4450 ut
502 4391 573 4466 dixi,
596 4404 702 4482 tempus
722 4390 845 4469 advenit,
856 4395 895 4441 ²5·

102 4471 175 4548 quod
195 4493 301 4531 cernere
320 4415 464 4552 omilim
480 4470 573 4530 illuxit
594 4471 662 4529 milu
678 4469 737 4532 dies
755 4472 847 4551 solque

99 4551 111 4629 j
116 4550 211 4609 ustitia
226 4566 252 4610 et
267 4573 352 4609 annus
365 4550 537 4632 acceptabilis
551 4550 705 4626 aDomino,
714 4564 740 4611 et
749 4573 846 4632 magna

102 4651 117 4688 a
133 4633 189 4688 Deo
201 4631 328 4690 visitatio.
345 4633 417 4692 Vere
427 4651 542 4709 namque
555 4630 677 4690 visitavit
689 4651 738 4691 nos
750 4633 847 4692 Oriens

103 4731 136 4768 ex
148 4711 211 4783 alto,
228 4725 257 4768 ut
271 4724 410 4791 appareret
425 4709 468 4782 iis,
482 4710 528 4789 qui
542 4709 570 4769 in
583 4709 700 4770 tenebris
709 4724 735 4771 et
749 4712 847 4772 inum-

103 4788 151 4848 bra
166 4790 262 4848 mortis
282 4789 382 4848 sedent.
398 4791 428 4848 lu
440 4788 560 4849 Simonis
573 4789 677 4850 adibus
694 4789 847 4852 diversatur
858 4807 911 4850 tac.
921 4819 943 4863 7.
957 4807 998 4854 36.

103 4869 253 4945 Dominus,
274 4891 384 4950 pergam
397 4868 434 4929 ad
447 4869 535 4929 illum.
550 4869 625 4942 Quid
642 4892 707 4930 vero
724 4871 845 4930 ladam?

123 4948 216 5006 lorabo
237 4963 268 5008 ut
288 4949 405 5030 ploravit
427 4951 502 5008 dnna
525 4948 713 5011 sterilitatem?
730 4949 785 5010 Sed
803 4972 846 5010 mc

103 4971 197 5087 Simon
211 5028 286 5107 quasi
297 5028 399 5088 ebriam
414 5028 560 5109 reputabit,
573 5043 602 5088 ut
616 5029 752 5109 quondam
765 5029 846 5089 etiam

104 5106 164 5167 Heli
189 5107 310 5189 pontifex
328 5111 442 5168 Annam.
461 5107 515 5167 Sed
533 5108 646 5170 manebo
668 5129 746 5170 orans
768 5108 847 5169 eorde
861 5140 880 5171 1.
893 5127 951 5184 [teg.
967 5141 986 5172 r.

89 5264 128 5309 ria
140 5261 206 5311 ualui·
221 5279 307 5324 rupeas
314 5271 341 5324 51,
352 5264 389 5310 καῖ
399 5264 564 5323 moriremur.
