3750 5940
78 461 198 513 uxxrx.
227 438 276 512 al.
305 463 447 512 uxxuu.
793 437 863 512 533

63 611 65 648 :
117 583 229 665 dorent,
249 586 338 668 ipsum
366 608 418 646 non
448 586 611 645 moriturum
640 606 712 661 ease,
734 585 865 664 dubiique

63 704 65 735 ι
117 693 204 758 erant,
221 683 374 761 ignorantes
392 679 459 760 quid
481 679 646 760 significaret
669 678 752 758 illud,
767 680 865 738 Modi-

63 793 66 835 :
118 793 197 842 cum;
209 773 247 832 ait
267 773 313 833 ille
329 797 336 831 τ
353 774 515 834 Plorabitis
535 785 564 832 et
567 773 696 858 jlebiti55
709 773 762 831 sed
775 775 864 832 tristi·

118 868 162 924 tia
180 878 282 926 uestra
302 880 435 926 ‘uertatur
449 870 482 925 in
499 866 648 946 gaudium.
665 861 769 923 Deinde
788 877 863 945 poet·

63 982 65 1012 ι
118 977 200 1035 quam
221 958 338 1018 ostendit
348 973 408 1040 post
436 959 575 1019 tristitiam
596 969 775 1036 sequuturum
798 976 865 1036 gau·

63 1095 64 1103 r
116 1048 193 1110 dium
222 1071 294 1126 esse,
321 1071 517 1131 moeroremque
542 1049 665 1110 letitiam
690 1047 862 1130 pariturum,

72 1190 109 1228 m
118 1144 260 1224 ipsumque
276 1145 387 1204 brevem
403 1166 459 1204 esse
470 1145 603 1219 sutorum,
613 1142 790 1222 laetitiamque
802 1163 864 1224 pen

63 1273 64 1277 ,
82 1245 101 1290 Δ
116 1253 235 1320 petuam,
245 1238 280 1298 ad
300 1239 415 1319 vulgare
433 1238 553 1297 decurrit
568 1235 744 1318 exemplum:
757 1248 783 1295 et
796 1233 865 1315 (prid

116 1331 172 1389 ait?
193 1334 242 1391 nt.
260 1333 372 1390 Mulier
395 1353 461 1390 eum
486 1334 582 1411 parit,
600 1332 752 1388 tristitiam
764 1329 862 1388 habet.

117 1427 177 1498 Qua
192 1423 320 1504 parabola
333 1423 470 1505 prophetae
484 1423 637 1502 [requenter
652 1421 694 1480 usi
704 1433 777 1498 aunt,
792 1441 861 1480 moe·

116 1537 203 1576 rorem
215 1531 309 1599 partus
328 1516 469 1577 doloribus
490 1530 682 1598 comparantes.
697 1514 756 1575 lloc
771 1528 862 1575 autem

115 1610 176 1670 vult
186 1610 340 1690 significare
350 1634 357 1666 ε
368 1612 427 1672 Vos
434 1631 482 1670 eeu
491 1623 585 1691 partus
591 1609 699 1669 dolores
711 1607 859 1685 invadent3
871 1596 905 1700 ⁶¹¹:

114 1716 141 1761 at
155 1716 248 1783 partus
261 1703 340 1763 dolor
355 1717 394 1763 est
412 1703 514 1762 laetitiae
533 1723 611 1761 eausa
625 1701 722 1760 :sicet
740 1700 861 1760 suturam
872 1728 905 1766 rm

113 1798 333 1859 resurrectionem
340 1795 863 1876 confirmans,ostendensquehinoabire

114 1890 225 1972 perinde
240 1912 296 1951 esse
308 1905 388 1970 atque
400 1913 434 1950 ex
446 1903 522 1950 utero
540 1891 569 1949 iu
585 1888 756 1971 splendidam
771 1887 864 1970 egredi

113 1984 215 2056 lucem;
227 2005 258 2042 ac
272 1983 295 2043 si
309 1984 420 2054 diceret,
433 1985 474 2042 Ne
489 1981 624 2042 miremini
639 1980 711 2062 quod
723 2003 772 2063 per
790 1981 864 2043 hunc

114 2076 237 2137 dolorem
248 2098 297 2136 vos
313 2077 349 2136 ad
363 2076 442 2136 utilia
457 2075 556 2136 ducam
572 2100 578 2133 :
595 2096 657 2135 nam
671 2087 758 2134 mater
766 2074 864 2156 aioper

79 2169 234 2229 udolorem
259 2182 345 2229 mater
372 2169 499 2228 efficitur.
527 2167 581 2228 llio
608 2168 691 2227 mam
715 2168 863 2249 mysticum

61 2253 63 2258 Α
114 2261 253 2343 quidpiam
261 2261 425 2338 subindicat,
433 2260 508 2341 quod
520 2262 579 2343 ipse
586 2281 694 2340 quoque
710 2260 807 2320 mortis
814 2258 863 2321 do·

115 2353 182 2412 lores
197 2354 318 2431 solverit,
331 2368 357 2414 et
370 2374 473 2414 novum
494 2353 632 2412 hominem
650 2352 802 2432 regenerari
815 2373 863 2412 eu-

61 2485 62 2491 1
114 2447 223 2506 raverit.
240 2449 300 2506 Non
315 2446 388 2505 dixit
404 2460 495 2504 autem
509 2446 597 2504 solum
614 2443 753 2504 tristitiam
776 2458 863 2506 trans·

114 2539 225 2614 ituram,
238 2538 286 2598 sed
308 2560 341 2598 ne
358 2551 489 2598 memorat
510 2536 587 2596 illam
607 2535 737 2616 quidem;
757 2550 864 2598 tantum

114 2645 171 2691 erat
183 2631 364 2691 adventurum
373 2629 564 2711 gaudiumsic
576 2628 675 2689 sanctis
688 2629 800 2690 eveniet.
810 2632 861 2689 At-

114 2725 160 2802 qui
181 2745 233 2783 non
257 2723 318 2783 ideo
340 2722 440 2803 gairdet
454 2721 562 2798 mulier,
575 2721 638 2801 quia
649 2713 725 2781 venit
738 2722 821 2782 homo
833 2722 862 2781 in

112 2816 257 2892 mundum,
273 2814 320 2874 sed
333 2815 396 2894 quia
417 2814 470 2873 sihi
489 2827 568 2872 natus
588 2826 626 2871 est
645 2813 740 2871 inians.
755 2815 826 2872 Nam
839 2813 862 2873 ai

114 2908 173 2967 ideo
189 2908 325 2988 gauderet,
339 2908 409 2967 nihil
424 2905 564 2987 impediret
577 2907 723 2983 quominus
735 2904 790 2963 illae
800 2927 861 2984 quae

112 3023 165 3061 non
185 3003 303 3083 pariunt,
318 3002 353 3062 de
369 3001 431 3060 aliis
451 2999 619 3082 parientibus
636 2996 792 3079 gauderent.
805 3000 862 3058 (lue

113 3118 176 3177 ergo
195 3097 233 3156 sic
250 3101 380 3175 loquutus
399 3096 457 3154 est?
471 3095 542 3167 Quia
565 3093 601 3153 ad
621 3093 674 3152 hoc
693 3094 782 3153 solum
796 3115 861 3153 usus

75 3201 93 3248 c
112 3203 150 3248 est
169 3189 303 3271 exemplo,
319 3187 507 3248 utostenderet
521 3201 723 3269 temporaneum
738 3207 794 3247 ease
810 3186 860 3247 do-

111 3281 211 3355 lorem,
237 3280 368 3360 gaudium
387 3280 452 3340 iero
471 3293 632 3361 perpetuum
639 3301 648 3355 3
671 3292 785 3338 mortem
804 3301 861 3340 esse

111 3373 312 3432 translationem
322 3371 359 3431 ad
372 3373 466 3447 vitam,
480 3391 663 3451 magnumque
675 3383 769 3452 partus
783 3369 860 3431 dolo-

111 3488 171 3526 rum
194 3466 310 3524 lucrum.
332 3468 388 3525 Nec
406 3464 496 3538 dixit,
515 3466 600 3527 Natus
621 3476 660 3522 est
682 3461 781 3545 inians,
802 3462 859 3539 sod,

111 3561 216 3616 Homo.
226 3559 278 3617 llio
291 3559 363 3617 enim
373 3558 593 3617 resurrectionem
603 3577 680 3615 suam
687 3554 859 3616 subindicare

110 3652 227 3730 uidetur,
236 3668 263 3713 et
277 3653 350 3733 quod
364 3675 416 3712 nou
431 3652 512 3711 morti
528 3651 568 3710 illi
580 3649 761 3732 parientiam
775 3671 858 3730 reguo

108 3760 269 3809 nasceretur.
291 3747 353 3805 ldeo
375 3767 428 3805 non
447 3745 529 3821 dixit,
550 3748 635 3804 Natus
652 3757 691 3802 est
713 3743 737 3802 ei
757 3743 855 3818 inians,

109 3837 166 3916 sed,
183 3844 279 3899 Homo
301 3851 450 3898 natusest
474 3843 506 3896 in
534 3839 653 3895 mundo.
670 3840 720 3896 Ὦ.
734 3838 776 3894 Et
800 3856 855 3895 uos

110 3954 186 3992 nuuc
198 3933 315 4014 quidem
337 3936 490 3991 tristitiam
503 3933 650 3990 habebitis
659 3952 672 4002 ,·
683 3933 788 3988 iterum
802 3950 855 3988 au·

108 4037 165 4083 tem
179 4028 284 4083 videbo
302 4046 368 4096 vos,
380 4037 408 4083 et
430 4027 551 4083 tristitia
564 4034 664 4080 vestra
680 4033 814 4079 vertetur
822 4026 857 4080 in

106 4120 256 4197 gaudium.
270 4117 375 4176 Deinde
393 4116 465 4196 quod
481 4137 534 4174 non
557 4115 628 4174 ultra
651 4113 797 4173 moriturus
810 4115 854 4191 sit,

107 4212 263 4290 inquit:Et
290 4233 374 4270 nemo
397 4212 475 4268 illud
500 4209 584 4267 tollet
599 4229 620 4266 a
637 4211 731 4267 vobis.
751 4208 801 4267 25.
817 4212 856 4267 In

69 4302 89 4347 Ι)
106 4306 160 4363 illa
173 4306 220 4363 die
234 4325 347 4363 inenon
361 4305 501 4384 rogabitis
512 4301 682 4381 quidquam.
692 4300 855 4359 Iterumau-

105 4411 158 4455 tem
175 4396 245 4454 nihil
262 4394 338 4454 aliud
356 4395 400 4453 his
417 4394 569 4468 confirmat,
582 4413 664 4471 quam
680 4389 783 4470 quoda
798 4393 856 4452 lleo

104 4489 148 4546 sit.
169 4490 248 4547 Tunc
271 4487 359 4546 scietis
378 4486 478 4546 omnia.
498 4483 575 4559 Quid
593 4483 646 4544 sibi
667 4483 728 4546 vult
749 4497 852 4561 autem,

104 4584 155 4639 Me
176 4603 235 4640 non
248 4583 408 4662 rogabitis?
421 4578 572 4641 Mediatore
587 4599 656 4660 opus
672 4599 725 4637 non
744 4578 853 4638 habebi·

103 4673 146 4748 tis,
161 4673 208 4732 sed
233 4672 349 4732 sufficiet
360 4672 449 4731 solum
470 4692 566 4730 nomen
588 4671 708 4752 proferre
720 4683 752 4729 ut
765 4683 854 4730 totum

102 4766 251 4846 arripiatis;
271 4769 319 4826 95.
346 4766 460 4837 Amen,
486 4786 573 4824 amen
600 4766 666 4824 dico
695 4767 799 4823 uobis.-
828 4768 855 4823 si

102 4861 175 4937 quaid
187 4863 328 4938 petieritis
346 4861 467 4917 Patrem
476 4862 509 4916 in
530 4862 646 4916 nomine
663 4878 737 4916 meo.
756 4858 854 4917 Osten-

102 4951 143 5010 dit
175 4952 291 5011 nominis
325 4964 496 5033 potestatem,
528 4950 660 5030 sirpridem
694 4971 741 5009 nec
778 4949 854 5009 visus

84 5165 163 5213 nostri
173 5205 179 5227 ,
190 5162 234 5213 sed
250 5169 387 5218 necessarie
400 5182 427 5216 en
443 5183 494 5218 csse
507 5166 555 5218 lroc
575 5166 644 5228 loeo,
658 5159 788 5214 declarant
798 5178 852 5229 quiue

87 5245 243 5308 aequitatum]
