3750 5940
227 422 306 518 -448
393 404 396 409 ’
568 448 599 498 s.
625 448 765 498 sosuurs
790 447 977 498 canrsosr.
1007 405 1161 500 sucurre.
1188 416 1463 497 οοιιετιιιτιιισε.

1625 567 1633 588 Ι

1660 594 1663 606 ι

231 571 281 653 52.
301 572 340 631 Ut
357 583 546 652 congregaret
558 592 607 632 eos
628 576 678 654 qul
695 593 785 654 prope
790 584 846 653 ,at
865 575 979 654 eosqui
1030 571 1152 652 μοκροίν;
1171 569 1223 632 Ἓν
1238 573 1318 650 σῶμα
1331 570 1465 642 ἐποίησεν.
1480 569 1517 631 Ὁ
1537 571 1566 629 lu
1579 568 1661 650 Ῥινμ

228 663 333 742 procul
344 663 538 723 suntlUnum
553 683 650 745 corpus
664 663 793 724 reddidit.
808 662 864 737 Qui
885 663 977 723 Romae
1029 663 1154 737 νσς,τσθς
1168 663 1265 733 Ἰνδσθς
1279 653 1439 741 μίλσςιῖναι
1456 663 1560 743 νομίζει
1576 666 1663 722 tanea·

229 768 284 831 est,
297 755 382 842 Indos
394 770 472 838 putat
485 757 637 817 membrum
652 779 731 818 suum
745 779 809 818 esse.
827 756 904 830 Quid
913 756 979 816 huic
1028 780 1076 827 της
1087 760 1136 829 τῆς
1153 760 1309 838 συναγωγῆς
1318 755 1392 831 ῐσον;
1403 750 1459 817 tat
1470 755 1583 818 ποίντυιν
1599 778 1663 837 κτρα

103 895 120 912 .
229 847 429 929 congregationi
448 850 518 930 par?
539 849 722 930 Omniumque
740 863 822 932 caput
834 862 875 910 est
899 848 978 909 Chri·
1029 849 1099 918 στίς.
1114 847 1172 910 Ἀπ’
1192 850 1295 922 ῖκιίνης
1316 853 1365 922 τῆς
1373 850 1477 931 ἡμίρας
1490 847 1663 910 mnam

230 944 354 1003 stusbb.
367 942 419 1001 At
434 943 488 1002 illa
500 943 548 1003 die
559 947 761 1025 cogitaverunt
771 945 871 1005 Judoei
883 957 914 1003 ut
933 948 978 1003 in·
1029 941 1115 1013 δαῖοι,
1126 939 1169 1000 lua
1190 943 1382 1004 ἀποκτείνωσιν
1403 941 1492 1003 αὐτόν.
1519 940 1575 1002 Καὶ
1601 938 1656 1019 μὴν

230 1037 394 1119 terfieerent
412 1058 489 1098 eum.
512 1041 598 1098 Antea
611 1038 789 1118 'quaerelmnt3
808 1037 876 1099 dicit
888 1037 975 1113 enim,
1029 1032 1146 1104 ἐζήτουν·
1160 1034 1241 1116 Λίγιι
1263 1034 1330 1117 γάρ·
1345 1033 1399 1095 Ati
1420 1041 1499 1096 τοῦτο
1523 1033 1663 1107 ἕζιίτωιῦ

78 1132 302 1190 Jaaa.5.18.1deo
326 1134 496 1212 quoerebant
519 1152 585 1191 eum
607 1133 706 1191 Judaei
729 1131 910 1214 interpam
932 1145 974 1201 et,
1029 1126 1106 1187 αὐτὸν
1131 1128 1298 1187 ἀποκτεῖναι·
1321 1127 1382 1200 καθ,
1396 1125 1434 1188 Τί
1459 1151 1495 1208 με
1515 1129 1663 1201 (arsisti

78 1211 99 1244 ⁰¹
114 1215 135 1260 7·
150 1212 188 1247 ²⁰·
233 1225 368 1303 Quidme
380 1227 511 1305 queritis
525 1224 709 1306 interjicere?
722 1222 776 1284 Sed
796 1236 861 1284 tunc
873 1243 977 1302 quare·
1030 1219 1109 1279 Ἀλλὰ
1121 1218 1182 1281 τότε
1194 1219 1242 1300 μὲν
1255 1221 1374 1300 ἐζήτουν,
1386 1219 1663 1302 mantuam

230 1316 312 1393 hant,
334 1337 407 1377 nunc
423 1330 513 1377 autem
534 1316 564 1377 id
583 1329 749 1388 statuerunt,
763 1329 789 1376 et
809 1316 848 1376 rei
866 1337 977 1375 manium
1031 1335 1094 1388 μην,
1108 1311 1203 1381 καθὼς
1216 1312 1286 1396 ἔργῳ
1299 1318 1338 1396 τῷ
1359 1315 1501 1395 πράγματι
1524 1313 1663 1395 κίχρηνσα

154 1458 156 1463 .
224 1406 416 1468 'admoverunt
430 1410 478 1471 St.
496 1409 583 1469 Jesus
603 1421 703 1469 autern
715 1412 782 1490 jam
804 1428 864 1467 non
874 1408 978 1489 palam
994 1421 1013 1468 c
1032 1404 1060 1465 δὲ
1072 1405 1125 1471 οὐκ,
1138 1404 1177 1466 ίτι
1190 1406 1328 1489 παρρησίᾳ
1341 1406 1500 1488 περιεπάτει
1510 1408 1539 1466 ἐν
1558 1411 1596 1487 τῇ
1609 1405 1663 1466 ’lou

232 1503 406 1562 ambulabat
421 1507 453 1562 in
471 1503 589 1562 Juaaea.
602 1503 708 1562 Rursus
720 1501 840 1563 humano
850 1522 925 1562 more
933 1523 977 1561 sa-
1030 1498 1072 1556 λιν
1091 1498 1261 1579 ἀνθρωπίνως
1274 1498 1368 1560 lauth*
1388 1497 1482 1574 σαίζιι,
1506 1497 1553 1559 ιιιθ
1577 1500 1663 1580 mxl

230 1593 348 1654 lutisure
359 1609 452 1672 cavet,
467 1595 662 1674 etfrequenter
675 1595 808 1655 hoclaeit
1031 1596 1112 1649 ποιεῖ.
1615 1593 1620 1600 ’

271 1689 299 1745 2.
310 1689 374 1750 lam
386 1708 496 1746 causam
509 1686 588 1759 dini,
603 1708 652 1746 eur
662 1688 814 1768 frequenter
826 1687 941 1762 abierit,
952 1701 978 1746 et
1071 1681 1130 1754 Τὴν
1144 1681 1172 1742 bl
1193 1683 1281 1742 αἰτίαν
1295 1674 1379 1758 εἷπον,
1394 1687 1429 1745 δι’
1443 1683 1478 1757 ἣν
1494 1681 1663 1751 aeithali

230 1779 374 1839 secoeserit.
384 1780 463 1839 Nunc
474 1778 703 1862 prupedesertum
714 1778 859 1839 habitatin
872 1779 980 1860 Ephra-
1031 1773 1195 1856 ἀνεχώρησε.
1220 1775 1274 1836 Καί
1294 1783 1340 1837 νῦν
1362 1776 1439 1858 eppe
1451 1781 1501 1850 τῆς
1514 1776 1618 1858 ῖρήμοσ
1637 1774 1663 1835 δι’

121 1883 274 1949 οιιιιιυιιε,
289 1885 315 1932 et
330 1871 370 1932 ibi
385 1872 510 1933 manebat
523 1894 586 1932 eum
603 1871 747 1954 discipulis
762 1872 827 1932 suis.
841 1872 980 1944 Quantum
1031 1865 1154 1948 Ἐρρατθ
1166 1915 1173 1938 ,
1186 1868 1232 1927 καί
1247 1871 1303 1930 lact
1320 1869 1397 1950 ίρανο
1411 1869 1480 1952 μετὰ
1498 1873 1553 1929 τῶν
1568 1870 1663 1948 μαθηά

74 1947 179 2053 ssffiz
180 1984 220 2069 „g
231 1980 311 2048 putas
334 1967 456 2027 turbatos
474 1967 557 2027 luisse
575 1965 721 2049 discipulos
744 1964 867 2028 videnter
890 1965 981 2047 ipsum
1030 1960 1095 2027 Πῶς
1114 1958 1164 2021 alu
1177 1961 1344 2042 θορυὸεῖσθαι
1364 1962 1425 2032 τοὺς
1447 1961 1585 2042 μαθητὰς,
1600 1963 1663 2044 ep&

231 2058 349 2119 humano
371 2081 446 2120 more
459 2059 542 2120 saluti
563 2080 618 2118 suae
640 2057 804 2141 providere?
821 2060 907 2118 Nemo
921 2059 980 2140 jam
1031 2051 1202 2132 ἀνθρωπίνως
1225 2055 1390 2134 σωζόμενον,
1404 2055 1501 2124 Οθδιὶς
1523 2053 1619 2115 λοιπθι
1633 2054 1663 2125 u

230 2166 361 2231 sequutus
385 2166 433 2213 est.
455 2154 526 2213 Nam
547 2173 609 2212 cum
621 2172 707 2234 prope
721 2164 789 2212 esset
801 2149 860 2212 dies
878 2150 978 2229 fatus,
1031 2145 1089 2216 Τῆς
1101 2141 1153 2225 γὰρ
1166 2149 1258 2226 ἑορτῆς
1271 2146 1353 2220 οὔσης
1365 2147 1456 2230 tabe,
1471 2147 1571 2215 πάντες
1582 2145 1628 2206 ἐπὶ
1643 2144 1663 2207 α

229 2264 321 2304 omnes
336 2245 534 2326 lerosolymam
553 2243 747 2319 accurrebant3
757 2242 810 2326 ipsi
823 2262 902 2318 suu,
919 2265 982 2303 cum
1030 2239 1103 2315 λυμιι
1116 2236 1235 2320 ἔτρεχον·
1246 2239 1319 2301 αὐτοὶ
1328 2239 1370 2313 δὲ,
1383 2239 1428 2302 δτι
1441 2239 1540 2309 πάντες
1553 2238 1659 2321 ίχαιρστ

228 2339 376 2419 gauderent
385 2362 478 2402 omncs
487 2356 512 2400 et
521 2342 619 2400 festum
629 2353 754 2420 agerent,
769 2353 833 2399 tunc
845 2339 979 2409 latebant,
1031 2328 1165 2410 ηγῦριζιι,
1179 2331 1240 2392 τότε
1259 2330 1436 2416 spuma,
1456 2332 1519 2394 τότε
1530 2335 1560 2392 ἐν
1573 2329 1663 2391 aab«

229 2445 293 2491 tunc
302 2431 466 2514 inpericulis
478 2446 568 2506 erant;
588 2444 705 2491 attamen
720 2430 884 2512 perstabant.
904 2433 982 2490 Certe
1032 2425 1092 2484 ἀλλ’
1111 2424 1184 2505 ὅμως
1193 2425 1352 2507 παρίμινον.
1367 2425 1421 2487 Καὶ
1434 2424 1489 2507 γὰρ
1501 2427 1530 2485 lu
1543 2429 1579 2506 τῇ
1592 2422 1663 2485 ratu

228 2544 292 2585 cum
308 2525 411 2585 Pascha
426 2539 453 2585 et
475 2525 639 2606 scenopegia
665 2523 876 2600 celebrarentur,
892 2523 933 2583 illi
953 2523 981 2584 in
1031 2515 1125 2598 πσῖσχα
1138 2517 1211 2587 ὄντος
1224 2519 1334 2592 καὶτῆς
1355 2517 1553 2598 σκηνοπηγίας,
1567 2514 1663 2598 hspite

223 2615 343 2676 Galilaea
355 2616 484 2677 latebant.
494 2618 614 2677 Rursum
624 2630 716 2698 postea
728 2615 756 2675 in
765 2615 810 2676 die
819 2615 887 2676 leste
894 2661 903 2692 ,
912 2614 979 2676 dum
995 2625 1014 2671 ιι
1031 2607 1111 2669 πάλιν
1124 2610 1192 2690 preb
1206 2618 1308 2686 ταῦτα,
1319 2614 1368 2683 τῆς
1376 2614 1471 2692 θορτῆς
1483 2609 1582 2685 ultus,
1592 2614 1663 2691 τῖρφι

228 2707 279 2768 soli
292 2729 356 2769 cum
369 2708 503 2789 Magistro
523 2709 645 2788 ingerent
657 2721 684 2767 et
696 2708 827 2784 laterent,
841 2728 918 2767 suam
932 2729 978 2767 er-
1028 2703 1068 2782 τιῖι
1078 2701 1240 2781 κρύπτεσθαι
1251 2705 1326 2784 μόνοι
1336 2707 1391 2764 τῶν
1400 2704 1490 2765 ἄλλων
1502 2699 1663 2783 μττθτοῦίιθ

220 2821 263 2881 ga
281 2800 360 2862 illum
373 2802 588 2864 benevolentiam
601 2801 785 2862 ostendebant.
806 2801 877 2862 Hinc
891 2802 979 2863 Lucas
1030 2795 1080 2866 ι’θι
1091 2795 1192 2856 ιῦιοιιιι
1206 2794 1446 2876 Ἷπιδεικνθμινοι.
1458 2795 1599 2858 Ἐντιθθίν
1615 2815 1663 2878 pqr

97 2930 133 2958 nc.
149 2928 186 2960 αι.
229 2893 421 2955 illumdixissc
431 2895 470 2955 ait
485 2918 491 2952 ι
507 2897 573 2977 Ego
585 2898 770 2976 perseveravi
783 2897 936 2954 uobiscum
946 2899 978 2953 in
1030 2897 1079 2955 ιιθς
1094 2887 1172 2948 αὐτὸν
1193 2890 1343 2972 εἰρηκέναι,
1356 2891 1431 2970 Ἐγὼ
1449 2889 1603 2970 παρίμεινα
1617 2891 1663 2968 ipsi

78 2989 92 3020 ²
112 3008 117 3020 ·
227 2991 449 3048 tentationibus.
467 2987 533 3048 Haec
548 3008 629 3069 portu
642 2986 751 3047 dicebat
763 3000 793 3045 ut
813 2985 977 3062 ostenderet,
1028 2990 1194 3062 πειρασμοῖς.
1208 2985 1303 3043 Ταῦτα
1323 2983 1351 3046 δὲ
1374 2982 1465 3064 liene,
1479 2980 1583 3050 διανθς
1600 2979 1663 3041 lna

228 3078 292 3140 illos
305 3079 391 3161 gratia
406 3101 455 3141 sua
468 3079 599 3140 roborari.
614 3082 662 3141 55.
676 3079 768 3139 Multi
781 3081 860 3138 enim
874 3080 911 3139 de
932 3099 977 3137 re·
1029 3074 1108 3132 αὐτοῦ
1124 3078 1207 3156 ῥοπῆς
1216 3077 1430 3157 ίνδυνοροίίνται.
1447 3076 1551 3136 Πολλοὶ
1566 3075 1663 3136 dibre

226 3175 313 3252 ριόπο
327 3173 545 3245 ascenderat,
562 3184 593 3231 ut
612 3170 833 3252 sanctificarent
852 3175 971 3252 seipsos.
1029 3164 1162 3238 ἄνὲὅησαν
1183 3167 1288 3248 ἁγνίσαι
1302 3168 1419 3237 ἑαυταῖς·
1431 3169 1486 3230 Καὶ
1505 3167 1608 3228 ἔδωκαν
1621 3187 1663 3247 nt

229 3265 277 3322 57.
290 3266 331 3324 Et
341 3266 482 3324 dederant
490 3265 645 3346 pontifices
655 3275 683 3322 et
694 3264 841 3323 Pharisoei
852 3266 975 3323 manda·
1028 3261 1052 3318 οἱ
1066 3261 1198 3341 ἀρχιερεῖς
1211 3263 1256 3321 καὶ
1276 3265 1300 3323 οἱ
1320 3264 1487 3344 Φαρισαῖοι,
1499 3261 1544 3321 θνα
1564 3261 1663 3323 πιιίοιισ

180 3383 190 3394 =
228 3368 277 3427 ta,
302 3367 334 3414 ut
356 3355 605 3435 apprehenderent
617 3375 694 3414 eum.
711 3354 784 3413 Mira
799 3355 975 3416 sanctificatio
1028 3351 1191 3431 Θαυμαστὸς
1207 3356 1342 3434 ἁγνισμδς,
1364 3354 1433 3434 peel
1449 3354 1591 3435 μιαιρόνου
1610 3375 1663 3434 πρυ

227 3467 289 3508 eum
303 3447 474 3527 sanguinaria
484 3448 638 3524 voluntate,
651 3469 714 3506 cum
731 3449 876 3509 cruentatis
885 3449 972 3509 mani·
1029 3442 1099 3521 perd
1115 3446 1273 3528 ἀνδρσρόνου
1290 3447 1418 3522 διανοίας,
1431 3448 1500 3527 verb
1517 3446 1663 3528 ᾑμαγμί*

226 3538 288 3599 bus.
314 3540 364 3600 56.
382 3542 424 3600 Et
445 3542 582 3601 dicebant
598 3564 607 3597 .·
621 3543 740 3600 Putatis
761 3545 834 3623 quia
848 3563 909 3601 non
920 3565 974 3602 ue·
1031 3536 1083 3596 Καί
1103 3536 1210 3618 ἔλεγον·
1225 3542 1325 3601 δοκεῖτε
1336 3542 1377 3602 θτι
1391 3544 1420 3601 οὐ
1433 3540 1471 3620 μὴ
1483 3539 1549 3621 ἔλθη
1562 3541 1663 3620 iuriis

227 3636 287 3692 niet
300 3633 343 3691 ad
353 3634 431 3693 diem
432 3635 549 3716 sectum
561 3641 574 3692 θ
588 3635 618 3694 ln
631 3630 760 3694 Paschate
777 3632 976 3695 insidiabantur
992 3655 1010 3702 ιι,
1029 3635 1074 3689 τοῦ
1094 3629 1187 3712 πάσχα
1205 3634 1387 3710 ἐπεθοιίλνυον,
1399 3634 1446 3695 καί
1463 3635 1508 3695 τὸν
1530 3635 1623 3717 καιρδν
1639 3634 1663 3692 ti

224 3723 284 3798 illi,
300 3739 458 3806 tempusque
472 3725 637 3786 solennitatis
656 3739 762 3807 tempus
780 3723 862 3786 cedis
879 3727 974 3788 redde·
1029 3725 1164 3784 ἐποιοῦντο
1182 3726 1273 3806 καιρδν
1294 3733 1415 3807 σφαγῆς·
1436 3726 1586 3800 τουτέστιν,
1600 3714 1663 3786 leod

224 3816 304 3894 ban13
322 3817 351 3878 id
367 3832 406 3878 est
420 3842 427 3876 ι
443 3819 504 3879 Huc
518 3819 598 3877 illum
619 3817 738 3877 incidere
750 3831 873 3900 oportet,
888 3820 973 3882 advo-
1028 3818 1153 3895 ἐμπεσεῖν
1172 3820 1225 3892 δεῖ,
1252 3825 1298 3878 τοῦ
1315 3826 1407 3900 καιροῦ
1429 3821 1576 3889 καλοῦντος
1590 3817 1663 3880 absin

224 3924 300 3970 cante
314 3912 389 3971 sesto.
403 3913 428 3970 Ο
444 3910 624 3992 impietatem!
641 3912 711 3970 Cum
724 3913 826 3992 majore
837 3933 906 3994 opus
915 3929 972 3974 erat
979 3969 1014 4009 Μ
1027 3909 1167 3978 οῖσεθείας·
1181 3915 1224 3971 ὅτε
1240 3911 1360 3980 πλείονος
1377 3911 1429 3972 ἔδει
1448 3915 1498 3983 τῆς
1511 3911 1662 3981 thiedala,

224 4000 336 4082 pietate,
357 4017 384 4063 et
404 4024 467 4064 cum
482 4003 610 4063 extremis
630 4002 741 4063 obnoxii
755 4003 917 4081 sceleribus,
936 4007 970 4065 li·
988 4028 1007 4072 Α
1026 4002 1071 4063 ἐπὶ
1086 4012 1141 4071 τοῖς
1163 4003 1286 4085 legalem<
1299 4004 1476 4085 ιίλημμίνσυς
1488 4000 1663 4087 ἀριίναι,τίι

223 4093 282 4154 beri
295 4096 499 4173 emittebantur,
513 4110 578 4157 uino
591 4094 733 4155 innoxium
746 4097 971 4177 comprehendere
1023 4094 1067 4153 δθν
1078 4097 1224 4168 ἠδικηκότα
1239 4102 1367 4177 θηρεῦσαι
1391 4101 1568 4178 ἐπιχειροῦσι.
1584 4095 1663 4157 Kaisa

225 4201 364 4246 conantur.
387 4188 470 4267 Atqui
489 4208 551 4246 cum
569 4188 628 4268 jam
648 4184 716 4244 illud
731 4199 893 4265 tentassent,
916 4211 969 4250 non
1024 4191 1102 4247 τοῦτο
1113 4189 1279 4263 ποιήσαντες,
1295 4191 1324 4247 οὐ
1344 4188 1423 4268 μόνον
1434 4190 1509 4250 οὐδὲν
1531 4188 1646 4261 ὤνησαι,

221 4277 304 4338 modo
319 4279 389 4340 nihil
401 4282 580 4361 perfecerant,
595 4277 641 4338 sed
654 4278 736 4337 etiam
757 4277 867 4339 ridiculi
886 4302 970 4363 appa·
1025 4279 1217 4358 καταγέλαστοι
1231 4283 1366 4361 γεγόνασι.
1377 4282 1430 4342 Aah
1443 4289 1522 4343 τοῦτο
1532 4283 1663 4364 συνσχῦςί

224 4386 341 4430 ruerant.
352 4371 418 4431 ideo
431 4375 583 4452 trequemm
601 4371 696 4432 incidit
717 4384 743 4430 et
757 4370 863 4447 evadit,
878 4387 905 4432 et
922 4395 972 4433 cu·
1025 4373 1175 4453 διαρεύγει,
1189 4374 1234 4434 καὶ
1255 4376 1477 4454 Ιβουλευομένους
1489 4377 1569 4436 αὐτὸν
1584 4378 1663 4436 ἀνελεῖ

223 4460 325 4541 pientes
337 4484 365 4531 se
379 4462 530 4523 interficere
550 4463 662 4534 retinet,
680 4476 706 4522 et
717 4461 817 4523 dubios
827 4463 971 4544 relinquit,
1024 4466 1069 4525 aul
1081 4471 1188 4546 ἀπορεῖν
1202 4477 1287 4541 ποιεῖ,
1302 4474 1336 4549 τῇ
1352 4472 1401 4540 τῆς
1414 4468 1554 4547 δυνάμεως
1573 4465 1663 4530 anast

223 4565 254 4610 ut
266 4552 396 4625 virtutem
410 4575 488 4613 suam
501 4553 709 4615 demonstrando
723 4555 785 4615 illos
797 4554 833 4614 ad
841 4576 971 4639 compun·
1024 4557 1097 4628 νίξαι
1122 4560 1292 4639 βουλόμενος·
1308 4561 1353 4620 καὶ
1366 4560 1410 4620 ίνα
1425 4561 1489 4621 ὅταν
1504 4561 1624 4623 >emen
1641 4563 1663 4621 d

223 4642 338 4703 ctionem
358 4643 487 4720 deducam
508 4659 534 4705 et
552 4659 583 4704 ut
598 4660 741 4727 postquam
763 4660 858 4730 captus
874 4650 969 4725 fuerit,
1025 4656 1104 4711 θωσιν
1118 4651 1159 4711 du
1174 4654 1203 4711 οὐ
1218 4658 1266 4724 τῆς
1277 4653 1375 4722 οἰκείας
1389 4654 1479 4735 lapda<
1493 4645 1538 4728 ἦν,
1551 4654 1663 4726 nutet

222 4734 323 4813 sciant,
336 4755 389 4794 nou
399 4736 430 4796 vi
443 4758 506 4814 sua,
521 4736 568 4796 sed
579 4737 665 4819 ipsius
674 4740 844 4801 concessione
857 4739 886 4800 id
899 4742 969 4801 acci·
1024 4744 1219 4825 συρρωρήσεως
1239 4744 1270 4805 τὸ
1292 4745 1437 4825 γινόμενον.
1451 4747 1522 4806 Οὐδὲ
1540 4747 1594 4831 γὰρ
1615 4746 1663 4808 τίσι

220 4825 303 4886 disse.
327 4827 421 4907 Neque
441 4827 514 4887 euim
535 4841 601 4887 tunc
624 4842 769 4909 potuerunt
791 4831 871 4891 illum
897 4854 957 4895 com
1024 4837 1102 4896 αὐτὸν
1124 4837 1333 4910 conuicium
1346 4843 1432 4897 ταῦτα
1445 4839 1563 4910 πλησίον
1578 4840 1657 4913 oden<

220 4917 404 5001 prehendere,
431 4917 481 4978 etsi
503 4919 656 5000 propinqua
682 4921 813 4982 Bethania
837 4938 905 4985 esset
921 4950 928 4983 ι
942 4940 969 4985 et
1023 4927 1121 4997 θανίας·
1133 4929 1178 4988 καί
1191 4928 1235 4989 ὅτε
1246 4928 1274 4988 δὲ
1289 4929 1442 5005 minata,
1454 4928 1565 5012 ἔρριψεν
1581 4931 1663 4992 αθτοθι

221 5118 300 5192 Quod
309 5119 356 5187 qui
363 5133 440 5186 prope
451 5127 533 5180 eram,
548 5128 573 5168 et
584 5120 631 5186 qui
645 5119 730 5190 longe,
741 5139 817 5173 unum
827 5140 916 5193 corpur
925 5125 982 5176 red-
1065 5127 1079 5166 d
1090 5125 1168 5180 Saril.
1184 5139 1210 5178 et
1227 5109 1323 5178 Boisius
1338 5126 1474 5196 legendum
1488 5144 1600 5186 camut
1609 5137 1663 5191 tm&

218 5199 293 5260 didit,
306 5199 352 5268 qui
362 5195 451 5246 Romoe
461 5207 507 5260 ert,
519 5207 569 5248 etc.
1030 5216 1098 5255 recte
1106 5204 1208 5272 quidem
1218 5224 1225 5272 ς
1235 5205 1280 5257 sed
1290 5223 1379 5259 omnes
1389 5209 1448 5260 Μεσ.
1461 5212 1663 5281 ίαιδαπνόμανοιθ

252 5292 262 5316 ι
274 5277 322 5328 Alii
330 5284 405 5330 ταῦτα
417 5288 482 5330 ποιεῖ.
1062 5300 1073 5325 ι
1086 5284 1196 5349 Quidam
1205 5292 1361 5354 βουλομένους.
