3750 5940
57 488 64 504 .
93 457 210 506 cxxvi.
238 433 286 507 ol.
318 457 422 507 cxxv.
777 437 847 510 513

109 595 164 640 tur.
180 580 235 640 Sed
248 602 301 641 non
323 581 385 641 talis
395 595 436 641 est
452 581 500 660 qui
515 596 604 640 manet
617 581 644 641 in
657 583 722 642 vite.
745 583 849 644 Deinde

53 673 55 730 ἶ
72 682 88 728 n
107 672 223 733 ostendit
231 672 299 754 quid
312 674 348 733 sit
357 694 472 750 manoe,
482 687 509 733 et
521 673 576 732 ait:
593 674 663 734 7.Si
676 678 769 736 verbo
783 697 849 736 meo

53 795 54 807 π
108 771 140 825 in
162 770 250 828 vobis
270 770 442 825 manserint.
463 764 562 828 Viden'
585 786 629 826 me
642 767 705 847 jure
726 768 849 848 superius

53 907 54 918 .
107 859 224 933 dixisse,
246 860 336 941 ipsum
361 880 474 940 opernm
498 857 751 919 demonstrationem
777 881 849 939 qua-

53 1003 54 1011 .
108 952 263 1012 rereiCum
273 952 388 1012 dixisset
406 951 487 1027 enim,
502 949 700 1030 Quodcumque
710 951 849 1032 petieritis,

53 1081 54 1087 .
107 1044 216 1119 faciam,
230 1044 347 1123 addidit,
360 1045 396 1105 Si
407 1045 529 1126 arigius
545 1065 601 1116 me,
622 1045 766 1104 mandatu
784 1054 886 1105 ucecia

53 1189 54 1199 .
107 1155 234 1210 servate·
245 1155 271 1200 et
285 1141 339 1217 hic,
355 1141 386 1202 Si
407 1143 572 1201 manseritis
590 1143 622 1198 in
636 1161 692 1212 me,
713 1151 742 1200 et
757 1143 850 1200 umba
864 1114 886 1176 ¹4

53 1282 54 1286 η
108 1257 173 1294 mea
188 1240 221 1294 in
234 1239 319 1295 nobis
330 1239 502 1307 manserint,
528 1234 730 1316 quodcumque
747 1236 850 1296 velue·

107 1331 183 1401 ritis,
196 1333 296 1408 petite,
310 1328 404 1410 etfiet
427 1331 522 1387 vobis.
541 1325 606 1385 Haec
625 1339 715 1385 autem
734 1325 849 1402 dicebat,

53 1441 55 1482 :
108 1420 249 1479 osteudens
268 1420 331 1479 illos
353 1419 400 1499 qni
414 1418 611 1479 insidiabantur
629 1418 665 1497 ei,
679 1420 850 1479 combustum

53 1536 55 1552 ·
108 1512 156 1588 iri3
166 1512 237 1593 ipsos
250 1527 341 1572 autem
351 1513 469 1572 fructum
478 1511 581 1571 laturos
594 1533 659 1571 osse.
677 1509 852 1591 Metuitaque

53 1649 54 1656 .
108 1626 142 1663 ex
155 1605 199 1664 his
212 1605 239 1664 in
253 1604 315 1665 illos
335 1605 471 1681 translato,
487 1618 629 1686 postquam
642 1603 758 1663 ostendit
778 1603 850 1685 ipsos

53 1725 54 1732 ¹
70 1705 88 1752 C
108 1698 331 1780 inexpugnabiles
352 1701 415 1776 iore,
429 1700 489 1759 ait:
509 1698 850 1781 8.1nliocciariſscatus

53 1837 54 1843 .
106 1796 247 1853 estPatcr
257 1815 347 1865 metis,
364 1807 396 1853 ut
406 1795 582 1876 efficiamini
592 1797 650 1851 mci
663 1792 810 1872 discipuli,
822 1805 850 1852 et

99 1888 235 1970 fructum
247 1887 406 1966 plurimum
417 1887 567 1967 asjcrotis.
581 1884 652 1943 Hinc
668 1881 723 1942 lide
735 1881 851 1963 dignum

53 2000 54 2034 2
107 2001 253 2037 sermonem
269 1981 377 2059 profert.
395 1980 465 2037 Nam
479 1978 501 2036 si
515 1977 549 2036 ad
559 1977 673 2057 gloriam
682 1975 771 2035 Patris
784 1997 849 2036 ver-

53 2092 54 2098 *
107 2071 146 2149 git
161 2070 233 2148 qnod
245 2071 349 2130 [ructus
368 2071 506 2146 afferatur,
524 2090 577 2129 non
594 2067 712 2148 negliget
737 2067 851 2147 glorium

53 2183 54 2189 ¹
106 2183 194 2221 suam.
207 2165 249 2220 Et
262 2163 434 2245 efficiemini
446 2165 503 2220 mei
511 2161 657 2241 discipuli.
672 2157 771 2221 Viden’
784 2181 852 2238 qno·

53 2248 55 2302 Ϊ
106 2253 187 2312 modo
202 2253 249 2312 ille
264 2253 311 2331 qui
326 2254 377 2312 lert
401 2254 519 2313 fructum
534 2250 686 2333 discipulus
704 2250 762 2310 sit?
776 2251 852 2323 Quid

105 2345 240 2425 significat
260 2344 340 2422 illud,
355 2348 394 2404 Iu
409 2347 464 2404 boc
475 2345 658 2426 clarificatus
674 2355 718 2403 est
737 2344 852 2403 Pater?

107 2437 139 2496 ld
153 2451 201 2513 ost,
218 2436 335 2513 Gaudet,
350 2458 413 2496 eum
427 2457 475 2497 ros
489 2437 516 2496 in
531 2456 575 2495 me
583 2435 705 2514 manetis,
719 2458 782 2496 cum
795 2437 851 2496 iru-

106 2544 178 2589 etum
192 2530 276 2590 sertis.
300 2533 329 2589 9.
343 2531 423 2590 Sicut
439 2530 544 2589 dilexit
568 2549 613 2588 me
625 2532 727 2603 Pater,
748 2542 775 2588 et
799 2550 851 2609 ego

53 2624 198 2681 ‘ndileri
226 2644 290 2682 vos.
320 2622 372 2680 llic
392 2622 503 2681 demum
526 2620 673 2680 humanius
701 2620 849 2700 loquitur:

106 2736 167 2773 nam
189 2715 269 2789 illud,
280 2728 310 2773 ut
324 2713 359 2774 ad
372 2715 494 2773 homines
508 2712 621 2790 dictum,
635 2713 773 2794 propriam
793 2714 851 2773 vim

53 2835 54 2839 ¹
105 2807 196 2866 habet.
215 2808 286 2866 Nam
299 2807 347 2884 qni
362 2807 431 2866 mori
445 2806 551 2884 voluit,
568 2806 615 2884 qui
632 2827 733 2884 servos,
760 2805 850 2864 inimi·

53 2933 55 2943 .
105 2920 149 2956 cos
169 2912 195 2956 et
218 2898 306 2957 hostes
333 2911 406 2956 tanto
423 2895 550 2976 dignatus
566 2910 605 2956 est
619 2898 729 2971 honore,
745 2896 792 2975 qui
815 2897 851 2956 od

53 3025 54 3036 .
105 2989 200 3048 eaelum
212 2989 305 3066 duxit,
320 3002 452 3067 quamum
463 2987 562 3047 amoris
576 2986 687 3046 modum
701 2987 851 3047 exhibuit?

105 3082 134 3139 Si
150 3101 213 3160 ergo
233 3103 281 3141 vos
302 3079 398 3158 diligo,
411 3078 549 3139 considite.
562 3078 592 3138 Si
608 3077 697 3138 Patris
707 3092 748 3137 est
765 3077 851 3158 gloria

104 3171 176 3250 quod
190 3173 308 3231 fructum
323 3171 425 3248 ieratis,
448 3169 517 3230 nibil
541 3171 644 3229 malum
663 3168 847 3250 suspicemini.

105 3265 210 3324 Deinde
221 3287 254 3323 ne
266 3265 376 3347 supinos
386 3264 518 3339 redderet,
532 3263 596 3324 vide
609 3261 744 3343 quomodo
758 3284 851 3323 rursus

104 3359 249 3418 devinciat.
274 3361 394 3417 Monete
417 3361 448 3415 in
469 3358 626 3417 dilectione
647 3377 722 3415 mea.
745 3355 803 3415 Hoc
822 3356 849 3416 in

104 3466 239 3514 imtraen
257 3464 396 3533 potestate.
418 3449 561 3523 Quomodo
585 3461 675 3508 autem
699 3446 752 3508 boe
774 3448 849 3507 erit?

105 3548 154 3604 10.
165 3547 196 3604 Si
207 3557 355 3625 precepta
369 3564 435 3602 mea
452 3545 648 3613 servaveritis,
662 3545 736 3601 sicut
751 3554 779 3600 et
799 3562 850 3622 ego

101 3651 245 3716 precepta
265 3637 366 3694 Patris
381 3637 438 3692 mei
462 3636 588 3693 servavi.
605 3632 709 3690 Rursus
731 3632 850 3691 humano

103 3747 272 3786 moresermo
287 3724 420 3806 procedit.
439 3725 532 3802 Neque
541 3722 613 3781 enim
628 3720 765 3801 legislator
780 3743 848 3802 pree-

66 3839 84 3884 ε
103 3819 186 3899 ceptis
199 3818 325 3877 subditus
336 3839 392 3876 esse
404 3815 529 3875 debebat.
544 3812 643 3875 Viden’
659 3812 688 3871 id
695 3811 767 3891 quod
779 3833 847 3872 sem-

103 3909 298 3990 perdico,l1ic
318 3909 402 3968 etiam
422 3906 544 3965 exhiberi
562 3918 672 3986 propter
691 3902 847 3963 auditorum
873 3911 886 4001 ἰ

103 4002 335 4062 imbecillitatem?
357 4002 426 4059 Nam
445 3997 594 4058 secundum
615 3997 724 4056 illorum
744 3995 886 4078 opinio-,m

102 4115 163 4152 nem
177 4094 262 4152 multa
282 4092 361 4169 dicit,
377 4113 408 4150 ac
422 4112 470 4172 per
482 4089 571 4149 omnia
592 4086 718 4166 ostendit,
742 4086 803 4147 illos
819 4089 846 4148 in
857 4095 886 4192 Γ·

103 4198 160 4243 tuto
180 4208 252 4259 esse,
265 4199 291 4244 et
304 4184 426 4242 inimicos
436 4182 545 4241 illorum
565 4201 674 4261 pessum
696 4179 754 4255 ire,
768 4194 848 4261 atque
866 4164 886 4191 ⁰¹

103 4278 193 4336 omnio
210 4299 269 4356 quae
292 4278 438 4351 habent,a
457 4273 528 4333 Filio
544 4272 653 4348 habere,
674 4286 700 4331 et
719 4272 742 4334 si
762 4273 848 4334 vitam

102 4391 199 4450 puram
216 4383 309 4449 agunt,
334 4390 349 4426 a
376 4366 459 4425 nullis
474 4385 604 4444 umquam
627 4377 782 4445 superatum
800 4365 845 4424 iri.

105 4460 298 4520 Animadverte
319 4472 409 4518 autem
436 4479 498 4516 cnm
518 4469 619 4536 quanta
634 4454 760 4535 loquatur
783 4456 850 4538 ipsis

83 4554 271 4647 ,auctoritate
289 4555 349 4613 Non
363 4551 435 4610 dixit
447 4550 528 4626 enim,
544 4550 651 4608 Manetc
666 4549 693 4608 in
707 4547 851 4609 dilectione

69 4665 88 4710 n
107 4645 209 4722 Patris,
228 4644 287 4720 scd,
303 4648 341 4702 In
355 4644 512 4701 dilectione
525 4660 600 4700 mea.
618 4638 724 4699 Deinde
735 4661 768 4699 ne
779 4638 852 4699 dice·

107 4753 174 4814 rent,
187 4741 333 4817 Postquam
346 4757 393 4796 nos
406 4734 532 4794 omnibus
546 4731 669 4792 inimicos
678 4732 776 4810 fecisti,
789 4746 853 4792 niue

110 4855 157 4890 uos
174 4831 304 4910 relinquis
318 4844 343 4889 et
357 4826 476 4905 recedis,
487 4824 603 4886 ostendit
624 4848 651 4884 se
668 4824 729 4883 illos
743 4845 795 4884 non
807 4846 853 4884 re-

111 4923 240 5000 linquere,
260 4920 308 4980 sed
330 4921 366 4978 ita
379 4919 444 5000 ipsis
464 4916 596 4998 copulari,
606 4915 628 4975 si
639 4915 751 4994 quidem
759 4915 855 4992 velint,

112 5030 141 5073 nt
152 5015 290 5097 psalmitem
304 5013 365 5072 viti.
383 5013 554 5090 Rursnmqoe
570 5030 603 5068 ne
616 5007 729 5068 nimium
744 5006 857 5068 fidentes

54 5253 63 5262 ·
140 5217 248 5269 ¹tt0rel.
265 5227 318 5288 πρὸς
328 5222 454 5275 ἀνθρώπου.

136 5296 237 5352 bSttvll.
252 5306 376 5360 ἀναγαγών.
392 5289 437 5342 llll
451 5298 547 5356 ἀνάγων.
