3750 5940
174 441 243 514 290
523 436 552 482 5.
580 434 721 485 toattttts
747 431 931 481 CHRYSOST.
959 430 1113 478 attentat).
1141 429 1412 481 consummor.

172 570 384 648 fragmentorum
392 566 497 627 numeri
511 588 619 645 quoque
627 564 833 640 accurationem,
840 561 914 642 quod
967 568 1031 624 ’τοῦ
1050 561 1275 644 περισσεύματος,
1292 561 1336 622 ύτι
1354 562 1414 623 ὥτε
1435 563 1528 621 πλεῖον
1553 557 1582 618 ού

173 682 259 739 neque
271 660 334 741 plus
345 658 527 738 nequeminus
542 657 694 719 redundare
706 657 852 733 curaverit,
867 654 915 714 sed
968 654 1075 728 ἐποίησε
1090 659 1308 736 περισσευθῆναι,
1319 654 1389 715 ἀλλὰ
1397 656 1524 713 τοσοῦτον
1536 650 1582 713 ὅσα

173 768 305 833 quantum
324 752 423 828 voluit,
443 752 517 831 qnod
535 752 671 834 presciret
689 765 821 830 quantum
841 748 916 808 insu·
968 747 1095 829 προειδὼς
1110 747 1181 808 πόσα
1198 746 1392 809 ἀναλώσουσιν·
1406 746 1474 829 ὅπερ
1488 744 1582 827 ἀφάτσ.

172 845 302 906 mendum
324 846 405 921 foret,
418 843 493 923 quod
521 844 667 905 ineffabilis
688 857 745 903 erat
767 840 913 925 potestatis.
969 832 1010 913 ἦν.
1027 840 1185 901 Ἐπιστοῦτο
1199 838 1246 919 μὲν
1256 831 1300 899 οὖν
1312 839 1347 900 τλ
1358 838 1504 919 κλάσματα
1516 837 1582 918 rip

173 938 375 998 confirmarunt
398 940 490 1017 itaque
507 938 656 1018 fragmenta
669 950 814 1016 utrumque
829 934 913 995 mira·
968 932 1245 1014 φύτεραίμφαίνοντα,
1258 932 1305 991 καί
1317 930 1394 991 &toi
1404 930 1540 1013 φαντασία
1552 953 1581 989 τι

172 1031 275 1109 culum,
291 1044 317 1091 et
329 1032 478 1112 probarunt
493 1053 551 1090 rem
568 1052 621 1090 non
641 1050 697 1090 esse
714 1028 913 1111 imaginariam,
968 1027 1116 1106 γενημάνσ,
1136 1024 1182 1086 καλ
1195 1025 1236 1085 ὅτι
1254 1024 1280 1095 ἐξ
1296 1024 1401 1086 ἐκείνων
1424 1015 1458 1097 ἥν
1473 1014 1512 1083 ὧν
1527 1027 1582 1105 ίτρι

172 1138 249 1184 etex
271 1124 309 1183 iis
327 1145 388 1203 qua
410 1124 580 1184 comederant
600 1123 773 1205 superfuisse.
795 1121 915 1181 Piscium
968 1121 997 1180 δὲ
1010 1125 1062 1180 τῶν
1079 1118 1187 1200 ἰχθύσιν,
1205 1118 1265 1180 τότε
1278 1118 1325 1198 μὲν
1341 1117 1523 1198 ὑποκειμένων
1538 1114 1582 1197 tp*

171 1237 237 1277 vero
271 1217 432 1276 miraculum
450 1231 513 1277 tunc
535 1238 569 1275 ex
585 1215 713 1297 subjectis
734 1214 855 1299 piscibus
875 1214 915 1271 sa·
970 1236 1013 1294 ρον
1025 1211 1053 1271 δὲ
1070 1212 1137 1291 μετὰ
1151 1211 1199 1284 etv
1215 1210 1429 1285 άνάστασιν,αύνι
1450 1209 1491 1270 ἔτι
1511 1208 1538 1279 ἐξ
1559 1206 1582 1269 ύι

171 1320 246 1366 ctum
263 1323 318 1368 est:
327 1323 387 1390 post
400 1308 622 1369 resurrectionem
640 1329 717 1385 vero,
732 1327 785 1366 non
803 1327 837 1366 ex
850 1305 915 1366 sub·
970 1304 1058 1383 μένης.
1069 1304 1147 1371 Τίνος
1161 1303 1260 1376 ἕνεκεν,
1273 1301 1335 1363 Ἵνα
1350 1301 1488 1384 μάθηςύτι
1509 1301 1556 1362 καλ
1578 1323 1582 1341 ·

167 1399 238 1480 jecta
249 1403 367 1462 materia.
382 1403 491 1475 Quare?
506 1403 543 1461 Ut
556 1399 832 1480 diseasipsutnetiam
843 1420 915 1458 nttuc
970 1395 1110 1477 ἐκέχρητο,
1128 1399 1157 1457 ού
1182 1397 1215 1455 δι’
1239 1394 1350 1466 ίνδειαν,
1363 1393 1422 1456 οὐδὲ
1439 1392 1563 1473 δεόμενος
1578 1402 1582 1446 ί

171 1493 282 1552 materia
296 1516 375 1553 usum
384 1495 481 1572 fuisse,
491 1516 544 1554 non
559 1488 634 1570 quod
647 1488 694 1550 illa
703 1504 734 1550 ut
740 1490 915 1550 fundamento
969 1491 1027 1549 ἀλλ’
1044 1487 1112 1548 ὥστε
1126 1487 1161 1548 τά
1173 1493 1226 1548 τῶν
1243 1491 1381 1569 αἱρετικῶν
1394 1485 1528 1569 ίμφράξαι
1544 1509 1582 1546 σπι

170 1599 278 1666 egeret,
306 1586 354 1645 sed
385 1600 416 1646 ut
445 1585 634 1644 haereticorum
666 1604 714 1642 ora
750 1582 912 1641 obstrueret.
969 1580 1086 1662 δὲύχλσι
1100 1580 1198 1661 ἔλεγον,
1216 1579 1258 1640 ὅτι
1271 1569 1346 1648 ούτός
1356 1583 1427 1641 ἐστιν
1445 1583 1582 1652 ἀληθῶςθ

171 1681 220 1737 tt.
241 1680 344 1738 Turbae
362 1693 460 1738 autem
475 1680 621 1749 dicebant,
638 1677 714 1754 Quia
725 1676 773 1734 ata
784 1687 826 1734 est
846 1695 916 1733 uere
934 1676 952 1724 Β
969 1671 1006 1733 Ὦ
1017 1671 1229 1755 γαστριμαργίας
1238 1669 1385 1754 ῦπιρύολή·
1398 1670 1482 1753 μυρία
1495 1669 1582 1731 τούτου

167 1772 320 1851 propheta.
331 1770 355 1830 0
368 1765 618 1851 gulaeaviditatem!
632 1768 776 1826 innumera
795 1763 917 1825 ediderat
970 1766 1188 1848 θαυμαστότερα,
1203 1764 1248 1825 καὶ
1262 1766 1377 1844 ὠθαμοῦ
1391 1772 1468 1826 τοῦτο
1487 1762 1582 1844 ὡμολύ

168 1861 212 1920 his
219 1860 398 1939 mirabiliora,
410 1877 436 1921 et
444 1882 576 1939 nusquam
586 1860 637 1918 hoc
651 1856 763 1917 consensi
773 1858 917 1931 sunt‚nisi
971 1858 1014 1918 ύτε
1026 1858 1234 1929 ίνεπλήσθησαν.
1250 1855 1317 1937 Ἄρα
1330 1861 1361 1918 ix
1374 1856 1466 1918 τούτου
1484 1858 1575 1933 δῆλον,

169 1974 232 2011 cum
245 1967 332 2012 essent
344 1951 580 2012 exsaturatilnde
594 1971 657 2029 ergo
669 1948 755 2027 liquet
768 1949 840 2029 ipsos
855 1972 916 2031 pro·
971 1975 1019 2024 την
1032 1950 1092 2010 τινά
1105 1976 1126 2010 π
1175 1951 1272 2010 εδύιιων
1285 1947 1424 2032 ἐξαίρετον.
1437 1949 1512 2010 θίίαλ

170 2043 429 2126 phetamquemdam
439 2043 571 2103 eximium
580 2039 786 2121 exspectavisse.
794 2041 866 2099 Nam
876 2041 917 2100 illi
971 2068 1033 2124 γον·
1049 2043 1088 2103 m
1110 1973 1174 2102 είοθσ
1187 2041 1337 2124 προφητηςς
1357 2043 1403 2101 καί
1427 2034 1516 2103 adcor

170 2137 307 2211 dicebant,
321 2137 364 2195 Tu
373 2157 403 2195 es
414 2137 575 2216 propheta?
584 2131 616 2191 hi
632 2153 706 2207 vero,
713 2133 772 2191 Hic
788 2145 832 2192 est
849 2153 916 2213 pro·
971 2136 1116 2219 προφήτης.
1131 2135 1166 2197 ‘0
1178 2141 1240 2217 γοῦν
1257 2133 1374 2208 Ἰησοῦς,
1389 2134 1465 2215 γνούς
1484 2133 1526 2194 ύτι
1541 2133 1582 2214 μά

169 2231 269 2309 pheta.
284 2231 296 2285 ί
304 2230 332 2287 5.
346 2230 433 2287 Jesus
446 2239 555 2298 autem,
572 2244 638 2284 cum
651 2227 830 2304 cogrwrisset
844 2229 916 2306 quia
969 2229 1117 2309 χεσθαικαλ
1126 2227 1252 2310 ἁρπάζειν
1267 2227 1354 2301 αὐτὸν,
1365 2225 1582 2299 ίναποιιίσωσιν1

170 2325 290 2382 venturi
299 2333 384 2380 erant
393 2333 426 2379 ut
436 2331 571 2400 raperent
582 2337 659 2389 eum,
670 2328 698 2376 et
698 2316 840 2398 jacerent
849 2337 916 2377 eum
970 2321 1032 2397 λέα,
1046 2320 1212 2404 ἀνεχώρησεν
1227 2323 1264 2387 εἰς
1273 2319 1304 2379 τὸ
1313 2318 1381 2401 ύρος,
1395 2319 1486 2378 naret
1496 2317 1582 2392 πόση

170 2435 277 2496 regem,
288 2415 403 2473 secessit
416 2415 521 2470 iterum
529 2413 561 2467 in
570 2420 707 2466 montem.
718 2407 807 2489 Papa,
815 2423 914 2487 quanta
970 2415 1113 2496 μορρίαςὴ
1127 2411 1260 2497 τυραννίς·
1274 2411 1344 2484 πόση
1355 2415 1403 2482 τῆς
1413 2409 1523 2490 γνώμης
1534 2415 1554 2484 η
1566 2433 1582 2470 ο

170 2508 241 2588 gula
250 2504 390 2589 tyrannis!
400 2517 501 2584 quanta
509 2501 668 2562 volubilitas
678 2500 781 2563 animi!
796 2503 856 2562 Non
871 2504 914 2563 ul·
969 2504 1008 2564 ἔτι
1022 2509 1108 2572 αὐτοῖς
1119 2509 1166 2576 τῆς
1175 2512 1221 2565 τοῦ
1231 2503 1369 2564 σαύύάτου
1380 2498 1582 2585 11ποιριιύάσεως

170 2614 212 2659 tra
222 2600 309 2680 legem
323 2597 475 2674 vindicant,
486 2616 539 2655 non
551 2595 622 2654 ultra
630 2593 763 2655 violatum
771 2595 914 2656 sabbatum
970 2599 1008 2660 ἔτι
1026 2601 1146 2671 ζηλοῦσιν
1171 2596 1238 2677 ὑπὲρ
1250 2599 1336 2665 Θεοῦ,
1353 2594 1422 2656 ἀλλὰ
1444 2594 1540 2655 πάντα
1563 2592 1582 2678 ip

170 2707 275 2766 curant,
293 2713 346 2751 non
359 2690 430 2750 ultra
441 2689 492 2749 Dei
506 2688 562 2748 zelo
579 2701 734 2767 moventur,
750 2685 798 2747 sed
813 2689 914 2769 repleto
932 2704 951 2751 c
969 2690 1081 2771 γαστρὸς
1097 2693 1183 2757 αύτοῑς
1201 2686 1407 2768 ἐμπλησθείσης.
1418 2687 1473 2746 Καὶ
1489 2685 1581 2767 τροφή

170 2797 265 2843 ventre
276 2780 367 2842 omnia
377 2781 540 2862 abjecerunt.
548 2780 622 2838 Tum
629 2776 761 2859 propheta
771 2778 846 2860 apud
853 2780 915 2840 illos
969 2786 1069 2856 αὐτοῖς,
1083 2782 1129 2841 καὶ
1145 2781 1257 2861 βασιλέα
1276 2789 1433 2861 χειροτονεῖν
1448 2777 1573 2856 ἔμελλον·

171 2891 239 2954 erat,
257 2889 284 2935 et
300 2895 391 2955 regem
403 2887 479 2933 erant
494 2869 648 2933 coronaturi
664 2893 670 2928 :
684 2869 809 2931 Christum
824 2887 915 2932 autem
970 2875 1028 2941 στθς
1041 2873 1137 2955 φεύγει.
1150 2873 1187 2932 Τί
1203 2871 1316 2945 δεύτατος
1331 2870 1471 2932 Παιδεύων
1492 2878 1582 2950 ἡμᾶς1

39 2969 251 3050 Dignitamsugit,
266 2967 376 3044 Quare?
390 2959 429 3027 Ut
452 2986 501 3026 nos
514 2965 608 3026 doout
620 2963 784 3046 spernendas
802 2986 858 3026 case
870 2965 915 3025 di·
970 2972 1023 3027 κῶν
1037 2968 1209 3050 καταφρονεῖν
1227 2964 1397 3044 ἀξιωμάτων,
1411 2964 1459 3024 καί
1477 2962 1582 3032 δεικνύς

20 3055 163 3145 ζῗζὼξίὲξζ
172 3062 297 3142 gnitates,
319 3074 346 3119 et
358 3059 482 3121 ostendat
500 3081 529 3118 se
545 3057 621 3118 nulla
647 3077 681 3117 ex
703 3056 815 3117 terrenis
835 3058 916 3117 rebus
970 3062 1052 3120 δεῖται
1066 3064 1118 3118 τῶν
1132 3059 1175 3120 ἐπὶ
1187 3064 1245 3139 γῆς.
1254 3056 1289 3118 Ὁ
1303 3055 1355 3140 γάρ
1368 3056 1457 3117 πάντα
1468 3059 1582 3131 soreii*

21 3174 55 3269 ιρι
94 3164 162 3207 Chri·
173 3176 241 3236 opus
252 3153 362 3213 habere.
379 3154 450 3212 Nam
463 3151 512 3231 qui
524 3150 615 3212 omnia
629 3148 696 3210 vilia
713 3148 803 3229 elegit,
813 3163 840 3209 et
853 3171 914 3210 ma-
969 3177 1011 3221 νος
1021 3201 1029 3227 ,
1039 3152 1085 3213 καὶ
1095 3153 1213 3235 μητέρα,
1222 3152 1267 3211 καλ
1280 3151 1375 3225 οἰκίαν,
1384 3150 1429 3210 καί
1439 3150 1581 3225 manumet

20 3243 29 3268 ὃ
42 3241 73 3268 ub*-

173 3261 252 3323 trcm,
265 3260 290 3305 et
301 3245 424 3321 domurn,
440 3245 546 3321 urbem,
562 3241 758 3320 educationem,
770 3243 915 3302 vestimen·
970 3247 1015 3306 οιαὶ
1029 3245 1142 3325 ἱματίων
1158 3244 1262 3319 στολὴν,
1274 3246 1322 3304 οὐκ
1342 3246 1451 3325 ἔμελλεν
1465 3241 1577 3324 ύστερον

173 3353 211 3416 tu,
225 3359 278 3397 uon
290 3359 325 3395 cx
337 3336 448 3395 terrenis
463 3334 623 3417 conspicuus
637 3335 747 3393 futurus
763 3349 828 3394 erat.
845 3337 916 3395 Nam
970 3339 1207 3420 τῇγῇιραίνεσθαι.
1222 3341 1247 3397 Τ
1249 3337 1267 3397 ά
1282 3337 1329 3416 piu
1344 3336 1396 3420 γάρ
1408 3337 1463 3396 ἀπὸ
1474 3340 1528 3395 τῶν
1543 3337 1582 3417 ούρ

173 3429 288 3488 calestia
301 3430 373 3488 clara
390 3449 539 3507 magnaque
550 3440 637 3505 erant,
649 3426 751 3506 angeli,
766 3427 854 3503 stella,
865 3430 916 3488 Pa·
971 3433 1026 3512 πρά
1038 3457 1067 3491 τε
1087 3423 1119 3503 ἦν
1141 3430 1187 3488 καλ
1204 3429 1326 3509 μεγάλα,
1351 3427 1457 3508 ἄγγελοί
1479 3451 1509 3486 τε
1525 3426 1573 3486 καί

173 3536 213 3582 ter
234 3522 364 3599 clamans,
381 3520 500 3601 Spiritus
520 3519 676 3596 testificans,
696 3519 834 3601 pruphetae
857 3523 916 3602 jam
970 3524 1066 3605 Πατὴρ
1081 3525 1159 3603 βοῶν,
1174 3521 1219 3580 καί
1231 3524 1342 3600 Πνεῦμα
1365 3527 1526 3601 μαρτυροῦν,
1547 3542 1582 3578 aa

173 3612 239 3672 olim
261 3611 457 3694 predicantes:
475 3611 505 3670 in
529 3623 600 3669 terra
623 3621 714 3669 autem
734 3608 802 3671 vilia
825 3613 915 3673 omnia
970 3616 1103 3698 πόρρωθεν
1117 3613 1357 3694 ἀνακηρύττοντα·
1376 3610 1487 3672 eattae
1502 3614 1582 3691 τῇγῇ

172 3718 258 3782 erant,
273 3718 303 3762 ut
318 3703 358 3763 sic
377 3704 435 3784 ejus
455 3715 572 3783 potestas
592 3700 677 3781 magis
697 3715 846 3783 appareret.
861 3705 916 3767 Ve-
970 3711 1050 3782 τελῆ,
1070 3705 1113 3766 ἵνα
1128 3706 1172 3764 καὶ
1195 3705 1265 3765 οὕτω
1287 3704 1412 3784 μειζόνως
1435 3709 1453 3776 ἡ
1480 3703 1582 3781 δύναμο

171 3796 212 3855 nit
232 3808 303 3855 certe
313 3816 361 3854 nos
374 3793 558 3870 instituturus,
573 3806 604 3851 ut
619 3806 819 3853 contemnamus
843 3817 914 3876 prae-
934 3808 953 3854 Ι)
970 3790 1056 3859 ’Ἦλθε
1067 3799 1095 3860 δὲ
1111 3799 1157 3859 καὶ
1175 3796 1307 3857 παιδεύων
1330 3801 1402 3876 ημᾶς
1424 3803 1582 3876 καταφρονεῖ

170 3888 267 3966 sentia,
279 3909 365 3967 neque
377 3885 542 3946 admiremur
556 3905 653 3962 eaquae
664 3883 820 3944 inhacvita
827 3886 917 3966 splen·
970 3898 1069 3964 ταῦθα,
1089 3891 1135 3950 καὶ
1156 3891 1280 3970 μηδαμοῦ
1299 3888 1441 3962 τεθηπίναι
1465 3886 1535 3966 μηδὲ
1555 3888 1582 3947 ἔτι

172 3977 237 4038 dida
250 3978 391 4054 videntur3
405 3977 452 4036 sed
466 3997 497 4035 ea
510 3974 601 4035 omnia
621 3973 794 4055 irrideamus,
811 3977 915 4036 futura·
970 3982 1005 4043 τὰ
1017 3990 1062 4042 τοῦ
1076 3982 1133 4062 βίον)
1145 3980 1277 4064 λαμπρὰ,
1295 3979 1363 4041 ἀλλά
1378 3981 1531 4059 καταγελᾷν
1548 3980 1582 4039 da

172 4093 224 4150 que
247 4091 375 4130 amemus.
391 4070 460 4128 Nam
485 4066 532 4145 qui
550 4067 693 4147 prasentia
716 4065 841 4143 miratur,
862 4089 916 4128 non
970 4098 1032 4147 των,
1046 4073 1157 4132 καὶτῶν
1183 4071 1333 4151 μελλόντων
1352 4075 1423 4152 ἐρᾷν.
1447 4068 1482 4129 ‘0
1506 4068 1563 4153 γάρ

172 4162 316 4222 mirabitur
329 4184 360 4222 ea
376 4181 435 4239 quae
451 4159 480 4218 in
493 4156 567 4217 caelis
578 4171 650 4217 sunt.
667 4157 731 4216 ideo
746 4156 855 4218 dicebat
869 4163 915 4222 Pi·
970 4166 1121 4245 θαυμάζων,
1136 4168 1165 4224 οὐ
1181 4165 1345 4241 θαυμάσεται
1369 4163 1404 4222 τὰ
1425 4165 1451 4220 ἐν
1471 4169 1528 4230 τοῖς
1550 4165 1582 4222 ού

21 4263 93 4365 μον.
126 4261 161 4308 ιθ.
172 4255 226 4313 lato
241 4278 248 4310 ε
264 4257 395 4334 Regnum
414 4271 510 4311 meum
521 4269 581 4307 noa
602 4260 645 4308 est
658 4249 695 4308 de
711 4249 767 4308 aaa
788 4255 914 4326 mundo;
969 4256 1104 4317 τοῦτοκαὶ
1119 4260 1158 4337 τῷ
1181 4255 1293 4335 Πιλάτῳ
1315 4255 1417 4335 ἔλεγεν·
1434 4252 1470 4313 Ἡ
1485 4252 1582 4333 ἐμὴβι

173 4366 207 4403 ne
224 4345 364 4404 videretur
386 4345 505 4402 humano
528 4356 600 4401 metu
619 4354 645 4400 et
667 4341 785 4422 potentia
804 4344 841 4403 ad
854 4367 915 4425 per·
970 4349 1040 4408 ἔστιν
1055 4350 1179 4407 ἐντεῦθεν
1191 4345 1235 4405 ἵνα
1253 4346 1290 4424 μὴ
1308 4345 1368 4424 δύξῃ
1384 4347 1476 4406 λοιπὸν
1492 4350 1582 4428 ἀνθρω

22 4447 126 4507 zurtam).
138 4464 161 4508 ρ.
172 4437 342 4496 suadendum
355 4436 403 4494 uti.
418 4438 474 4495 Cur
495 4456 558 4514 ergo
571 4433 640 4492 dicit
663 4433 795 4514 propheta
812 4459 818 4493 :
838 4439 916 4497 Ecce
970 4441 1015 4500 καλ
1038 4438 1176 4520 δυναστείᾳ
1189 4439 1254 4520 πρὸς
1274 4438 1305 4497 τὸ
1324 4437 1422 4497 πείθειν
1447 4441 1582 4518 &mappa

172 4550 223 4586 rer
242 4541 307 4586 tuus
329 4532 411 4586 veuit
432 4530 486 4585 tibi
507 4539 686 4598 mansuetus,
709 4527 811 4587 sedern
830 4549 917 4608 super
969 4524 1013 4592 ούν
1025 4523 1095 4591 εἶπεν
1115 4529 1292 4612 θπρυφήτης·
1305 4527 1373 4590 Ἰδού
1397 4535 1411 4589 θ
1431 4528 1556 4609 βασιλεύς
1577 4553 1582 4586 ι

170 4621 372 4703 subjugalem?
384 4620 436 4678 Hic
446 4620 483 4703 ‚de
497 4640 578 4700 regno
598 4619 720 4697 loquitur
733 4620 846 4695 calesti,
862 4643 914 4682 non
970 4649 1010 4685 σοι
1025 4622 1123 4706 πραύς,
1139 4622 1185 4682 καί
1198 4620 1365 4694 emesenae<
1385 4621 1429 4681 ἐπὶ
1443 4620 1582 4702 ὑποζύγιον

169 4715 204 4774 de
228 4728 340 4773 terreno.
363 4711 428 4771 Ideo
438 4734 547 4771 rursum
569 4712 696 4772 dicebat:
719 4713 855 4773 Gloriam
875 4718 913 4773 ab
932 4732 949 4777 Ε
969 4717 1068 4776 σιλείαν
1080 4716 1180 4787 ἐκείνην
1197 4713 1287 4794 λέγει,
1301 4714 1348 4786 τὴν
1362 4717 1455 4781 ἐντοῖς
1467 4717 1582 4794 οὐρανοῖς

170 4811 287 4867 homine
296 4828 355 4866 aaa
366 4810 488 4884 accipio.
968 4809 1076 4880 ταύτην.
1094 4808 1147 4867 Διὰ
1159 4807 1191 4879 δὴ
1204 4815 1281 4867 τοῦτο
1293 4807 1374 4867 πολιν
1388 4807 1480 4887 ἔλεγε·
1496 4806 1583 4875 ΔοἙαν

969 4901 1074 4983 θρώπου
1087 4904 1115 4960 οὐ
1125 4899 1265 4978 λαμύοίνω.

192 5109 202 5129 ¹¹
221 5089 266 5141 Alii
279 5098 318 5143 τοῦ
331 5093 520 5158 περεσσιύοοιντος.
977 5097 1033 5141 ίσειν
1043 5096 1055 5140 ὁ
1067 5111 1107 5158 πρ.

198 5170 211 5206 λ
228 5167 316 5220 Metel.
329 5177 349 5222 oi
360 5167 397 5221 σι’νι
408 5173 521 5234 ἄνθρωποι
533 5167 614 5220 liturae
625 5171 652 5216 τὸ
663 5176 762 5226 σημεῖον,
774 5172 858 5230 ἔλεγον.
1008 5167 1018 5195 ¹
1036 5163 1113 5216 savit.
1128 5168 1283 5232 παραλύσεως.

200 5265 211 5286 ⁰
225 5251 264 5298 lta
283 5245 371 5313 srvit,
383 5242 470 5295 Mortl.
485 5249 517 5297 διὸ
535 5250 573 5295 καὶ
593 5247 666 5301 ἄλλοις
685 5249 773 5307 ελεγον*
788 5257 844 5309 μήτε
863 5245 925 5301 οὗτος
1009 5255 1017 5275 ⁰
1035 5242 1145 5306 Quidam
1159 5247 1328 5307 ἐπιδειξάμενος.
