3750 5940
326 454 328 459 ·
357 457 392 504 ut
418 456 585 506 nutrires
609 458 682 524 oon
708 459 913 527 uncorum,
934 460 1010 509 nrc.
1374 454 1376 458 “
1413 434 1484 509 8ιὸ

57 578 114 640 ιίοῦ
126 578 219 658 βλίττω
231 577 279 654 τὴν
329 579 545 662 ινομίνηνῦὅριν,
557 581 684 656 diluite-lv
739 603 861 658 cruoem,
876 596 903 645 et
920 581 1099 666 opprobrium
1119 582 1155 642 ab
1168 580 1268 662 iniquis
1280 582 1411 643 illatum:
1435 605 1483 644 uec

57 683 97 732 νην
113 658 258 739 βασιλείαν.
279 602 369 738 Ἐὰν,
389 660 485 743 teptis,
507 665 631 742 παρορῶ·
652 661 684 721 σὺ
734 663 793 744 jam
806 662 888 724 video
906 678 1026 745 apertam
1041 662 1118 722 illam
1139 661 1346 740 ooutumeliam,
1365 662 1413 723 sed
1435 685 1482 722 oo-

57 748 77 818 lt
91 764 140 816 μου
153 738 188 799 τὰ
203 737 347 821 φαινόμενα
362 739 532 820 πταίσματα,
553 741 598 800 καὶ
615 745 683 802 ἀπο-
737 742 842 802 cultum
858 764 981 824 regnum.
997 742 1057 824 Ego
1080 762 1139 820 qute
1161 741 1259 820 tideo,
1284 741 1421 823 despici03
1449 757 1480 802 tu

57 816 198 890 τίστιντῆς
211 818 342 893 διανοίας,
357 817 498 893 Μνίσθητί
511 820 683 901 μου,Κύριι,
738 842 791 882 non
804 820 921 904 despicis
936 834 1028 904 aperta
1043 842 1102 881 mea
1115 820 1227 897 delicta,
1242 834 1268 879 et
1281 842 1308 880 m
1343 821 1379 880 tis
1396 821 1481 882 iidem

57 897 124 966 ιαίας
133 898 252 978 repletur.
263 898 406 972 Μνήσθητί
417 923 467 977 μου
479 901 505 958 ἕν
517 904 550 972 τῆ
563 901 684 983 βασιλεία
737 900 881 961 admittis?
894 905 1043 963 Memento
1055 905 1114 960 mei
1117 946 1126 977 ,
1139 903 1274 960 Domine.
1286 843 1425 983 Oilitstum
1434 903 1480 983 ju-

70 977 126 1038 ἶατι
140 977 251 1052 δίκαιον,
265 976 416 1078 Κῦςιιμὸν
442 978 489 1058 μὶν
502 964 623 1039 &tidelm
637 978 683 1038 ἵνα
736 979 860 1044 dioiuml
883 983 1019 1042 Mneutu
1042 980 1096 1040 mei
1116 980 1145 1040 in
1206 1001 1240 1040 no
1261 994 1318 1040 tuo.
1339 981 1400 1039 Non
1414 995 1482 1041 esset

57 1061 105 1115 τῶν
113 1061 224 1129 ποιῆσαι
233 1059 364 1139 repedet-qv
375 1081 382 1096 ·
395 1058 547 1119 ἀπὸδότῶν
558 1063 683 1136 μαθητῶν
734 1061 857 1141 justum,
872 1061 1000 1137 Domine,
1020 1061 1088 1120 dum
1108 1059 1189 1120 diabo
1203 1081 1233 1119 us
1248 1080 1333 1119 unum
1348 1080 1383 1119 ex
1397 1059 1480 1120 disei-

57 1140 105 1195 λου
127 1161 157 1196 σε
181 1137 219 1217 μὴ
244 1137 403 1216 permittitis
429 1140 465 1206 εἱς
488 1139 682 1217 εὐαγγελιστήν.
757 1140 810 1199 ulis
830 1139 993 1232 proditorem
1016 1140 1093 1215 iacit,
1118 1152 1144 1199 te
1169 1160 1253 1198 unum
1279 1161 1315 1199 ex
1339 1137 1482 1220 discipulis

57 1215 112 1290 priv
134 1220 182 1287 τῆς
204 1217 326 1290 ἀληθείας
343 1216 493 1298 ἥρπασενὴ
510 1215 614 1292 ἀδικία,
639 1219 683 1278 τὸν
700 1238 719 1284 Β
737 1161 841 1279 diaboh
855 1240 908 1280 nou
932 1233 1036 1279 mutare
1049 1218 1077 1278 in
1091 1217 1293 1297 evangelistam.
1310 1217 1482 1311 Discipulum

57 1299 95 1367 ,ἥς
107 1295 209 1363 ἀδικίας
223 1299 252 1357 οὐ
267 1297 437 1375 μιιαὸαλιῑὴ
449 1295 630 1369 ἀλήθεια;οὐ
650 1295 682 1356 σὺ
738 1298 859 1359 veritatis
881 1299 970 1382 rapuit
990 1298 1136 1381 injustitia,
1149 1311 1175 1357 et
1187 1296 1354 1379 discipulum
1375 1299 1482 1379 injusti-

57 1400 92 1435 αα
106 1423 113 1446 ,
133 1380 147 1435 ὁ
169 1376 341 1455 μειαὸἄλλων
356 1375 387 1435 τὸ
401 1375 493 1444 σκότος
509 1379 544 1444 εἰς
556 1381 623 1458 φῶς,
637 1376 683 1436 καὶ
738 1377 782 1438 tiae
796 1400 849 1439 non
863 1378 979 1439 mutabit
998 1376 1120 1439 veritas?
1133 1379 1229 1438 Nonne
1243 1391 1271 1437 tu
1285 1399 1312 1438 es
1320 1424 1330 1456 ,
1351 1378 1481 1450 Domine,

74 1459 111 1522 εἷς
131 1458 249 1530 εὐθεῖαν,
263 1455 407 1516 Μετάὸαλε
420 1457 465 1516 καὶ
478 1455 523 1514 τὸν
536 1455 636 1530 λῃστὴν
648 1461 684 1524 εἰς
739 1458 786 1537 qui
808 1471 897 1518 mutas
921 1459 1044 1518 tenebras
1059 1457 1205 1531 ἰαίνεται,
1224 1471 1250 1517 et
1265 1472 1381 1518 tortuosa
1397 1457 1424 1516 in
1440 1479 1481 1516 ru-

57 1538 111 1609 ris,
125 1535 233 1607 νίκησον
249 1535 392 1614 ἀγαθότητι
405 1537 453 1610 τὴν
465 1520 602 1675 rroopplev,
618 1535 682 1597 ett-
739 1552 810 1598 ctam
827 1538 924 1598 viam?
945 1539 1025 1597 Muta
1040 1536 1287 1628 quoquelatronem
1301 1537 1329 1596 in
1344 1537 1481 1628 evangeli-

58 1613 183 1693 καιοσύνῃ
204 1615 252 1689 τὴν
267 1615 381 1690 ἀδικίαν,
397 1618 444 1677 καὶ
458 1617 500 1684 δὸς
543 1615 682 1696 ἱανιῇσῇ
737 1632 817 1693 stam,
831 1617 908 1678 vinee
919 1617 1039 1678 bonitate
1052 1615 1208 1695 nequittam,
1227 1617 1368 1698 exstingue
1375 1617 1482 1698 justina

57 1695 110 1776 rlq·
128 1686 147 1773 ᾗ
165 1695 262 1778 πρέπει
274 1694 335 1765 δόξα
356 1696 402 1756 καί
417 1704 435 1772 ἡ
449 1694 626 1779 repositiones<
648 1698 684 1764 τίς
738 1695 922 1777 iniquitatem,
936 1697 1008 1758 etda
1039 1697 1136 1757 loriam
1144 1696 1303 1775 benignitati
1316 1711 1385 1774 tute,
1400 1717 1481 1775 quam

57 1777 144 1842 ιςτῶν
158 1774 269 1835 αἰώνων.
282 1774 374 1854 Ἀμήν.
738 1776 815 1916 (ἐττει
837 1777 922 1857 gloria
946 1790 1009 1837 eta
1045 1777 1114 1836 ratio
1136 1776 1164 1835 in
1183 1775 1284 1842 ‚meula
1308 1776 1478 1837 seculorum.

766 1877 834 1916 rnen.

57 2061 147 2068 ..Α-Ἁ.
170 2061 286 2070 ---.·....
311 2063 320 2068 .
337 2064 342 2068 .
363 2063 377 2068 ..
974 2064 1051 2071 -..ο-

512 2182 920 2344 uouinnlt

579 2479 618 2539 ΙΝ
638 2478 830 2539 HOMILIAM

175 2677 229 2750 lN
266 2676 541 2750 MULIERES
578 2672 880 2750 UNGUENTA
917 2675 1220 2749 FERENTES.

57 2932 63 2969 ι
74 2930 122 2969 seu
134 2906 246 2967 homilia
259 2928 306 2966 seu
318 2904 504 2966 dissertatione
513 2903 565 2963 hoe
577 2903 640 2963 tulit
647 2902 784 2985 judicium
793 2902 914 2964 Savilius
925 2902 1005 2963 Torn.
1019 2901 1049 2975 8,
1066 2905 1118 2963 ool.
1132 2904 1205 2965 tto:
1220 2905 1354 2966 Homilia
1366 2908 1481 2968 erudite

58 3006 102 3065 tta
114 3018 142 3063 et
153 3015 238 3063 acute
250 3015 398 3074 contexta,
414 3003 466 3062 sed
475 3001 558 3060 nullo
572 3001 658 3059 modo
672 3001 800 3059 Ioannis
815 3001 918 3072 nostri,
932 3012 986 3060 aut
999 3003 1032 3059 irs
1040 3000 1136 3059 dubiis
1150 3000 1268 3072 saltem,
1282 3013 1334 3060 aut
1349 3006 1382 3060 in
1396 3007 1480 3084 ἀμφι-

57 3126 95 3173 ue,
103 3099 305 3181 relinquenda.
315 3099 405 3157 Adue
413 3099 493 3175 quod
499 3098 672 3178 quibusdam
683 3100 716 3154 in
726 3096 798 3155 loeis
809 3099 866 3155 sibi
875 3100 941 3177 ipsa
947 3116 1082 3177 pugnare
1090 3097 1256 3172 uidetur,in
1266 3097 1335 3156 aliis
1344 3103 1477 3159 ueritati.

57 3208 130 3275 ignat
143 3193 261 3253 homiliae
274 3206 377 3270 auctor,
391 3214 453 3251 eum
468 3207 529 3273 post
544 3192 655 3251 allatum
676 3190 787 3252 Joannis
797 3191 888 3250 locum
901 3193 955 3266 (Et
970 3191 1048 3250 vidit
1061 3203 1090 3249 et
1099 3191 1233 3251 eredidit.
1248 3191 1386 3251 Nondum
1400 3197 1478 3254 enim

62 3293 251 3371 Scriptorum,
264 3293 334 3370 quia
346 3292 495 3370 oportebat
505 3310 571 3348 eum
584 3309 604 3347 a
618 3290 739 3346 mortuis
758 3307 915 3368 resurgere.
930 3286 1080 3347 Abierant
1093 3307 1161 3367 ergo
1175 3289 1281 3346 iterum
1294 3286 1432 3369 discipuli
1440 3290 1482 3348 ad

57 3394 93 3463 ns)
105 3385 198 3466 adjicit
209 3385 277 3467 ipse,
295 3385 380 3444 Nilril
390 3385 427 3444 de
435 3388 644 3445 resurrectione
659 3383 824 3442 credentes:
836 3404 900 3443 cum
912 3381 970 3464 ipse
981 3384 1099 3443 Joannes
1106 3380 1141 3441 de
1155 3402 1183 3441 se
1194 3380 1308 3460 loquens
1321 3380 1408 3460 dicat,
1420 3383 1480 3465 ipso

71 3487 112 3545 Et
123 3487 200 3543 vidit
209 3497 236 3543 et
247 3484 385 3543 credidit:
401 3503 507 3564 nempe,
523 3496 553 3542 ut
565 3480 637 3542 vidit
654 3494 859 3540 monumentum
879 3500 1008 3557 vacuum,
1027 3477 1249 3539 resurrectionem
1268 3477 1394 3539 eredidit.
1412 3480 1484 3540 Nam

57 3580 102 3659 eit,
115 3581 255 3640 Nondum
264 3584 342 3637 enim
349 3581 481 3639 sciebant
489 3578 678 3658 Scriptorum,
691 3589 753 3654 ete,
763 3575 800 3635 ad
810 3590 915 3657 tempus
925 3575 1090 3658 proeoedens,
1100 3586 1131 3632 ut
1142 3573 1238 3653 liquet,
1250 3573 1421 3634 referendum
1434 3589 1482 3635 est.

70 3677 208 3736 veritatem
222 3696 302 3757 porro
317 3688 343 3733 et
356 3672 619 3735 verisimilitudinem
637 3685 741 3754 pugnat
753 3693 801 3753 per
814 3684 898 3731 totam
912 3671 967 3731 sere
977 3669 1119 3730 homiliam
1138 3693 1145 3727 ι
1159 3683 1191 3729 ut
1207 3690 1270 3728 cunr
1288 3669 1407 3729 affirmat
1422 3673 1484 3731 lda-

57 3771 95 3831 >bi
109 3793 164 3831 esse
177 3772 210 3830 B.
228 3769 370 3850 Virginem
388 3769 544 3851 Deiparam,
560 3768 717 3846 venissoque
730 3767 848 3849 primam
861 3766 897 3827 ad
910 3779 1115 3827 monumentum
1129 3785 1191 3824 cum
1204 3763 1292 3824 Maria
1312 3764 1484 3845 Magdalena,

57 3890 63 3926 ι
74 3868 140 3927 hora
154 3865 268 3948 septima
278 3864 375 3943 noctis,
391 3885 451 3943 quae
465 3863 534 3923 inter
541 3863 692 3924 Sabbatum
702 3875 728 3921 et
741 3862 914 3922 Dominienm
924 3858 1066 3921 intercedit
1080 3883 1086 3916 :
1100 3857 1267 3936 tenuisseque
1279 3857 1373 3916 ambas
1384 3858 1486 3918 Christi

57 3984 154 4041 umque
165 3960 328 4020 adoravisse.
343 3960 436 4038 Neque
446 3971 546 4035 tamen,
560 3956 667 4037 inquit,
681 3955 857 4016 crediderunt
870 3954 984 4036 apostoli
997 3952 1092 4014 Mariae
1106 3949 1218 4031 Virgini
1231 3962 1257 4010 et
1270 3949 1439 4029 magdalene
1454 3952 1485 4014 id

58 4079 88 4116 us
95 4080 104 4133 ;
116 4057 182 4132 imo,
196 4055 286 4137 pergit
296 4053 354 4131 ille,
368 4050 531 4132 Magdalena
545 4052 680 4133 apostolos
691 4049 788 4110 videns
798 4048 881 4108 dictis
889 4068 943 4107 non
956 4045 1075 4122 eredere,
1086 4044 1145 4125 ipsa
1154 4063 1260 4123 quoque
1272 4043 1380 4125 putavit
1393 4064 1421 4103 se
1430 4065 1484 4105 non

57 4149 144 4231 [quod
156 4148 274 4227 viderat,
286 4164 312 4208 et
322 4147 510 4228 imaginariam
523 4147 607 4207 luisse
616 4146 755 4208 visionem.
771 4145 874 4203 Caetera
888 4163 942 4202 non
955 4161 1116 4224 persequor,
1128 4159 1188 4218 qute
1199 4137 1246 4197 ille
1259 4151 1350 4197 eontra
1362 4137 1485 4201 omnium

57 4268 200 4306 nasserere
213 4245 310 4305 nititur
327 4241 472 4325 :supponit
485 4256 573 4303 tamen
583 4242 648 4320 ille,
658 4255 689 4300 ut
699 4238 781 4299 etalii
804 4238 928 4321 plurimi,
952 4236 1070 4297 Mariam
1091 4231 1283 4314 Magdalenam
1301 4232 1384 4292 aliam
1396 4255 1453 4294 esse
1469 4258 1485 4296 a

57 4365 109 4404 :ore
123 4341 227 4403 Lazari.
239 4342 334 4424 Stylus
345 4354 385 4400 est
398 4352 470 4399 totus
482 4339 639 4422 perplexus,
654 4336 791 4418 spinosus,
805 4334 932 4412 incultus,
946 4347 1001 4394 eta
1012 4327 1194 4413 grammatice
1208 4328 1316 4410 legibus
1327 4328 1486 4411 plerumque
