3750 5940
89 425 220 476 cxxxu.
249 403 296 475 al.
319 426 434 478 cxxxi.
594 457 598 466 -
784 407 854 479 555

113 552 145 610 tu·
157 565 372 631 cognoverunt,
386 557 458 634 quia
470 566 502 613 tu
515 575 561 613 mc
577 560 690 616 misisti.
709 554 809 616 Viden’
824 554 857 616 il·

113 640 171 701 lum
186 642 233 702 hie
246 663 290 702 eos
301 643 488 722 subindicare,
502 645 550 724 qui
566 644 692 707 dicebant
700 647 792 729 ipsum
803 667 856 708 non

113 741 214 799 exDeo
226 759 296 816 esse,
317 754 343 799 et
365 738 400 798 ad
416 740 468 800 hoc
482 727 572 801 omnia
591 741 739 802 reducere?
752 744 800 803 26.
816 746 858 803 Et

115 834 285 914 notwnseci
297 836 339 893 eis
352 854 457 893 nomen
471 848 553 894 tuum
560 880 570 908 ,
583 847 611 894 et
623 838 856 918 notumsaciam.

113 924 196 1004 Atqui
213 923 310 985 dixisti
330 925 476 1006 perfectam
497 924 677 1006 cognitionem
696 947 752 987 esse
769 925 858 1010 Spiri-

112 1031 174 1076 tus:
189 1038 286 1078 verum
300 1039 331 1076 ea
348 1039 408 1097 qum
423 1031 486 1078 sunt
507 1018 638 1100 Spiritus,
654 1039 712 1078 mea
725 1032 798 1080 sunt.
819 1020 859 1080 Ut

112 1109 230 1169 dilectio
246 1131 306 1191 pua
319 1111 450 1171 dilexisti
464 1132 524 1185 me,
546 1116 579 1170 in
590 1115 659 1192 ipsis
680 1125 814 1186 maneat,
830 1127 858 1173 et

112 1222 164 1281 ego
177 1205 210 1260 in
223 1206 302 1282 ipsis.
315 1203 385 1261 Nam
403 1201 426 1262 si
442 1200 587 1262 didicerint
601 1203 662 1282 quis
684 1215 714 1262 tu
728 1202 782 1280 sis,
795 1217 859 1264 tunc

74 1286 93 1332 Ε
112 1293 196 1352 scient
209 1314 253 1352 me
266 1293 316 1352 abs
330 1307 355 1352 te
369 1315 422 1353 non
434 1314 490 1353 esse
505 1295 671 1376 sejunctum,
681 1293 730 1355 sed
741 1296 860 1356 maxime

113 1384 259 1460 dilectum,
275 1407 370 1445 verum
382 1386 484 1446 Filium
497 1401 523 1447 et
542 1388 714 1469 conjunctum
728 1387 788 1448 tibi.
803 1389 859 1462 Qui

112 1475 164 1536 boc
179 1491 209 1536 ut
232 1499 282 1559 par
294 1491 334 1537 est
350 1477 476 1556 credent,
490 1492 518 1538 et
535 1477 618 1538 sideru
635 1478 662 1538 in
682 1500 726 1539 mc
744 1493 770 1540 et
786 1480 858 1540 dile·
902 1497 904 1500 ·

112 1568 225 1628 ctionem
240 1569 346 1628 firmam
358 1569 512 1629 servabunt.
526 1569 621 1650 stipsi
636 1583 666 1630 ut
681 1584 785 1652 oportet
795 1570 859 1632 dili-

112 1673 242 1739 gant,cgo
252 1661 279 1719 in
289 1660 344 1720 illis
353 1661 475 1722 manebo.
486 1661 591 1724 Vidcn'
604 1662 739 1741 quomodo
748 1663 775 1723 in
788 1664 859 1745 opti-

112 1775 186 1812 mum
198 1754 279 1813 finem
289 1752 386 1830 desiit,
399 1754 427 1813 in
439 1753 608 1815 dilectionem
622 1777 726 1838 nempe,
736 1757 858 1847 omnium

112 1860 225 1904 matrem
241 1846 391 1906 bonorum?
408 1846 555 1907 Credamus
569 1869 649 1927 ergo,
668 1863 695 1908 et
711 1847 858 1928 diligamus
893 1900 1008 1944 Deum

65 1966 101 2007 tor
113 1941 214 2014 Deum,
232 1936 309 1996 nede
320 1938 397 1996 nobis
409 1937 516 1997 dicatur
530 1963 536 1995 :
552 1940 737 2022 Corfitentur
749 1962 780 2000 se
793 1961 857 2001 nos·
867 1966 953 2010 uentus
989 1973 1013 2006 «ι

75 2028 94 2073 Λ
112 2051 143 2089 se
162 2033 259 2089 Deum
272 2075 282 2102 ,
296 2032 395 2112 sactis
418 2044 515 2090 autem
541 2045 665 2112 negant5
686 2044 713 2091 et
734 2026 1001 2136 ἰῐονιιιιιρξἑζῢῗᾶῗῖς

112 2126 216 2183 Fidem
238 2128 369 2205 negavit,
393 2137 422 2182 et
444 2139 486 2184 est
504 2126 620 2207 infideli
636 2126 768 2186 deterior.
789 2128 857 2188 Corn
871 2165 892 2198 ι,
912 2119 973 2194 itti.
987 2121 1008 2193 52

111 2221 183 2280 enim
193 2219 239 2278 illc
249 2219 348 2298 servis,
366 2219 486 2300 cognatis
500 2235 526 2280 et
540 2219 636 2282 alienis
651 2221 816 2304 opituletur,
828 2238 858 2284 tu
868 2216 891 2265 ⁸·

111 2334 174 2372 tero
186 2333 218 2370 ne
231 2332 389 2391 congereres
399 2310 510 2391 quidem
520 2334 673 2393 curesque
687 2314 797 2374 demum
808 2316 860 2377 orit

110 2404 160 2462 tibi
175 2403 310 2480 defensio,
326 2423 389 2460 eum
400 2404 473 2462 Deus
485 2417 630 2485 propterte
640 2405 858 2487 blasphemetur,

110 2511 136 2555 et
152 2494 321 2556 contumeliis
341 2495 507 2576 impetatur?
532 2497 670 2579 Perpendc
695 2499 767 2560 enim
792 2516 857 2580 quot

110 2590 188 2649 nobis
197 2592 271 2649 Deus
281 2588 348 2648 bene
359 2587 472 2648 faciendi
482 2588 633 2650 occasiones
641 2589 757 2653 dederit.
768 2592 857 2671 llunc,

111 2683 207 2761 inquit,
221 2697 249 2741 ut
260 2681 447 2761 sanguineum,
461 2681 533 2740 huuc
548 2696 578 2742 ut
590 2683 723 2759 amicum,
739 2684 817 2744 illum
829 2700 858 2744 ut

110 2777 247 2850 vicinum,
262 2775 341 2834 illum
361 2789 390 2834 ut
408 2775 562 2846 concivem,
576 2776 662 2836 alium
676 2791 706 2835 ut
719 2777 856 2838 hominem

109 2868 247 2926 miserare.
267 2866 349 2939 Quod
371 2865 394 2925 si
414 2866 513 2925 horum
531 2865 600 2924 nibil
621 2881 647 2927 te
661 2867 791 2946 retineat,
810 2871 856 2929 scd

109 2961 199 3019 omnio
213 2959 322 3020 vincula
336 2958 485 3035 dissolves,
501 2957 566 3017 nudi
583 2959 698 3019 Paulum
712 2959 855 3038 dicentem,

72 3052 88 3097 Β
110 3067 135 3110 te
146 3075 202 3111 esse
214 3052 316 3111 infideli
331 3050 491 3110 deteriorem
503 3075 510 3106 ε
520 3049 583 3128 quia
594 3050 642 3110 ille
652 3072 715 3110 cum
725 3053 794 3112 nihil
808 3076 855 3113 att-

108 3146 190 3204 disset
202 3145 237 3204 dc
247 3145 432 3225 eleemosyna,
446 3143 490 3203 vel
503 3142 537 3202 de
550 3143 716 3223 celestibus,
728 3157 755 3204 tc
765 3159 854 3207 tamen

108 3238 274 3297 luuuenitatc
285 3235 423 3318 superavit
437 3260 443 3293 :
460 3249 489 3294 tu
500 3257 564 3297 vero
572 3236 664 3317 jussus
675 3236 798 3298 inimicos
811 3239 854 3299 di·

106 3330 207 3409 ligere,
225 3329 391 3411 propinquos
408 3342 438 3387 ut
452 3327 576 3387 inimicos
587 3328 716 3411 respicis,
732 3344 758 3390 et
771 3352 852 3411 pecu·

108 3423 161 3481 niis
174 3422 260 3503 magis
274 3421 376 3502 parcis,
392 3442 473 3499 quam
482 3421 649 3502 corporibus.
660 3421 853 3502 Atquidivitiae

107 3515 237 3573 absumtae
248 3514 317 3574 nihil
327 3513 419 3572 damni
431 3512 580 3593 patientur,
596 3512 641 3572 hic
652 3536 716 3574 vero
731 3530 850 3577 contem·

108 3621 150 3666 tus
165 3605 274 3688 peribit.
290 3603 359 3678 Quis
372 3626 437 3684 ergo
451 3605 526 3663 furor
546 3604 667 3684 pecuniis
683 3628 809 3687 parcere,
827 3623 853 3668 et

107 3714 232 3780 cognatos
246 3699 403 3780 despicere?
417 3696 551 3756 undenam
569 3697 615 3757 hic
629 3720 705 3758 emor
721 3701 761 3760 sic
774 3702 851 3761 inva-

107 3790 176 3851 luit?
191 3787 263 3847 unde
281 3801 354 3846 tante
376 3785 558 3845 inhumanitas
582 3799 663 3864 utque
686 3787 851 3848 crudelitas?

106 3884 135 3943 Si
152 3883 212 3961 quis
226 3878 312 3952 enirn,
327 3878 404 3957 qutetsi
419 3877 446 3935 in
461 3898 566 3935 sunium
576 3878 680 3936 theatro
692 3876 799 3955 sedens,
812 3893 850 3940 to·

107 3989 165 4036 tum
187 3985 287 4055 spectet
307 3967 454 4046 mundum,
477 3968 531 4028 imo
553 3968 575 4028 si
589 3969 691 4050 placet,
713 3969 850 4032 civitatem

68 4076 87 4124 c
106 4089 187 4127 tinam
201 4063 474 4142 iuterirnspectemus.

146 4252 175 4310 l.
197 4251 226 4311 Si
250 4249 311 4329 quis
332 4268 395 4327 ergo
421 4246 450 4306 in
474 4245 586 4305 sublimi
611 4243 847 4308 sedens-humana

106 4345 196 4403 omnia
209 4342 301 4402 sidere
312 4354 410 4422 posset,
424 4338 511 4420 cogita
525 4349 654 4416 quantam
672 4339 848 4420 reprehende·

96 4453 144 4497 uet
167 4436 318 4512 stultitiam,
335 4447 447 4513 qttantzts
465 4430 589 4490 funderet
602 4429 748 4513 lacrymas,
766 4455 849 4514 quam

105 4533 189 4590 effuse
213 4529 322 4607 rideret,
351 4539 482 4605 quantum
502 4522 597 4582 odium
617 4523 778 4605 conciperet.
808 4526 1004 4632 &vitisque-

105 4624 309 4693 enimiacimus,
326 4641 384 4700 quae
401 4619 467 4693 risu,
486 4618 588 4695 lurore,
602 4618 733 4700 lacrymis
747 4634 774 4679 ct
786 4621 916 4697 odiospue
936 4638 1003 4680 cus.

104 4717 187 4797 digna
202 4717 262 4775 sint.
275 4714 326 4773 lllc
340 4734 416 4773 canes
429 4710 487 4786 alit,
498 4724 528 4769 ut
539 4710 608 4769 ieras
622 4711 720 4792 capiat,
730 4713 777 4792 qui
792 4716 850 4796 ipse
859 4704 948 4744 ''³³⁰⁰''

104 4813 132 4871 in
143 4812 275 4871 feritatem
286 4806 383 4867 incidit
398 4830 405 4861 ε
419 4805 465 4863 ille
482 4803 572 4863 asinos
585 4818 612 4863 et
623 4817 723 4880 toruos,
738 4821 768 4865 ut
783 4808 852 4890 lapi-

104 4904 152 4964 des
174 4903 323 4977 transierat,
344 4898 411 4957 dum
425 4895 548 4975 homines
568 4896 683 4978 despicit
704 4898 774 4959 same
796 4922 854 4980 ptr·

95 5066 164 5129 7⁰9b
181 5074 255 5112 reete.
270 5059 421 5128 [legebatur
435 5060 585 5129 ἀπήρτησεν]

130 5161 139 5182 t
158 5145 196 5193 lta
210 5140 286 5192 steret
314 5137 525 5190 §acilinum-1.
