3750 5940
59 443 84 492 u.
112 440 217 492 cxxii.
245 414 293 489 nl.
323 439 413 490 cxxc.
794 414 865 509 485

59 591 62 615 ·
117 578 142 626 et
167 585 258 627 veram
286 562 421 625 dictorum
455 582 563 622 musam
597 581 649 622 non
677 576 794 624 norant:
817 585 892 632 au„
905 602 943 650 ²9·

59 694 61 701 ι
82 661 100 709 E
118 657 290 739 spicabantur
303 670 402 732 autem,
416 658 458 717 Ut
471 660 568 737 egenis
576 648 693 739 aliquid
703 659 798 732 daret,
811 649 862 718 isla

59 798 63 811 .
117 751 226 811 dixisse.
245 752 361 812 Multam
381 751 453 812 euim
472 750 581 830 gerebat
596 772 747 832 pauperum
759 773 862 828 curam,

59 886 64 911 ,
118 854 148 902 ut
164 865 211 903 nos
228 843 263 903 ad
284 843 404 925 idipsum
424 843 528 902 naviter
545 841 681 922 agendum
699 842 860 903 institueret.

59 960 65 994 c
118 939 210 1015 Neque
223 935 280 995 sinc
294 957 372 996 causa
391 934 419 994 id
435 935 583 1016 putabant3
597 934 645 994 ille
657 955 773 1014 namque
789 936 1012 1002 locu-amna.

60 1055 65 1087 t
117 1028 157 1088 los
178 1028 301 1088 habebat.
325 1028 408 1107 Atqui
429 1049 506 1087 nemo
525 1026 666 1109 pecuniam
685 1027 738 1108 ipsi
758 1026 865 1089 dedisse

60 1156 63 1166 ·
118 1136 242 1181 narratur
254 1146 260 1179 ε
272 1142 366 1181 verum
382 1119 457 1200 quod
469 1118 610 1201 discipulae
620 1140 655 1179 ex
668 1119 748 1181 bonit
758 1119 815 1180 suis
827 1120 863 1181 ad

60 1238 63 1263 t
118 1216 219 1274 victum
242 1215 386 1275 necessaria
407 1214 459 1295 ipsi
481 1213 708 1295 suppeditabant,
728 1213 780 1273 hoe
798 1235 863 1276 vero

60 1335 61 1362 1
72 1348 108 1387 „5
117 1329 249 1387 nusquam
262 1308 305 1367 vel
318 1306 510 1367 subindicavit.
521 1307 578 1365 Cur
589 1328 670 1388 porro
681 1307 705 1367 is
715 1307 762 1386 qui
766 1306 860 1388 jubet,
895 1323 1015 1368 cmchru

81 1405 99 1448 A
116 1423 164 1459 uec
171 1422 277 1481 peram,
292 1422 376 1480 neque
388 1423 424 1460 ωε
431 1446 439 1475 ,
451 1421 538 1479 neque
551 1400 680 1459 baculum
690 1401 772 1478 ferri,
787 1401 862 1460 locu·
870 1386 1014 1493 fflu¹eff¹⁰⁸

60 1524 63 1547 r
115 1492 156 1551 los
169 1493 270 1552 ferebat
283 1493 318 1552 ad
331 1514 479 1574 pauperum
501 1488 703 1552 ministerium?
717 1495 756 1554 Ut
773 1491 861 1554 discas
976 1480 982 1493 ⁸

60 1632 62 1641 ,
115 1584 159 1643 vel
177 1607 239 1644 eum
256 1585 303 1665 qui
319 1585 388 1644 nihil
405 1584 502 1644 babeat
516 1598 542 1644 et
553 1606 660 1644 crucem
674 1599 772 1667 portet,
792 1585 862 1674 banc

115 1679 233 1738 maxime
242 1701 298 1738 rem
313 1699 407 1738 curare
416 1692 547 1759 oportere.
560 1678 648 1738 Multa
657 1679 729 1738 euim
739 1679 862 1759 faciebat,

114 1785 144 1829 ut
158 1792 205 1830 uos
222 1772 379 1830 institueret.
395 1771 453 1830 lloc
467 1771 552 1851 igitur
563 1774 657 1833 lesum
669 1771 772 1832 dixisse
783 1786 863 1853 puta·

114 1878 177 1922 runt
197 1863 334 1944 discipuli,
351 1878 380 1922 ut
401 1863 542 1945 quidpiam
560 1864 725 1945 pauperibus
742 1864 860 1924 daretur.

113 1957 207 2034 Neque
224 1956 275 2014 boc
296 1956 461 2037 proditorem
480 1956 573 2032 llcxit,
587 1955 664 2035 quod
682 1954 717 2015 ad
735 1956 861 2017 ultimam

113 2065 197 2126 usque
220 2047 292 2106 diem
311 2048 390 2107 illum
409 2047 550 2107 traducere
560 2061 587 2108 et
599 2063 693 2108 notum
712 2048 798 2108 lacere
811 2069 860 2108 no·

111 2138 200 2198 luerit.
212 2139 270 2198 lloc
284 2152 310 2198 et
326 2139 404 2198 nobis
413 2156 521 2219 quoque
532 2138 685 2200 laciendum
696 2153 735 2200 est
746 2163 753 2198 ε
764 2154 859 2200 contu·
922 2164 1013 2214 pm...

110 2230 260 2289 bernalium
282 2243 390 2311 peccata
412 2252 465 2290 uon
489 2229 632 2291 revelanda
654 2246 733 2308 sunt,
753 2230 858 2293 etiamsi
915 2227 1013 2276 ⁸¹³⁰&

111 2322 270 2382 incurabilia
284 2323 346 2383 siut.
360 2323 468 2383 Etenim
479 2337 570 2404 postea
581 2323 632 2405 ipsi
645 2323 682 2384 ad
689 2322 859 2406 prodendum
869 2305 1013 2400 ffi,‚“⁷⁰'

75 2438 92 2482 n
110 2416 243 2475 accedenti
260 2416 381 2475 osculum
400 2415 532 2491 dedit‚ac
543 2417 726 2499 remsuscepit
744 2429 860 2493 tantam,

111 2509 221 2569 eumad
239 2509 319 2590 louge
341 2508 581 2569 formidabiliorem
601 2525 737 2591 pergeret,
749 2509 784 2570 ad
798 2531 860 2570 cru·

110 2623 168 2663 cem
192 2625 304 2685 nempe,
328 2618 353 2661 ct
371 2617 484 2662 mortem
505 2603 790 2683 ignominiosissimam
807 2623 861 2669 :ae

108 2717 216 2754 rursum
237 2696 294 2754 illic
314 2696 507 2774 benignitatem
527 2716 605 2754 suum
626 2694 794 2755 ostendebat.
808 2695 860 2756 Hie

108 2809 172 2847 uero
195 2811 251 2847 rem
265 2789 341 2848 illam
362 2789 476 2867 gloriam
496 2802 584 2865 vocat,
599 2787 699 2847 doeens
712 2788 781 2847 nihil
793 2787 860 2849 adeo

108 2893 194 2960 turpe,
202 2879 268 2939 adeo
279 2880 488 2959 ignominiosum
498 2880 643 2958 esse,quod
654 2900 707 2940 nou
719 2880 860 2942 clariorem

108 2972 217 3046 reddat,
231 2972 338 3051 quando
359 2972 509 3032 secuudum
530 2975 619 3033 Deum
637 2973 763 3034 efficitur.
781 2975 859 3036 Poet-

108 3085 189 3142 quam
210 3065 293 3143 igitur
307 3065 409 3123 exierat
422 3063 555 3126 Judasad
567 3063 756 3146 prodendum,
769 3066 837 3127 dicit
852 3092 858 3125 :

108 3159 155 3215 nt.
170 3159 257 3216 Nurw
272 3159 454 3239 clarificatus
468 3171 511 3217 est
525 3159 622 3218 Filius
632 3161 760 3221 bominis
773 3183 783 3218 .·
794 3160 860 3221 hinc

107 3248 197 3329 lapsos
213 3248 411 3330 discipulorum
428 3249 534 3310 animos
552 3251 668 3330 erigens,
688 3251 858 3332 suadensque

110 3356 202 3401 utnon
215 3342 294 3402 modo
314 3365 367 3402 non
388 3342 540 3420 tristentur,
554 3342 600 3403 sed
619 3344 700 3404 etiam
713 3344 858 3425 gaudeant.

108 3435 173 3494 ldco
195 3437 304 3496 Petrum
327 3457 343 3494 a
370 3435 503 3517 principio
523 3437 681 3518 increpavit.
700 3441 771 3499 Nam
786 3438 860 3519 quod

72 3521 91 3572 0
110 3542 195 3586 morte
207 3529 268 3607 quis
285 3542 398 3587 mortem
414 3529 520 3605 vincat,
538 3530 625 3609 gloria
643 3546 683 3591 est
702 3552 809 3612 magua.
823 3532 859 3592 Et

109 3619 159 3680 hoc
170 3634 208 3679 est
220 3619 296 3700 quod
310 3621 356 3680 ille
365 3621 401 3680 de
410 3623 497 3704 seipso
512 3622 580 3683 dicit
596 3646 602 3680 ε
619 3625 694 3683 Cum
708 3625 857 3685 exaltatus
866 3646 962 3695 locate.
971 3648 1010 3698 28.

106 3713 203 3788 fuero,
220 3727 290 3772 tunc
309 3719 488 3794 cognoscetis
511 3721 582 3797 qnia
597 3737 740 3797 egestam·
757 3730 782 3775 et
798 3739 857 3775 rur-
871 3722 906 3754 ¹²·
922 3707 962 3757 ³³·

108 3825 179 3879 sum,
194 3806 305 3866 Solvite
322 3808 461 3887 templum
475 3810 543 3878 lroc;
558 3809 718 3888 iterumque,
735 3810 856 3891 Signum
867 3825 1010 3882 launum.

109 3918 168 3954 non
179 3900 307 3971 dabitur,
325 3903 383 3958 nisi
396 3903 512 3980 signum
523 3902 619 3961 Jonoe.
630 3900 774 3973 Quomodo
784 3903 855 3961 enirn
867 3887 938 3931 ⁶⁸⁶¹
947 3899 1008 3946 '¹²9'

108 4011 160 4048 non
177 3990 261 4069 gloria
276 3991 310 4050 sit
323 3992 456 4066 maxima,
466 4005 527 4074 post
541 4007 654 4052 mortem
669 3995 770 4075 majora
780 4016 857 4075 posse

108 4104 188 4160 quam
200 4098 261 4142 aute
275 4086 409 4143 mortem?
422 4087 461 4144 Ut
471 4085 543 4144 enim
562 4087 722 4146 resurrectio
735 4086 857 4146 eredere-

107 4188 162 4249 tur,
175 4177 276 4256 majora
295 4176 379 4235 locere
389 4176 527 4259 discipuli.
540 4178 568 4238 si
584 4179 657 4237 enim
666 4199 719 4238 nou
728 4179 854 4257 vixisset,

107 4280 133 4326 et
153 4270 225 4326 Deus
243 4290 294 4327 non
309 4268 415 4344 luisset,
433 4269 568 4347 quomodo
581 4270 612 4329 hi
626 4271 654 4330 in
672 4272 780 4332 nomine
796 4273 854 4354 ejus

107 4372 179 4418 tauta
195 4359 335 4419 fecissent?
351 4363 399 4419 52.
421 4364 462 4420 Et
479 4364 562 4422 Deus
575 4364 754 4446 clarificabit
775 4387 852 4425 euim

107 4451 182 4525 Quid
193 4463 243 4528 est,
259 4455 340 4512 Deus
354 4454 533 4536 clarificabit
546 4476 612 4514 eum
622 4461 655 4514 in
668 4461 782 4538 seipso?
796 4458 856 4519 lloc

70 4553 88 4598 D
105 4557 156 4620 est,
169 4566 217 4625 per
230 4545 359 4626 seipsum,
373 4567 425 4605 non
441 4568 489 4628 per
504 4547 596 4607 alium.
609 4551 650 4609 Et
662 4554 764 4610 statim
787 4552 855 4612 cla-

126 4812 219 4857 caelen
230 4826 254 4870 pc
264 4808 332 4864 οὐδείς
352 4806 412 4855 llaec
424 4802 577 4857 subobscura
590 4817 663 4870 cunt,
678 4822 757 4872 neque
774 4806 806 4857 ita
818 4807 854 4858 su·

92 4878 139 4930 cile
151 4879 335 4948 intelliguntur.

125 4957 193 5009 ειΜίἰ
211 4967 402 5030 χαλιπώτιρον...
422 4968 459 5013 τὸν
476 4966 499 5014 δὲ
511 4969 606 5028 σταυρὸν
618 4969 695 5016 αὐτοῦ.
713 4961 801 5014 llorel.
817 4974 855 5016 τὸν

93 5050 188 5106 σταυρὸν
200 5045 276 5093 αὐτόν.

125 5119 137 5156 b
152 5120 227 5166 l‘utat
239 5117 316 5167 Sutil.
332 5116 463 5184 legendum
473 5128 508 5173 lui
520 5134 561 5187 τῷ.

126 5191 139 5220 “’
151 5196 202 5260 [lta
215 5195 298 5248 Codd.
313 5199 401 5249 nostri.
417 5198 589 5268 narpovSntil.
604 5209 689 5267 Πέτρος
701 5199 804 5266 Menti.)
