3750 5940
51 476 69 497 ..
96 444 202 497 narrt.
229 423 278 495 al.
306 446 401 495 uxr.
772 426 841 523 487

102 573 166 649 Quo
175 591 229 652 ego
246 572 338 643 oudo,
348 590 404 631 vos
418 590 479 631 nors
488 575 609 651 mustis
622 575 736 633 watra.
747 572 846 636 Osten-

96 661 139 722 dit
154 677 268 723 mortem
282 684 361 723 suam
372 684 430 723 esse
444 661 646 723 translationem
660 676 688 722 et
701 656 846 727 transitum

98 754 134 814 ad
145 756 264 832 meliora,
277 769 304 816 ct
316 755 451 817 adlocurn
467 754 654 837 corruptibilia
666 776 778 839 corpora
791 779 846 821 nou

99 847 279 929 recipientem.
291 849 354 909 llaec
367 870 448 930 porro
459 848 527 909 dicit
539 848 621 907 etiam
634 862 665 907 ut
677 868 771 909 eorum
781 872 846 932 erga

65 946 128 999 Dse
142 962 261 1001 amorem
277 942 375 1002 excitet
394 956 421 1001 et
436 941 624 1003 ferventiorem
640 940 848 1026 eiiciat-Scitis

100 1031 171 1092 enirn
186 1055 248 1093 cum
257 1034 361 1113 aliquos
375 1034 453 1094 uobis
462 1032 638 1095 amicissimos
652 1031 777 1095 videmus
785 1036 848 1097 ahs·

100 1123 230 1203 cedentes,
245 1148 293 1187 uos
313 1127 399 1209 magis
412 1125 520 1187 incendi
525 1148 536 1203 ;
551 1122 671 1185 maxime
690 1144 755 1185 cum
765 1126 845 1189 vide·

100 1238 160 1277 mus
173 1240 218 1278 eos
232 1218 259 1278 in
274 1219 365 1280 locum
378 1218 523 1280 concedere
534 1238 589 1296 quo
606 1236 655 1275 uos
664 1214 706 1275 ire
715 1237 768 1277 uon
781 1238 848 1299 pos·

99 1330 202 1370 sumus.
218 1313 257 1370 Ut
269 1333 333 1392 ergo
344 1311 454 1375 Judaeos
467 1322 587 1383 terreret,
597 1308 656 1367 hae
669 1306 751 1385 dixit,
763 1322 853 1389 utque

98 1401 296 1484 discipulorum
304 1426 423 1465 amorem
433 1402 593 1465 incenderet
610 1399 689 1460 Talis
697 1399 793 1461 estille
807 1400 849 1462 lo-

99 1515 216 1575 cus,quc
226 1517 279 1557 nou
292 1497 335 1557 illi
344 1496 433 1574 modo,
442 1494 491 1558 sed
503 1514 552 1555 nec
560 1512 609 1554 vos
620 1512 729 1572 quoque
736 1492 846 1555 amics-

99 1586 161 1646 simi
178 1590 287 1670 possitis
300 1591 400 1653 venire.
410 1589 463 1649 llic
474 1604 584 1666 quoquc
593 1582 844 1665 dignitatemsuam

98 1681 224 1742 ostendit.
236 1686 279 1743 Et
288 1688 375 1745 colis
385 1685 452 1743 dico
465 1681 562 1741 mmo.
573 1677 640 1754 cor,
652 1677 753 1737 modo?
764 1678 849 1739 Aliter
956 1706 960 1715 ·

98 1773 163 1849 rua,
177 1760 256 1835 auor
270 1776 363 1855 voum
384 1776 414 1837 ta
432 1766 481 1852 ot,
497 1794 550 1834 noa
571 1789 634 1828 com
647 1768 711 1829 tun
728 1761 848 1837 chono

99 1865 345 1946 illumquaesierunt
360 1869 469 1932 Judaei?
483 1869 531 1931 ubi
540 1865 845 1955 discipulitltircipotr‘,

66 1956 84 2004 Ε
100 1977 162 2016 cum
172 1959 308 2039 sugereut3
324 1960 414 2024 Judaei
429 1982 504 2037 vero,
517 1962 627 2042 prande
644 1963 673 2023 iu
684 1964 849 2025 calamitates

99 2048 219 2128 ingentes
232 2065 258 2110 et
269 2052 405 2113 inauditas
417 2051 581 2129 inciderunt,
592 2054 659 2115 urlse
667 2068 756 2137 capta,
765 2068 793 2115 et
804 2055 847 2115 ira

99 2144 149 2201 Dei
171 2145 291 2225 undique
309 2146 371 2206 illos
392 2146 607 2207 circumsidente.
624 2147 849 2231 Discipulismgo

100 2248 163 2294 tunc
168 2250 280 2317 propter
286 2236 504 2299 incredulitatem
513 2239 551 2299 ita
560 2238 690 2319 loquutus
698 2252 755 2299 est:
769 2238 849 2301 vobis

99 2348 170 2387 niune
178 2349 237 2408 ego,
252 2351 285 2389 ne
298 2328 508 2411 inexspectatum
520 2330 639 2391 subeatis
654 2330 846 2395 calamitatem.

99 2421 148 2479 at.
159 2423 499 2483 Mandatumuovumdo
509 2426 605 2485 vobis.
616 2422 849 2484 Cumenimveri·

100 2512 190 2573 simile
209 2526 278 2574 esset
295 2514 367 2591 illos,
382 2514 417 2574 iis
429 2513 541 2590 auditis,
549 2535 582 2575 ac
590 2512 616 2575 si
626 2512 726 2575 desmi
736 2534 849 2596 prorsus

58 2605 714 2688 messenumperturbationemdelapsurosesse:
728 2606 849 2668 consola·
939 2620 945 2629 '

67 2707 86 2750 Α
101 2709 146 2755 tur
160 2697 243 2777 ipsos,
252 2699 374 2759 omnium
386 2699 520 2759 munuum
531 2697 623 2759 radice
631 2696 668 2757 ad
678 2698 849 2759 securitatem

101 2788 223 2845 muniens
240 2808 298 2862 eos,
313 2808 410 2869 nempe
431 2787 556 2862 caritate3
571 2808 603 2846 ac
626 2786 648 2847 si
671 2784 849 2847 diceretzlle
930 2812 936 2821 ·

100 2881 214 2940 abeunte
226 2880 340 2941 doletis?
351 2903 446 2942 verum
459 2883 483 2943 si
489 2903 538 2943 vos
548 2895 644 2941 mutuo
653 2879 784 2959 diligatis,
794 2882 849 2942 sor·

100 2973 181 3032 tiores
190 2974 274 3034 eritis.
283 2976 338 3035 Cur
348 2996 412 3055 ergo
419 2996 472 3036 ncn
480 2974 518 3036 ita
525 2973 616 3034 dixit?
626 2973 781 3053 Quiaqucd
790 2973 849 3033 lon·

101 3086 133 3145 gn
147 3065 242 3124 utilius
257 3081 315 3125 erat
327 3067 440 3148 protulit
455 3069 525 3129 235.
539 3070 578 3126 In
601 3069 657 3127 loc
672 3079 849 3147 cognoscent

101 3180 200 3218 ornnes
214 3161 293 3241 quod
307 3161 445 3240 discipuli
458 3165 515 3221 mci
528 3160 665 3221 astutiis
675 3159 748 3219 cuim
762 3157 848 3239 sigui·

101 3251 202 3327 stravit,
215 3252 329 3310 chorum
346 3274 427 3312 suum
448 3273 597 3332 numquam
612 3251 849 3329 osesotveodum,

101 3358 242 3425 postquam
251 3345 303 3404 hoe
316 3344 448 3405 indicium
457 3345 513 3405 illis
524 3344 644 3407 dederat.
657 3344 717 3405 Hoc
726 3363 792 3407 vero
801 3342 848 3403 di·

101 3440 152 3513 xit,
160 3438 269 3518 quaudo
276 3439 400 3521 proditor
411 3441 446 3499 ab
455 3440 511 3501 illis
521 3454 662 3523 separatus
671 3452 722 3499 cet.
733 3439 791 3499 Cur
799 3458 850 3499 au·

101 3545 155 3591 tem
169 3531 220 3590 hoc
233 3531 392 3591 mandatnm
404 3531 473 3593 dicit
486 3554 588 3594 novum
598 3552 663 3609 esse,
671 3529 745 3611 quod
756 3530 851 3593 iulle·
906 3520 910 3527 ’

102 3623 150 3682 teri
166 3645 273 3702 quoque
287 3626 459 3685 Testameuto
481 3625 599 3707 positum
614 3624 689 3686 erat?
703 3626 765 3706 lpse
778 3622 851 3684 illud

102 3738 204 3778 novum
216 3719 280 3778 fecit
294 3720 355 3801 ipso
365 3719 540 3801 praecipiendi
555 3718 651 3796 mod03
662 3717 754 3777 intulit
767 3717 849 3793 enim,

102 3812 181 3871 Sicut
192 3813 284 3871 dilexi
298 3833 362 3872 vos.
372 3815 432 3873 Non
444 3813 517 3873 enim
526 3812 623 3873 vestris
636 3810 851 3893 precedentibus

69 3904 205 3962 Bmeritis
223 3904 347 3964 debiturn
365 3905 499 3986 persolvi,
515 3904 563 3964 sed
583 3905 641 3985 ipse
660 3902 740 3984 coepi,
753 3901 850 3981 iuquit.

103 3996 149 4057 sic
164 4011 189 4055 ct
204 4019 250 4058 vos
270 4010 374 4078 oportet
396 3998 490 4057 amieis
514 3994 609 4057 vestris
629 3994 760 4054 beneficia
781 4014 852 4075 prae·

51 4111 53 4122 ·
103 4103 182 4163 stare,
198 4090 273 4148 nullo
291 4088 383 4149 debito
402 4089 552 4148 obstrictos.
566 4087 602 4146 Et
618 4085 851 4149 omissismiracu·

104 4182 137 4241 lis
147 4204 207 4261 qnae
231 4182 330 4242 edituri
343 4195 426 4258 crant,
441 4202 476 4240 ex
490 4179 601 4240 caritate
614 4178 677 4241 illos
696 4177 851 4258 distinguit.

103 4274 212 4346 erarcl
227 4275 298 4346 Quia
316 4274 367 4333 hoc
377 4272 496 4332 maxime
509 4284 663 4331 sanctorum
679 4267 813 4331 iudicium
826 4282 853 4331 et

103 4382 292 4447 argitmentum
305 4380 343 4427 est
358 4388 484 4427 :omnem
496 4363 714 4446 qnippeindicat
724 4363 839 4425 sanctita

104 4475 167 4520 tem.
180 4463 231 4520 Per
240 4461 291 4521 hoc
299 4461 417 4521 maxime
424 4480 517 4519 omnes
524 4457 639 4517 salutem
649 4457 850 4537 consequimur.

104 4555 161 4614 lloc
180 4569 230 4632 est,
249 4555 346 4634 iuquit,
358 4574 414 4614 esse
435 4552 613 4633 discipulum.
628 4552 675 4613 sic
696 4572 747 4615 vos
755 4549 852 4613 lauda·

103 4648 172 4706 buut
186 4669 287 4720 omnes,
298 4668 360 4706 cum
375 4666 424 4705 vos
433 4643 552 4707 viderint
567 4665 655 4705 meam
669 4643 772 4705 imitari
783 4642 853 4704 dile·

106 4755 228 4800 cuonem.

51 4847 88 4896 ,0
144 4836 173 4893 l.
195 4832 271 4907 Quid
301 4831 386 4912 ergo?
410 4850 498 4891 annon
527 4830 618 4912 potius
641 4831 695 4892 hcc
722 4802 852 4892 miracula

127 5033 196 5085 attii
206 5042 244 5088 καὶ
258 5038 295 5087 διὰ
307 5041 383 5088 τοῦτο.

129 5112 140 5138 ⁸¹
150 5113 157 5181 l
166 5125 206 5174 τὴν
218 5120 256 5166 καὶ
268 5111 390 5179 dosevil]

128 5192 230 5245 ¹›Sar‘rl
244 5200 349 5258 ἅπαντας,
362 5189 457 5245 melius.
471 5187 582 5253 Quidam
593 5196 703 5250 ἅπαντας.
817 5232 820 5239 .
