3750 5940
76 452 221 504 manuus
246 453 345 504 sarr.
769 429 854 504 611·

99 577 194 638 rabilis
204 578 325 653 morbus,
346 576 471 637 immanis
483 577 548 636 sera.
568 576 640 638 Novi
657 596 723 658 ago
735 576 844 659 aspides

96 658 239 718 blanditiis
252 659 354 717 eieunes
367 658 459 734 factas
471 671 497 718 et
519 656 619 735 leones,
636 657 727 739 tigres,
742 656 843 750 pardos

97 737 251 798 tractabiles
262 736 405 798 redditos:
420 738 491 798 mala
506 756 571 798 vero
584 737 683 797 mulier
699 737 722 798 si
744 739 842 819 injuria

97 819 241 894 afliciatur,
250 816 563 895 furit3sidemulceetur,
571 817 719 878 extollitur.
728 816 758 878 Si
768 817 843 899 prin·

98 898 165 978 cipis
178 919 249 958 uxor
262 898 307 973 sit,
321 911 399 958 nocte
407 898 437 957 di
472 920 506 958 ue
520 902 613 962 virum
627 895 662 957 ad
674 917 766 958 neoem
778 896 844 958 dolo

96 977 264 1039 inferendam
274 977 385 1055 excitat,
397 991 427 1037 ut
464 980 570 1042 erodias
578 977 729 1039 Herodemr
740 977 762 1037 si
776 998 843 1058 pau·

96 1079 187 1138 perem
203 1060 293 1118 virum
307 1057 413 1133 lrabeat,
435 1058 471 1118 ad
485 1060 560 1121 rixas
578 1073 607 1119 et
628 1079 733 1141 pugnas
752 1056 761 1116 i
781 1077 843 1117 sum

96 1138 230 1197 eoncitat:
246 1137 362 1201 sividua
377 1138 421 1214 sit,
437 1137 498 1219 ipsa
522 1141 578 1202 sola
602 1139 733 1201 omnesd
766 1157 844 1198 eeore

94 1218 189 1277 afficit.
211 1218 315 1300 Lingua
330 1238 444 1297 namque
459 1220 518 1301 ejus
537 1221 635 1282 timore
655 1216 766 1280 Domini
789 1237 841 1277 non

63 1297 233 1375 pirenaeum
261 1319 314 1359 uon
340 1299 460 1358 littorum
483 1302 591 1384 respicrl
614 1298 763 1383 judicium,
788 1317 842 1358 non

96 1378 183 1437 Deum
206 1379 213 1437 i
249 1400 311 1455 um;
326 1397 379 1438 non
397 1379 523 1439 amicitiae
540 1382 612 1476 leges
625 1401 732 1442 servare
753 1377 839 1438 novit.

97 1458 149 1516 Pro
164 1458 221 1517 nihr
234 1481 249 1518 o
263 1457 344 1519 babet
360 1459 430 1519 mala
439 1460 538 1522 mulier
550 1483 642 1523 mmm
660 1483 739 1523 suum
762 1458 841 1518 moiti

96 1537 210 1597 tradere.
228 1540 305 1599 Certe
315 1539 422 1616 ‘'ustum
434 1541 536 1602 lobum
554 1564 626 1603 uxor
645 1564 693 1602 sua
715 1538 841 1621 blaspbe-

96 1617 157 1676 mlae
171 1620 251 1678 motti
267 1561 390 1679 tradebat
409 1618 502 1681 (λίπω
517 1646 527 1679 .·
544 1623 596 1683 Dic
615 1623 731 1685 verbum
753 1616 902 1700 quod-ton.
918 1645 941 1679 a.
951 1646 975 1695 9.

95 1696 158 1755 ᾶεω
170 1713 259 1758 eontra
273 1698 433 1776 Dominum,
447 1715 473 1760 et
486 1723 599 1762 morere.
612 1703 748 1763 Ornatam
763 1710 842 1761 nata·

96 1777 169 1838 ram!
186 1800 202 1838 o
218 1779 358 1839 soclestum
375 1780 513 1843 animum!
526 1785 585 1842 Non
599 1783 724 1842 miserata
735 1780 786 1842 viri
798 1778 841 1837 sui

68 1911 80 1949 3
98 1857 200 1917 viscera
209 1858 326 1940 pustulis
340 1880 387 1917 ceu
404 1860 565 1922 carbonibus
582 1862 739 1923 ardentibus
762 1857 842 1919 nami·

66 1968 85 2012 Α
99 1936 145 2013 da,
161 1952 186 1996 rt
194 1938 300 2014 adusta,
312 1959 457 2018 carnesque
469 1953 537 2000 totas
548 1942 686 2003 vermibus
699 1953 841 2001 scatentes:

100 2038 150 2076 non
163 2019 197 2076 ad
213 2019 469 2079 commiserationem
486 2042 563 2081 versa
584 2037 632 2099 est,
654 2022 748 2082 videns
762 2019 843 2079 illum

100 2099 845 2182 totumobvolutum,infirmum,inagonecertantem,et

99 2179 194 2238 erebro
206 2178 336 2252 anhelitu,
351 2178 436 2239 hianti
447 2200 493 2239 ore
507 2181 565 2241 bec
579 2184 754 2243 sustinentem
769 2203 776 2244 3
792 2200 846 2240 non

100 2258 170 2316 ssexa
180 2274 218 2319 est
231 2259 267 2319 ad
279 2256 502 2334 misericordiam,
518 2261 615 2322 videns
625 2262 704 2322 illum
719 2259 767 2340 qui
778 2259 847 2319 olim

100 2359 162 2397 etum
172 2341 245 2420 regia
258 2360 380 2423 purpura
390 2339 539 2417 insedebat,
548 2354 614 2401 tune
624 2341 651 2402 in
662 2341 727 2402 fimo
740 2338 847 2400 nudum

97 2419 230 2498 jacentem
241 2443 247 2476 :
258 2441 310 2480 non
323 2418 460 2479 reeordata
475 2432 514 2480 est
522 2421 622 2481 vetetis
634 2417 846 2496 consuentdinis,

100 2519 186 2577 neque
197 2514 297 2580 quanta
311 2521 360 2581 per
371 2500 461 2582 ipsum
475 2499 572 2580 gloria,
584 2501 693 2580 quantis
704 2499 782 2562 bonis
792 2498 846 2560 flo-

101 2578 208 2638 ruisset.
224 2580 279 2641 Sed
292 2580 381 2661 quid?
398 2580 450 2639 Dic
462 2580 578 2640 verbnm
587 2594 678 2642 contra
688 2579 846 2657 Dominum,

100 2672 127 2717 et
137 2679 247 2719 morere.
262 2662 287 2720 0
301 2661 416 2754 gratiam
428 2659 538 2722 uxoris!
554 2683 571 2720 o
592 2661 726 2754 malagma
744 2659 848 2722 dolori-

99 2738 151 2798 bus
169 2739 345 2820 mitigandis!
371 2761 388 2800 o
416 2739 565 2820 conjugalis
588 2741 715 2801 amiertiae
743 2739 845 2819 legem!

100 2820 174 2878 Num
184 2819 330 2912 aliquunde
343 2820 393 2880 tibi
405 2833 511 2900 egrotae
521 2821 589 2899 quid
599 2821 687 2881 simile
699 2819 848 2881 dixiti’an·

101 2920 152 2958 non
163 2901 289 2980 precibus
300 2915 326 2961 et
337 2901 408 2961 curis
424 2899 550 2959 morbum
570 2908 648 2961 tuum
663 2900 786 2961 curavit?
798 2920 848 2960 an·

101 2999 153 3037 non
168 2979 232 3038 satis
245 2994 302 3040 erat
323 2981 366 3041 illi
384 2980 442 3040 haec
458 2993 627 3061 temporanea
644 2980 792 3062 castigatio,
815 2993 847 3040 ut

100 3072 129 3117 tn
144 3059 222 3118 illum
238 3060 266 3119 in
277 3075 405 3121 aeternum
419 3082 451 3120 su
471 3058 583 3141 plicium
602 3060 638 3120 ob
647 3059 846 3144 blasphemiam

67 3168 84 3213 Β
101 3138 246 3219 oonjicias?
264 3162 297 3201 an
311 3143 418 3222 ignoras
431 3082 512 3214 illird,
541 3143 644 3201 Omnis
663 3142 845 3222 blasphemia
855 3148 943 3196 Maub-
959 3160 997 3196 ¹²·

100 3232 129 3278 et
139 3233 292 3299 peecatum
300 3226 465 3281 remittetur
470 3221 654 3293 bominibus5
663 3222 846 3302 blasphemia
854 3207 896 3257 ³¹·

99 3312 198 3358 autem
219 3304 251 3359 in
272 3303 412 3384 Spiritum
437 3313 572 3361 sonetum
599 3322 659 3360 nort
682 3305 847 3362 remittetur

102 3400 195 3460 neque
209 3384 242 3438 in
260 3383 315 3441 boe
331 3382 449 3454 saeculo,
475 3401 569 3462 neque
589 3385 622 3439 in
634 3382 767 3464 futuro?
792 3381 845 3443 vis

99 3459 180 3517 aliam
196 3481 302 3542 quoque
324 3462 418 3522 videre
435 3459 500 3521 buio
518 3460 753 3543 malitiepareml
768 3461 845 3521 Dali-

99 3537 163 3597 dam
177 3540 292 3601 intuere.
308 3544 379 3602 Nam
392 3555 418 3600 et
433 3541 481 3599 illa
495 3540 673 3602 fortissimum
688 3541 844 3603 Samsonem
854 3553 909 3597 led·
929 3552 965 3599 16·

98 3619 225 3680 abrasum
239 3635 264 3682 et
278 3622 400 3682 vinetum
420 3620 577 3714 alienigenis
605 3620 733 3699 tradidit;
754 3624 845 3685 virum

99 3719 195 3780 nempe
208 3723 299 3772 suurn,
310 3701 432 3783 ejusdem
450 3700 512 3761 leetr
528 3716 688 3778 consortem,
710 3724 791 3782 quem
804 3700 845 3762 io-

99 3779 242 3856 vebat,eui
256 3782 428 3853 adulabatur,
445 3801 525 3860 quem
544 3781 630 3863 seipsa
650 3781 780 3841 cariorem
794 3782 845 3841 ba·

99 3859 163 3917 bere
177 3861 337 3935 simulabat3
351 3883 431 3940 quem
444 3859 568 3920 hesterno
587 3859 632 3920 die
640 3861 781 3940 diligebat,
796 3863 845 3920 bo-

100 3939 144 3997 die
154 3939 213 3998 deci
235 3940 319 4014 iebat;
337 3963 418 4020 quem
428 3941 553 4000 hesterno
561 3940 607 3999 die
620 3938 759 4020 diligendo
772 3941 845 4002 fove·

101 4019 156 4094 bat,
174 3963 257 4078 bodie
274 4020 434 4101 decipiendo
458 4019 622 4079 tumulabat.
642 4019 697 4080 Sed
712 4041 765 4080 non
788 4021 844 4080 for-

101 4120 191 4158 mosus
206 4101 282 4160 erat?
301 4100 401 4180 Ecquis
422 4099 470 4159 illo
494 4113 615 4181 tempore
631 4099 781 4176 formosior,
798 4100 845 4181 qui

100 4191 201 4260 septem
215 4180 352 4240 cincinnos
365 4180 452 4261 eapite
465 4180 596 4259 gestabat,
605 4179 770 4301 septiformis
783 4200 845 4261 gra-

100 4258 144 4316 tiae
154 4258 320 4338 imaginem?
334 4258 388 4320 Sed
399 4259 476 4319 fortis
491 4280 544 4318 non
566 4273 635 4318 erat.
659 4259 695 4319 Et
715 4260 776 4339 quis
797 4260 846 4321 illo

67 4338 205 4412 clortior,
222 4340 269 4419 qui
283 4342 387 4401 leonem
400 4338 548 4398 terribilem
569 4338 596 4398 in
613 4338 659 4398 via
675 4340 749 4400 solus
761 4340 845 4400 sulio-

103 4418 185 4492 cavit,
200 4433 225 4477 et
239 4441 292 4479 una
305 4420 374 4479 asini
391 4418 501 4480 maxilla
515 4418 676 4498 alienigenas
689 4419 767 4479 mille
777 4442 844 4503 pro·

103 4499 216 4557 stravit?
238 4498 292 4560 Sed
315 4512 489 4560 sanctusnon
514 4498 627 4559 earet]
678 4498 772 4560 eadee
786 4521 846 4560 san-

104 4590 162 4636 ctus
194 4593 260 4654 erat,
286 4594 316 4639 ut
340 4601 402 4639 cum
423 4578 509 4638 sitiret
536 4577 682 4658 aliquane
709 4601 744 4640 ex
770 4601 854 4660 aquas·

103 4658 224 4738 penuria,
240 4660 366 4741 precibus
378 4660 543 4740 impetraret,
556 4671 667 4738 utaque
679 4679 714 4719 ex
725 4659 783 4743 ipsa
791 4681 848 4719 ma-

104 4737 181 4811 xilla,
197 4761 280 4816 quam
293 4739 409 4815 tenebat,
423 4738 593 4813 scaturiente,
602 4738 678 4798 sitim
685 4739 799 4801 sedaret.
811 4739 848 4800 Et

104 4832 191 4878 tamen
204 4841 273 4879 uxor
288 4820 345 4901 ipsa
358 4832 414 4878 tam
428 4819 585 4894 formosum,
598 4833 654 4878 um
669 4820 776 4896 sortem,
791 4835 848 4880 um

104 4911 235 4975 sanctum,
249 4899 326 4979 quasi
337 4899 478 4960 inimicum
490 4898 647 4980 alienigenis
663 4898 787 4960 tradidit.
798 4898 848 4958 'Et

104 4980 239 5039 undenam
255 4979 353 5039 mulier
373 4993 429 5038 tam
444 4992 583 5039 strenuum
598 5001 724 5061 superare
737 4978 847 5061 potuit?

86 5182 163 5237 μένας-

122 5259 133 5290 b
152 5248 188 5299 Al.
204 5255 334 5318 npeapdperr
346 5253 465 5312 τιμωρίαν.

121 5345 130 5369 ⁸
149 5327 186 5380 ΑΙ,
199 5335 291 5397 μυρίους
304 5329 448 5393 ἀλλοφύλους.
