3750 5940
55 440 89 491 t.
115 420 284 495 natural.
311 444 394 497 nxv.
777 422 849 517 453

101 564 157 625 lem
181 568 256 628 Patri
274 568 520 651 hdebatpropter
542 570 678 630 Romanos
701 568 851 631 interficere

102 658 227 737 queraris
232 682 243 736 ;
252 659 281 720 in
301 663 403 721 lamro
421 660 489 741 quid
501 660 609 722 sceleris
627 659 853 742 deprehendistis,

102 763 133 809 ut
144 751 265 832 cogitetis
273 753 492 814 interficerelin
500 752 663 814 beneficium
671 753 792 834 accipere
800 752 854 813 cri·

103 846 171 907 mini
184 846 326 908 dandum?
338 849 438 912 Viden'
452 848 657 930 sanguinarium
669 848 781 910 ἰΙΙοωιιι
789 868 852 931 pm·

67 947 87 995 r.
104 939 332 1021 positumidtqui
339 942 424 1002 multa
432 939 800 1023 signaieeerat5sednullum
808 960 853 1001 eos

59 1030 142 1096 recita
158 1032 325 1113 efferaverat,
352 1056 406 1095 non
424 1035 602 1118 paralyticus,
622 1055 675 1095 non
689 1033 854 1095 cecusfloe

68 1113 88 1159 Α
104 1122 176 1183 enim
188 1137 215 1183 et
233 1139 329 1186 natura
340 1125 493 1187 mirabilius
505 1140 571 1202 erat,
586 1139 613 1186 et
629 1139 690 1207 post
702 1125 757 1185 alia
766 1124 854 1187 multe

108 1215 225 1295 iaetum;
237 1220 333 1299 r'esquc
338 1218 470 1301 stupenda
481 1233 539 1279 erat
547 1218 640 1280 videre
645 1232 854 1299 mortuumque·

104 1306 261 1369 triduanum
271 1310 489 1371 ambulantemet
499 1309 854 1391 loquentem.Pulclrrasane

103 1399 163 1460 sesti
176 1402 276 1479 officia,
285 1402 406 1464 caedibus
416 1403 600 1465 celebritatem
607 1403 727 1464 miseere.
738 1404 854 1464 Preter-

102 1512 133 1551 ea
147 1492 205 1554 illie
214 1493 249 1554 de
261 1495 364 1556 violato
382 1496 495 1556 sabbato
509 1496 755 1570 recumbentem,
766 1495 855 1556 ethac

101 1585 205 1647 ratione
217 1589 350 1670 populum
364 1589 537 1651 adduoebant
550 1613 557 1647 z
569 1589 615 1649 hic
629 1610 693 1651 vero
703 1588 767 1669 quia
782 1587 853 1649 nihil

101 1691 223 1757 poterant
240 1679 361 1740 criminis
380 1682 488 1754 offerre,
503 1695 596 1741 contra
615 1680 775 1742 suscitatum
794 1700 853 1740 ma·

101 1768 255 1830 chinantur.
271 1773 365 1851 Neque
377 1786 501 1854 poterant
513 1772 559 1833 hie
575 1772 675 1848 dicere,
693 1771 785 1853 ipsum
796 1792 854 1833 esse

102 1862 176 1921 Patri
188 1862 393 1939 adversarium
407 1865 526 1945 precatio
537 1865 610 1925 enirn
623 1862 768 1924 cohibebat
779 1863 851 1927 illes.

101 1954 237 2027 Quoniam
251 1955 336 2035 igitur
348 1956 455 2015 sublata
465 1969 522 2016 erat
531 1956 639 2017 assidua
650 1954 698 2015 illa
708 1947 853 2016 armandi
921 2032 924 2039 Ι

101 2045 224 2124 materia,
236 2046 397 2127 signumque
414 2048 591 2129 conspicuum
610 2061 679 2126 erat,
693 2045 730 2106 ad
750 2046 852 2108 cadem

102 2142 225 2200 iemntur
240 2165 246 2199 :
262 2141 436 2224 idipsumque
454 2142 553 2203 facturi
571 2156 648 2203 mant
660 2162 725 2223 erga
739 2164 852 2220 caecum,

102 2232 154 2292 nisi
175 2233 281 2293 sabbati
303 2233 405 2295 crimen
424 2233 564 2295 adfuisset
576 2234 707 2315 Alioquin
723 2234 853 2318 ignobilis

66 2351 85 2398 1³
103 2327 150 2386 ille
168 2340 237 2404 erat,
251 2327 438 2408 ejeeeruntque
452 2326 531 2389 illum
548 2327 583 2389 de
600 2327 702 2410 tnplo
718 2352 725 2386 r
741 2327 788 2389 laic
801 2350 852 2389 au·

103 2434 156 2479 tem
167 2421 212 2481 vir
225 2419 347 2500 insignis,
363 2433 394 2480 ut
408 2420 495 2503 liquet
507 2443 542 2480 ex
552 2442 584 2483 eo
593 2420 667 2500 quod
679 2420 758 2483 multi
772 2442 852 2482 soro·

102 2533 144 2571 res
154 2512 212 2592 ejus
225 2512 390 2573 consolatum
404 2512 537 2594 venerint3
546 2526 572 2573 et
585 2511 747 2573 miraculum
757 2511 852 2575 viden

102 2603 176 2663 tibus
202 2603 329 2664 omnibus
352 2603 457 2664 editum
483 2605 586 2681 iuerat,
609 2617 689 2683 atque
717 2603 851 2686 stupendo

101 2693 267 2755 moduldeo
291 2717 384 2756 omnes
407 2695 498 2756 visum
516 2695 700 2755 accurrebant
716 2693 776 2756 Hoc
789 2695 853 2758 illes
900 2764 903 2769 ,

100 2786 254 2864 mordebat,
270 2788 345 2867 quod
364 2788 479 2847 instante
500 2786 675 2865 solennitate,
696 2785 744 2848 illa
768 2788 851 2850 missa

100 2901 192 2940 omnes
205 2880 365 2940 Bethaniarn
374 2879 542 2940 advolarent.
558 2879 642 2939 lllum
651 2899 716 2960 ergo
729 2878 852 2942 occidere

101 2973 188 3032 moliti
205 2987 279 3050 sunt,
292 2986 318 3033 et
338 2973 407 3033 nihil
429 2972 524 3034 audire
542 2972 596 3033 sibi
612 2972 777 3035 videbantur
790 2997 797 3033 r
812 2973 850 3035 ita

100 3065 267 3145 sanguinarii
282 3079 366 3126 erant.
377 3065 441 3126 ldeo
461 3066 506 3125 lex
520 3066 557 3126 ab
579 3063 622 3125 his
641 3064 732 3126 verbis
744 3065 850 3149 incipit,

102 3161 303 3229 Nonoceides;
314 3174 340 3219 et
350 3158 385 3219 de
395 3159 447 3219 hoe
459 3160 592 3242 propheta
609 3172 727 3238 accusat,
737 3163 849 3222 Manus
858 3174 937 3223 &od-
961 3189 1001 3224 so.

862 3237 900 3286 1³.

102 3274 200 3312 eorum
213 3256 357 3333 sanguine
364 3252 470 3332 plenoe·
485 3250 628 3324 Qu⁰¹⁰⁰d⁰
641 3271 705 3332 ⁶¹5⁰
718 3274 781 3313 Μ
795 3275 848 3314 ”⁰¹¹
859 3300 919 3347 lut.
934 3314 954 3347 ι.
964 3300 1001 3348 15.

102 3345 192 3423 palam
207 3344 235 3405 in
251 3342 346 3407 ludaea
360 3342 520 3421 ambularet,
531 3357 555 3403 et
572 3342 601 3405 in
615 3343 753 3405 desertum
766 3366 858 3407 moes·-

66 3464 84 3512 c
102 3436 189 3511 sisset,
207 3437 303 3496 iterum
322 3434 437 3495 fidenter
458 3435 561 3496 intrati
578 3437 725 3517 Postquam
746 3457 851 3499 seomsu

102 3530 171 3589 iram
186 3529 296 3588 illorum
309 3528 459 3607 sedaverat,
465 3530 523 3610 jam
535 3529 639 3610 quietos
648 3529 715 3591 adit.
722 3530 850 3612 Alioquin

102 3623 178 3704 plebs
191 3621 342 3705 precedens
353 3635 379 3682 et
389 3623 552 3703 subsequens
565 3637 669 3705 poterat
681 3623 737 3685 illis
747 3638 850 3686 metunt

102 3715 220 3775 incutere
234 3739 241 3771 ι
258 3715 329 3774 nihil
340 3715 412 3775 enim
421 3737 481 3776 eam
488 3715 526 3775 ita
541 3713 682 3795 allexerat,
696 3729 727 3776 ut
740 3716 849 3796 signum

103 3808 206 3867 Lorari.
219 3808 299 3867 Alius
315 3829 395 3888 porro
409 3808 572 3889 evangelista
587 3807 663 3886 dicit,
676 3809 848 3869 Scaeam
857 3824 914 3869 Lac.
939 3839 975 3887 ¹9·

102 3905 154 3961 sub
169 3905 291 3983 pedibus
303 3906 366 3984 ejus
378 3907 568 3974 uestimenta;
579 3917 615 3977 et,
627 3907 729 3964 Omnis
742 3907 848 3964 civitas
857 3882 947 3994 {liuh
958 3962 1000 3997 u·

101 4009 247 4054 commoto
256 4007 312 4065 est,·
324 4015 386 4054 cum
397 4008 471 4054 tanto
483 3994 586 4054 scilicet
599 3995 699 4056 honore
712 3995 847 4077 ingredie-
861 4022 898 4057 ιο.

101 4086 190 4145 batur.
211 4087 270 4146 Hoc
290 4107 371 4166 porro
387 4086 502 4146 iaciebat
527 4100 558 4145 ut
576 4087 747 4169 prophetiam
764 4087 847 4149 aliam

101 4179 242 4258 figuraret,
261 4179 343 4238 aliam
363 4178 540 4260 impleret:et
563 4177 636 4238 idem
657 4179 709 4240 fuir
736 4180 848 4242 alterius

100 4270 277 4351 principium,
292 4269 403 4329 alterius
429 4269 501 4328 finis.
525 4270 596 4329 Nam
619 4269 709 4350 illud,
732 4273 943 4333 detorserant.
957 4300 997 4333 ar.

101 4367 171 4444 quia
182 4365 245 4422 Rex
257 4376 323 4421 tuus
332 4367 415 4423 uenit
427 4365 480 4422 tibi
491 4377 669 4443 maturetur,
676 4364 846 4447 prophetiam
855 4349 880 4396 ⁵*

84 4594 237 4660 exprimunt.
257 4590 397 4659 Florilegus
417 4603 501 4642 autem
523 4588 602 4641 molta
620 4591 654 4642 de
669 4590 845 4654 suisaddidit‚

84 4689 139 4738 quae
157 4673 182 4721 in
199 4669 376 4739 chrysostomi
394 4666 584 4720 commentariis
603 4685 656 4721 non
671 4681 753 4722 erant.
776 4671 847 4722 Infra

82 4758 127 4802 lari
137 4756 180 4816 μὲν
191 4754 279 4803 lddrour
291 4753 407 4815 lprrltls:
422 4745 478 4798 t'llt'e
489 4747 647 4799 accusabant
656 4766 722 4802 eum.
735 4748 766 4799 ln
778 4751 846 4801 Ono·

84 4831 191 4879 mastico
218 4823 403 4892 Athanaricum
427 4837 454 4877 et
477 4823 538 4877 olibi
559 4843 611 4879 uon
636 4825 713 4879 semel
737 4824 848 4881 diximus

84 4906 254 4974 exemplisque
270 4904 477 4957 confirmavimus
488 4922 578 4957 rocem
590 4909 660 4960 lorus
671 4922 722 4958 non
735 4908 847 4959 minuere

84 4986 292 5050 affirmationem,
306 4997 335 5036 ut
356 5002 437 5051 neque
448 4986 549 5035 videtur
562 4983 630 5052 apud
641 4985 782 5052 Scriptores
793 4987 845 5038 La-

84 5067 151 5116 tinos
165 5063 289 5116 inferioris
304 5062 359 5116 tevi.
377 5064 430 5116 Uti
440 5063 560 5116 Maeuius
574 5064 669 5116 Abdus
684 5081 792 5132 preverse
803 5069 845 5116 vi-

85 5145 163 5195 derur.
173 5141 236 5195 Vide
248 5143 429 5196 Onomasticon
443 5139 514 5194 illud.
