3750 5940
61 408 211 485 r...1.r'r.
236 412 285 485 ol.
311 434 407 486 uxrv.
778 410 846 505 451
911 452 914 457 ·

61 597 98 639 Μ
107 557 290 638 obsequuntur
295 580 397 639 ,quom
408 558 556 621 idolisalii.
567 560 604 620 Hi
614 579 729 641 namque
739 560 768 620 in
777 559 848 621 mul·

70 654 91 702 Δ
106 650 142 710 tis
159 671 212 710 nou
234 665 347 732 parent3
370 652 414 712 illi
431 672 496 713 vero
510 652 539 713 iu
552 653 679 714 omuibus
690 650 802 727 cedunt,
822 666 866 715 et.

106 742 240 823 quidquid
249 744 402 805 faciendum
412 745 760 826 suggerat,·obsequuutur.
773 742 850 821 Quid

105 837 175 899 dicit
186 839 321 899 avaritia?
334 839 400 901 Esto
411 840 538 901 omuibus
559 839 646 900 bostis
661 852 688 900 et
705 837 849 914 inimicus,

104 944 229 991 naturam
248 931 422 1011 obliviscere,
443 935 706 1008 Deum-contemne,
727 929 849 991 sacrifica

105 1022 174 1083 mibi
198 1024 314 1106 teipsum
332 1049 339 1083 ι
358 1039 385 1086 et
402 1025 431 1086 in
444 1026 569 1087 omuibus
587 1025 630 1086 illi
651 1025 846 1107 obtemperant.

105 1115 190 1176 Idolis
199 1117 311 1196 quidem
322 1119 407 1181 boves
417 1132 443 1179 et
453 1140 518 1180 oves
532 1119 707 1179 immolantur
719 1115 849 1179 :eventia

105 1210 291 1289 autemdicit,
302 1212 416 1273 immola
426 1212 495 1273 mibi
505 1212 625 1272 animam
635 1226 711 1272 tuam
727 1234 734 1269 r
748 1223 849 1272 ctera·

105 1324 152 1361 rus
163 1324 265 1363 morem
275 1305 352 1384 gerit.
361 1304 461 1368 Viden'
472 1305 566 1385 quales
574 1327 635 1365 ures
651 1302 767 1365 babeat?
779 1324 849 1383 qua·

106 1392 143 1454 lia
165 1398 284 1478 excipiet
302 1398 453 1459 sacrificia?
472 1400 599 1480 Regnum
623 1396 675 1459 Dei
695 1396 771 1459 erari
794 1416 882 1457 uour.
897 1403 946 1452 coe:

106 1487 299 1570 possidebunt:
310 1512 343 1551 ac
354 1491 423 1552 nibil
432 1505 521 1553 tamen
533 1490 688 1552 formidant.
699 1489 783 1571 Atqui
792 1489 851 1551 bren
860 1482 897 1521 ¹⁰·

107 1583 243 1665 cupiditas
257 1587 380 1649 omnium
399 1587 584 1650 infirmissima
606 1601 654 1648 est.
668 1587 762 1666 Neque
778 1584 852 1647 euim

107 1675 211 1753 innata,
225 1699 312 1757 neque
324 1680 454 1741 naturalis
464 1694 504 1741 ert
516 1680 654 1761 :alioquin
662 1679 735 1740 enim
746 1677 850 1740 uobise

70 1769 89 1818 Β
107 1771 243 1852 principio
250 1773 381 1834 adfuisset
391 1799 398 1832 τ
407 1788 435 1835 at
448 1775 527 1836 initio
542 1796 641 1835 aurum
653 1795 707 1835 non
719 1786 852 1850 erat,ueo
936 1768 941 1773 ’

108 1886 206 1925 aurum
218 1867 353 1949 quispiam
368 1870 484 1929 amabat.
492 1873 528 1928 At
536 1869 560 1929 si
568 1869 668 1946 vultis,
676 1867 767 1928 dicam
780 1865 853 1954 uude

110 1958 213 2017 malum
235 1959 379 2042 irrepserit.
397 1960 506 2041 Singuli
525 1983 571 2022 eos
592 1961 640 2041 qui
663 1973 854 2042 precesserant

109 2050 241 2128 emulati,
255 2053 382 2113 morbum
393 2067 546 2129 auxerunt,
563 2067 589 2114 et
602 2054 647 2114 vel
659 2053 777 2114 invitum
787 2052 854 2113 inci-

110 2155 149 2201 tat
166 2144 190 2203 is
203 2146 250 2225 qui
263 2148 405 2228 prooessit.
415 2148 486 2208 Cum
501 2146 596 2208 rident
606 2147 680 2209 enim
696 2146 854 2229 splendidas

110 2235 193 2310 aedes,
205 2258 332 2319 agrorum
350 2241 470 2322 copiam,
481 2262 621 2302 servorum
637 2261 745 2322 greges,
759 2259 854 2320 orgen·

111 2343 152 2389 tea
164 2351 240 2407 vasa,
251 2345 277 2391 et
288 2332 403 2394 multam
412 2333 528 2395 vestium
539 2334 708 2416 congeriem,
718 2333 790 2395 nihil
800 2354 854 2394 nou

110 2438 233 2504 aguntut
243 2423 304 2485 illos
313 2442 455 2508 superent:
470 2440 501 2487 ut
522 2427 606 2511 primi
615 2426 753 2503 secundis,
769 2426 799 2488 bi
812 2448 855 2489 re·

111 2518 255 2595 quentibus
264 2539 343 2579 causa
349 2520 475 2602 cupiendi
484 2518 743 2594 exsistantQuodsi
752 2520 856 2582 uoluis-

110 2625 167 2670 sent
186 2611 320 2673 moderate
333 2634 425 2693 agere,
440 2635 492 2674 non
508 2614 570 2674 aliis
583 2613 706 2674 doctores
725 2613 853 2693 fuissent3

110 2704 166 2764 imo
177 2725 263 2784 neque
276 2706 319 2765 bis
330 2707 385 2765 ulla
393 2721 431 2767 est
440 2706 585 2767 excusatio.
597 2706 667 2766 Sunt
676 2705 855 2785 enimaliiqui

72 2788 91 2837 C
110 2799 236 2879 pecunias
245 2813 378 2880 spernant.
391 2799 427 2858 Et
437 2798 498 2878 quis
507 2799 608 2880 spernit
615 2843 625 2876 ,
638 2796 761 2877 inquies?
772 2796 855 2870 Quod

111 2892 182 2951 euim
194 2894 304 2972 gravius
313 2907 368 2969 est,
378 2906 452 2952 tanta
462 2892 545 2973 hujus
552 2891 613 2952 vitii
623 2891 667 2953 vis
675 2904 714 2951 est
721 2936 731 2970 ,
744 2904 775 2950 ut
783 2889 856 2951 vide·

111 2999 173 3043 atur
191 3006 244 3044 non
253 3005 331 3066 posse
340 2984 479 3065 superari,
498 3005 547 3044 neo
568 2982 855 3065 credaturqurmpirru

111 3099 166 3136 esse
193 3078 241 3156 qui
261 3079 423 3139 contrariom
446 3077 576 3139 virtutem
601 3090 726 3137 sectetur.
752 3077 856 3138 Multos

111 3183 199 3229 tamen
214 3170 370 3252 hujusmodi
386 3193 527 3231 numerare
539 3192 650 3253 possum
660 3169 727 3233 etin
740 3170 856 3232 urbibus

110 3277 136 3321 et
150 3264 177 3322 in
195 3264 340 3325 montibus.
356 3264 392 3325 Et
409 3264 476 3344 quid
491 3264 553 3325 iude
567 3265 660 3325 lueri?
676 3286 763 3345 neque
781 3265 855 3326 enim

109 3356 173 3415 hinc
187 3357 309 3417 meliores
320 3359 448 3418 evadetis.
460 3357 587 3438 Alioquin
601 3373 692 3419 autem
703 3378 755 3418 non
764 3357 854 3420 debis

109 3451 187 3511 nobis
199 3472 287 3511 sermo
300 3473 372 3511 nunc
383 3466 432 3528 oet,
442 3472 492 3512 nec
499 3451 616 3513 dicimus
630 3452 741 3513 divitias
748 3452 853 3514 effundi

109 3558 232 3625 oportere
243 3568 249 3602 :
259 3546 357 3606 vellem
370 3545 463 3624 utique
469 3569 479 3624 3
490 3545 539 3606 sed
547 3545 611 3626 quia
620 3549 709 3628 majus
718 3568 775 3607 esse
783 3567 852 3608 onus

109 3638 232 3717 videtur,
249 3660 300 3698 non
317 3660 427 3719 cogam,
441 3639 488 3700 sed
501 3640 596 3699 hortor
608 3661 641 3701 ue
655 3641 743 3702 atiena
752 3662 852 3702 concu-

70 3726 91 3775 ὓ
108 3730 233 3812 piscatis,
248 3745 327 3811 atqom
337 3753 371 3792 ex
389 3731 564 3792 facultatibus
576 3733 739 3813 largiamini.
748 3733 852 3795 Multos

107 3843 198 3888 autem
207 3828 373 3887 inveniemus
383 3828 464 3888 rebus
474 3829 530 3888 suis
538 3843 688 3906 contentos,
696 3852 744 3890 sua
755 3850 851 3889 miran-

108 3937 160 3996 tes,
178 3935 205 3980 et
222 3943 257 3980 ex
275 3921 357 4002 justis
370 3920 510 3981 laboribus
521 3921 625 3982 victum
646 3936 777 4002 parantes.
794 3923 852 3983 Gur

108 4037 161 4074 non
182 4016 231 4074 hos
251 4014 390 4074 imitamur
404 4027 431 4073 et
447 4015 791 4095 aemulamurisngitemus
805 4036 851 4077 eos

107 4109 154 4186 qui
166 4122 228 4167 ante
238 4128 286 4166 nos
296 4108 405 4165 suerunt
416 4129 422 4163 ε
434 4127 521 4165 annon
532 4107 642 4166 illorum
653 4107 755 4188 praedia
763 4122 849 4183 stant,

106 4203 172 4262 dum
180 4203 299 4283 ipsorum
308 4201 363 4259 solo
372 4201 478 4260 nomina
490 4201 737 4261 circumferuntur?
748 4201 790 4261 En
798 4201 850 4260 bu·

102 4298 149 4378 jus
163 4295 289 4353 balneum
297 4338 306 4370 ,
324 4292 400 4352 illius
414 4292 600 4351 suburbanum
613 4308 638 4353 et
649 4292 849 4356 diversorium:

104 4410 193 4448 annon
212 4387 302 4446 statim
317 4398 399 4464 atque
411 4384 469 4444 brec
482 4383 619 4462 videmus,
633 4382 850 4467 ingemiscimus,

105 4483 251 4561 cogitantes
260 4493 324 4559 quot
333 4478 437 4538 labores
444 4478 615 4554 sustinuerit,
625 4495 692 4559 quot
699 4497 851 4564 quantaque

106 4575 249 4659 rapuerit?
268 4588 294 4634 et
312 4595 444 4653 nusquam
462 4573 510 4633 ille
521 4588 647 4655 apparet,
669 4576 717 4637 sed
731 4577 779 4638 alii
792 4579 851 4660 ejus

106 4671 280 4732 facultatibus
298 4668 478 4744 delectantur,
489 4688 557 4747 quos
574 4667 622 4728 ille
633 4689 781 4751 numquam
796 4694 847 4754 pn·

107 4779 199 4840 resset,
216 4776 243 4822 et
263 4764 330 4821 sorte
346 4760 428 4820 etiam
445 4759 563 4836 inimici,
577 4760 645 4822 dum
659 4776 793 4825 extremas
804 4765 852 4825 ille

106 4861 153 4920 dat
169 4879 269 4941 poenas.
285 4853 389 4915 Eadem
404 4874 453 4914 uos
465 4869 582 4914 manent.
596 4855 667 4915 Nem
687 4856 746 4917 sine
765 4856 851 4917 dubio

107 4953 269 5025 moriemur,
283 4946 460 5026 eumdemque
472 4946 553 5007 finem
563 4948 715 5009 sortiemur.
723 4950 848 5028 Quanta,

100 5066 207 5128 quoeso,
218 5042 295 5116 odia,
306 5054 420 5120 quantos
429 5054 550 5116 sumtus,
566 5055 680 5119 quantas
695 5041 850 5102 inimicitias

69 4650 87 4696 Ε

92 5239 198 5309 gebatur
214 5241 356 5300 διασώζιτκι.
369 5234 449 5302 Supra
465 5232 531 5290 Cod.
545 5236 593 5286 709
608 5239 712 5295 ὃπήκασι
728 5232 852 5304 frequenti

93 5320 120 5372 in
129 5314 213 5383 Codd.
224 5314 402 5385 chrysostomi
414 5312 510 5367 numeri
523 5314 665 5380 varietate]
