3750 5940
156 400 227 492 364
508 426 538 474 s.
562 427 697 477 sonuum
724 428 907 478 cunusosr.
936 430 1089 479 aucune.
1117 424 1384 481 enascentium.

153 547 415 626 consubstantialem,
430 562 456 607 et
471 550 608 628 quomodo
628 551 749 612 ostendat
759 573 788 612 se
803 574 895 633 parem
948 552 998 626 τλν
1016 554 1096 627 αὐτὴν
1110 554 1204 635 ἔχοντα
1219 557 1290 635 αὐτῷ
1299 553 1418 624 όξωαίαν
1433 552 1537 633 excep
1559 552 1615 614 'Eu

152 639 251 699 habere
270 643 448 721 potestatem?
464 642 496 703 Si
515 664 569 703 uos
593 644 691 704 Filius
713 645 894 719 liberaverit,
950 648 1019 723 ὑμᾶς
1037 642 1209 725 ίλευθεριόαρ,
1229 646 1311 713 οὐδεὶς
1329 645 1615 726 &meutiemini

153 750 231 789 nemo
251 731 414 791 contradicet
434 733 560 814 amplius,
571 734 617 794 sed
639 735 746 796 firmam
763 734 898 796 habebitis
952 733 1030 794 όαίαν
1046 735 1120 817 ἔχετε
1133 736 1181 809 τὴν
1199 736 1356 819 ἐλευθερίαν.
1376 737 1445 804 Θεθς
1457 735 1511 819 γὰρ
1525 738 1540 795 ό
1555 739 1615 797 δικα

151 821 311 882 libertatern.
325 825 396 882 Nam
408 826 488 884 Deus
499 839 542 884 est
553 829 605 906 qui
608 827 766 907 justificet,
780 830 845 907 quis
855 840 898 886 est
951 827 1162 907 execexpieee3
1184 831 1316 889 Ἐνταῦθα
1330 827 1445 888 δείκνυσι
1457 828 1504 888 καί
1517 826 1615 911 θμαρτί

153 917 402 995 quicomiemnet?
413 915 489 975 Hica
503 930 648 996 peccatone
660 938 760 996 purum
768 916 896 994 ostendit,
951 915 995 975 τὸν
1015 916 1139 996 καθαρόν,
1160 916 1205 975 καί
1224 916 1272 990 τὴν
1286 916 1367 997 μίχρι
1384 915 1566 998 προσηγορίας
1580 918 1615 977 os

152 1007 280 1086 illamque
293 1008 427 1089 significat
447 1029 507 1087 quae
525 1009 721 1069 nominetenus
734 1024 774 1069 eet
786 1009 898 1070 liberta-
952 1006 1108 1067 αἰνίττεται·
1123 1007 1221 1081 ταύτην
1234 1006 1285 1090 γὰρ
1298 1008 1345 1068 καί
1366 1008 1503 1091 ἄνθρωποι
1515 1008 1615 1069 διδόασι

151 1113 216 1177 tem,
226 1123 308 1179 quam
320 1101 385 1161 dant
394 1101 517 1160 homines
532 1125 539 1157 ε
553 1101 631 1160 illam
645 1124 709 1162 vero
719 1102 812 1176 aliam,
825 1102 898 1162 solus
951 1122 999 1169 νην
1015 1097 1043 1158 δὲ
1063 1100 1140 1178 μόνος
1160 1104 1174 1158 θ
1193 1100 1270 1168 Θεός.
1305 1100 1360 1160 Καὶ
1374 1100 1418 1160 διὰ
1433 1099 1614 1161 τυότουπείθε

153 1192 235 1250 Deus.
248 1193 319 1251 Hinc
328 1192 383 1251 illis
397 1190 490 1251 suadet
498 1212 531 1250 ne
540 1207 651 1274 propter
659 1193 729 1251 hanc
742 1194 898 1254 servitutem
952 1190 990 1268 μὴ
1002 1190 1169 1272 αἰσχύνεσθαι
1179 1193 1224 1251 ἐπὶ
1235 1197 1268 1272 τῇ
1279 1193 1385 1273 δουλείᾳ
1397 1191 1493 1273 ταύτῃ,
1505 1193 1566 1252 ἀλλ’
1578 1192 1615 1253 ἔπ’

151 1286 326 1362 erubescant,
348 1285 395 1346 sed
416 1300 528 1368 propter
551 1287 652 1367 peccati
674 1287 839 1347 servitutem.
862 1289 899 1348 Et
951 1283 1008 1362 ἅμα
1043 1282 1091 1352 ies·
1112 1283 1185 1344 ’Καὶ
1202 1283 1359 1365 βαυλόμανος
1375 1284 1456 1354 δεῖξαι
1469 1284 1523 1359 ὅτι,
1542 1286 1615 1347 εἶκε

151 1377 289 1437 ostendere
307 1378 400 1439 volens
423 1379 504 1461 ipsos,
518 1378 566 1438 etsi
587 1379 659 1438 servi
676 1399 729 1438 nou
754 1378 819 1454 sint,
834 1380 899 1458 quia
951 1376 999 1432 οὐκ
1009 1307 1086 1446 diet,
1100 1374 1143 1434 deit
1158 1381 1203 1435 τοῦ
1219 1375 1320 1451 ίκείνην
1336 1376 1556 1459 ἀποκραόααοθαι
1570 1378 1615 1455 effi

151 1470 227 1530 iliam
244 1487 402 1554 respuemnt
422 1473 589 1547 servitutem,
601 1472 687 1552 magis
706 1487 795 1534 tamen
808 1496 900 1534 servos
951 1465 1043 1546 γόνασι
1064 1469 1168 1541 δοῦλαι,
1188 1468 1320 1548 ἐπήγαγεν
1341 1467 1454 1543 ἀνθίας,
1472 1468 1615 1537 'Onesi

151 1563 236 1623 iactos
249 1585 313 1639 esse,
327 1565 419 1624 statim
433 1564 535 1641 intulit,
547 1567 619 1623 Vere
638 1565 722 1624 liberi
743 1569 845 1635 eritis,·
858 1566 899 1625 in·
917 1568 936 1616 C
951 1558 1048 1620 ἔσεσθε.
1077 1560 1129 1621 Διό
1160 1558 1188 1621 ii
1211 1566 1259 1633 τῆς
1286 1564 1429 1643 ἐπαγωγῆς
1451 1561 1500 1622 καὶ
1521 1560 1615 1643 ‘thevit

152 1653 238 1734 deque
254 1655 375 1716 declarat
392 1657 461 1717 hanc
484 1677 537 1716 non
556 1678 613 1715 esse
624 1677 719 1718 veram
736 1656 897 1717 libertatem.
953 1650 1048 1724 αότηὴ
1063 1652 1196 1733 ἐλευθερία
1212 1657 1258 1713 οὐκ
1272 1653 1382 1727 ἀληθής.
1403 1645 1474 1715 Ε’ίτα
1491 1653 1537 1714 θνα
1553 1656 1615 1734 μὴ]

154 1746 259 1807 Deinde
272 1768 306 1806 ne
315 1746 436 1807 dicerent
449 1761 624 1829 sepeccatum
641 1768 694 1806 uon
705 1746 805 1806 habere
818 1752 900 1823 (nam
951 1742 991 1802 ότι
1006 1744 1138 1826 ἁμαρτίαν
1154 1749 1201 1806 οὐκ
1219 1746 1314 1826 ίχομιν
1329 1746 1409 1826 (εἰκός
1421 1746 1474 1827 ede
1490 1738 1615 1820 τοῦτοῆν

152 1837 281 1899 credibile
291 1854 347 1899 erat
360 1839 412 1899 hoe
422 1860 478 1899 esse
488 1837 631 1917 dicturos),
643 1837 707 1898 vide
718 1838 851 1918 quomodo
862 1841 898 1899 il·
950 1834 999 1916 όρα
1017 1839 1074 1903 πῶς
1088 1836 1187 1905 ἀὐτοὺς
1207 1840 1243 1903 εἰς
1259 1836 1307 1910 τὴν
1325 1839 1490 1919 κατηγορίαν
1504 1839 1615 1900 cetenis

150 1931 192 1990 los
200 1946 314 1992 accuset.
326 1933 442 1993 Omissis
455 1932 559 1993 caeteris
570 1931 599 1992 in
611 1931 722 1991 illorum
737 1933 793 1993 vita
805 1954 898 2014 repro-
948 1923 1033 2005 Ἀφαία
1043 1926 1096 2010 γὰρ
1112 1929 1200 1989 πάντα
1214 1932 1299 1989 αὐτῶν
1316 1929 1421 2011 ἐλέγξαι
1435 1932 1480 1992 τὸν
1504 1930 1581 2010 βίον,
1600 1955 1615 1990 τ

150 2023 313 2101 bandis,hoc
320 2024 512 2102 iacinua‚quod
518 2025 577 2104 jam
585 2022 733 2103 agitabant,
741 2024 769 2083 in
777 2024 898 2086 medium
951 2017 1019 2095 μετὰ
1029 2029 1132 2101 χεῖρας,
1149 2020 1213 2081 etet
1223 2022 1350 2101 πράττειν
1360 2021 1511 2097 θόοόλυντο,
1522 2025 1584 2103 ἄγει
1594 2025 1615 2083 τί

149 2114 278 2174 adducit:
291 2116 414 2175 susce
425 2120 496 2197 ριιία
505 2132 604 2174 semen
612 2114 746 2176 Atratoe
755 2120 833 2188 estis,
847 2120 899 2176 sed
948 2111 994 2171 καί
1014 2135 1111 2191 φησιν·
1135 2104 1205 2174 Οἶδα
1219 2113 1259 2172 ότι
1279 2114 1386 2197 σπέρμα
1407 2114 1533 2196 Ἀόρααίμ
1553 2118 1615 2176 ἐστι

152 2212 282 2291 queritis
301 2230 347 2269 me
369 2208 543 2288 interficere.
567 2206 675 2267 Sensim
698 2208 772 2288 ejicit
787 2208 850 2268 illos
862 2210 898 2269 ab
950 2205 1051 2276 ζητεῖτε’
1076 2229 1109 2282 με
1140 2208 1302 2266 ἀποκτεῖναι.
1333 2207 1438 2287 ’uptun
1463 2206 1513 2267 καί
1540 2206 1613 2267 κατα

152 2299 268 2358 Abrahae
277 2300 432 2379 cognatione
444 2300 502 2372 illa,
515 2297 614 2358 doeens
626 2320 659 2358 nc
669 2299 756 2359 altum
766 2299 813 2358 illa
825 2300 899 2360 dere
950 2294 1073 2355 ίαθᾶλλει
1089 2300 1137 2368 τῆς
1150 2298 1300 2377 συγγενείας
1314 2298 1408 2367 αὐτοὺς
1420 2298 1534 2372 ἐκείνας,
1543 2299 1615 2359 παιδί

151 2405 283 2471 saperent.
295 2392 372 2453 Sicut
389 2391 462 2451 enim
485 2390 595 2450 libertas
609 2404 635 2449 et
648 2390 764 2450 servitus
783 2391 819 2450 ab
835 2413 898 2473 opo·
950 2387 1020 2466 μίγα
1037 2398 1140 2470 φρονεῖν
1159 2389 1203 2449 ἐπὶ
1219 2390 1314 2470 τούτῳ.
1334 2388 1442 2472 Ὥσπερ
1460 2390 1515 2474 γθρ
1534 2393 1615 2453 ἐλευθι

152 2483 229 2543 ribus
244 2482 371 2565 pendent,
391 2484 427 2542 ita
446 2495 473 2541 et
490 2481 621 2562 cognatio.
632 2484 689 2542 Nec
709 2482 800 2543 statim
816 2483 898 2559 dixit,
951 2479 1056 2539 δουλεία
1070 2481 1123 2540 ἀπὸ
1133 2483 1187 2539 τῶν
1198 2482 1291 2562 ἔργων,
1305 2482 1430 2543 οότονκαὶ
1440 2482 1595 2563 αυγγίνεια.

152 2576 213 2634 Νοιι
227 2576 290 2635 estis
304 2575 355 2635 filii
369 2574 484 2633 Abrahae
499 2573 659 2654 illiusjusti,
675 2594 725 2634 vos
739 2574 898 2650 homicidae3
917 2579 936 2625 Ι)
950 2562 1022 2631 εἶπεν
1034 2572 1136 2647 εθθέως,
1149 2579 1197 2634 οὐκ
1208 2573 1266 2635 ἐστί
1276 2583 1321 2635 τοῦ
1333 2575 1466 2658 Ἀόραίιμ,
1480 2580 1507 2636 οί
1518 2578 1615 2658 ἀνδραρ

152 2666 200 2726 sed
213 2666 340 2727 cumillis
356 2665 445 2726 adhuc
461 2679 589 2725 consonat
605 2666 736 2745 dicitque,
750 2667 815 2727 Scio
827 2672 899 2749 quia
951 2663 1067 2725 δικαίου·
1085 2667 1154 2726 ἀλλὰ
1174 2668 1220 2727 καλ
1235 2668 1371 2750 συντρέχει
1383 2668 1459 2741 τέως,
1481 2669 1530 2729 καί
1543 2691 1615 2750 φησιν

152 2780 250 2818 serpen
257 2758 389 2818 Abrahe
398 2763 466 2818 estis
472 2783 485 2829 ,-
495 2779 590 2818 vetum
600 2779 655 2817 non
665 2771 706 2817 est
717 2756 792 2837 quod
800 2762 899 2839 quari-
951 2756 992 2816 ίίτι
1014 2756 1122 2839 σπέρμα
1141 2759 1262 2840 ’Λόραόμ
1280 2762 1354 2820 ἔατε·
1378 2758 1468 2821 ”etta
1482 2763 1512 2820 ὠ
1528 2760 1607 2823 τοῦτό

152 2850 312 2931 turcctjam
328 2849 451 2932 asperius
466 2849 495 2908 in
508 2849 571 2909 iilos
581 2848 727 2910 invehitur.
743 2848 853 2910 Etenim
867 2865 899 2909 ut
951 2848 1117 2927 ζητούμενον,
1137 2850 1182 2909 καὶ
1198 2851 1290 2912 λοιπόν
1302 2852 1540 2935 καταρορικιοτέρα
1555 2850 1615 2935 κίχγ

151 2942 301 3024 plurimum
318 2941 517 3003 observandum
531 2955 580 3019 est,
593 2942 684 3024 ipsum
698 2963 760 3001 cum
769 2963 899 3023 magnum
952 2941 1102 3024 δημηγορίᾳ
1117 2941 1211 3022 ταύτῃ.
1231 2942 1286 3003 Καί
1299 2944 1351 3024 γόρ
1362 2946 1434 3004 ἔστιν
1445 2948 1484 3011 ὡς
1493 2945 1528 3005 cd
1538 2943 1615 3006 πολλί

149 3035 292 3117 quidpiam
305 3050 344 3096 est
353 3049 520 3117 operaturus,
529 3046 671 3116 postquam
680 3034 711 3094 id
723 3036 826 3115 feeerit,
838 3058 899 3098 ma·
951 3037 1077 3115 τηρῆσαι,
1098 3034 1140 3094 ότι
1160 3035 1263 3113 μέλλων
1279 3035 1348 3114 μέγα
1366 3035 1525 3116 ἐργάζεσθαί
1545 3062 1591 3111 τι,
1609 3062 1615 3117 γ

147 3128 207 3208 jore
221 3128 260 3186 uti
280 3127 406 3207 loquendi
425 3127 536 3202 fiducia,
562 3141 655 3208 utpote
669 3149 732 3186 cum
745 3127 805 3208 ipsa
818 3150 895 3208 opera
951 3125 1131 3206 ἐργάσασθαι,
1151 3126 1252 3187 πλείονι
1265 3125 1396 3208 κέχρηται
1409 3133 1443 3207 τῇ
1458 3130 1614 3211 παρρησία,

150 3220 327 3280 contentiosos
338 3219 494 3300 reprimant.
510 3219 567 3278 Sed
582 3222 713 3300 eieceritis
727 3241 773 3277 me
785 3222 897 3300 interfi-
951 3218 1096 3300 μαρτυρίας
1109 3224 1156 3290 τῆς
1170 3219 1223 3279 ἀπὸ
1234 3223 1285 3277 τῶν
1298 3217 1381 3302 ἔργων
1395 3221 1615 3299 όπιατομιζοόοης

150 3332 223 3370 cere.
244 3311 329 3387 Quid,
353 3311 375 3369 si
395 3310 486 3390 juste?
500 3313 534 3368 At
557 3330 610 3368 non
631 3308 670 3367 sic
692 3331 720 3368 se
739 3331 780 3368 res
793 3310 895 3369 habet:
951 3310 1031 3369 ’Ant
1046 3311 1149 3382 ζητεῖτέ
1163 3334 1197 3388 με
1211 3315 1374 3370 ἀποκτεῖναι.
1399 3310 1435 3370 Τί
1446 3303 1503 3388 οὖν,
1519 3317 1543 3373 εἰ
1555 3316 1615 3374 tm

150 3416 314 3483 quapropter
334 3422 441 3461 causam
459 3401 506 3459 ille
526 3401 614 3478 affert,
626 3400 690 3479 quia
704 3401 803 3461 Sermo
817 3423 897 3461 meus
915 3416 934 3462 E
952 3402 1010 3476 σίν,
1032 3405 1101 3461 Ἀλλ’
1122 3402 1180 3462 οὐδὲ
1204 3407 1293 3462 τοῦτο·
1321 3403 1361 3461 διὸ
1382 3403 1429 3463 καὶ
1445 3404 1497 3478 τὴν
1511 3404 1615 3467 αἰτίαν·

151 3514 211 3553 non
224 3498 304 3574 cepit
318 3498 350 3552 in
361 3496 456 3552 vobis.
471 3491 614 3564 Quomodo
633 3513 696 3572 ergo
710 3491 748 3551 ait
765 3492 793 3551 in
807 3493 897 3574 ipsum
950 3496 992 3556 ὅτι
1003 3493 1038 3554 ‘0
1052 3494 1126 3574 λόγος
1139 3499 1153 3553 θ
1166 3496 1227 3573 ἐμός
1240 3498 1270 3554 οὐ
1281 3504 1364 3576 χωρεῖ
1375 3497 1403 3554 ἐν
1415 3499 1489 3574 ὑμῖν.
1504 3498 1571 3566 Πῶς
1580 3488 1615 3559 ei

150 3588 314 3648 credidisse?
324 3591 437 3666 Verum,
447 3601 477 3646 ut
488 3585 664 3662 dixi,itcrum
672 3586 769 3645 mutati
779 3587 894 3647 fucrant.
950 3588 992 3648 ότι
1007 3584 1141 3646 ἐπίστευον
1158 3590 1194 3654 εἰς
1206 3585 1297 3659 αότόν;
1315 3586 1385 3646 Ἀλλ’
1399 3586 1466 3670 ὅπερ
1478 3589 1555 3670 ἔφην,
1566 3614 1615 3669 ματ

150 3681 216 3741 Ideo
225 3681 398 3743 vehementer
408 3681 434 3740 in
450 3679 513 3740 illos
527 3679 673 3739 invehitur.
688 3681 759 3739 Nam
770 3681 794 3741 ei
807 3680 842 3739 de
853 3703 897 3740 co·
950 3679 1039 3740 πόλιν.
1060 3679 1109 3738 Διὸ
1122 3678 1168 3738 καὶ
1180 3678 1281 3760 σφόδρα
1294 3682 1379 3738 αὐτῶν
1395 3681 1546 3762 καθήψατο.
1570 3685 1605 3743 Εἰ

150 3773 276 3853 gnatione
289 3775 336 3833 illa
352 3773 519 3854 gloriamini,
531 3786 561 3830 ut
575 3772 632 3832 vita
645 3786 771 3833 consonet
779 3788 894 3855 oportet¹
950 3771 1100 3851 συγγένειαν
1117 3774 1220 3851 αὐχεῖτε
1239 3769 1349 3844 ἐκείνου,
1363 3771 1466 3830 καὶτὸν
1479 3773 1538 3851 βίον
1550 3777 1615 3836 ἐπιόν

150 3869 206 3930 Nec
218 3866 301 3940 dixit,
312 3868 373 3926 Non
387 3866 483 3946 eapitis
497 3864 627 3939 verbum;
638 3863 694 3939 sed,
707 3867 806 3925 Sermo
817 3887 897 3925 meus
949 3864 1013 3945 χρή.
1039 3862 1093 3923 Kei
1111 3867 1157 3922 οὐκ
1174 3854 1256 3936 εἶπεν,
1270 3864 1300 3922 οὗ
1314 3873 1425 3945 χωρεῖτε
1439 3865 1485 3924 τὸν
1499 3866 1615 3946 λόγον,θ

150 3983 209 4020 non
224 3965 304 4040 cepit
316 3962 349 4017 in
362 3962 459 4035 uobis,
473 3956 632 4038 dogmatum
643 3978 753 4017 suorum
767 3958 896 4017 sublimi·
949 3966 1032 4037 χωρεῖ
1046 3963 1060 4016 ό
1075 3957 1137 4033 ἐμὸς
1149 3954 1225 4034 λόγος
1238 3959 1264 4015 ἓν
1278 3960 1353 4034 ὑμῖν,
1368 3958 1399 4016 τὸ
1413 3958 1514 4036 ὑψηλὸν
1527 3963 1608 4020 αὐτου·

147 4066 230 4113 tatem
243 4050 390 4110 declarans.
407 4049 490 4129 Atqui
508 4070 562 4108 non
582 4047 802 4110 ideointerficeoe
814 4050 1058 4132 οροε-,ηγμότων
1083 4046 1302 4126 ἐπιδεικνύμενος.
1339 4048 1435 4108 Καίτοι
1462 4050 1523 4112 οὐδὲ
1548 4051 1615 4135 ὑπὲρ

149 4144 214 4221 tuit3
230 4144 284 4203 imo
298 4143 388 4224 potitis
401 4143 532 4203 bonorare
543 4154 569 4199 et
586 4140 689 4201 colere?
705 4143 743 4201 Ut
752 4141 894 4202 discerent.
913 4145 933 4189 Α
950 4146 1065 4222 ἀναιρεῖν
1086 4143 1181 4222 ἐχρῆν,
1196 4138 1266 4199 ἀλλὰ
1286 4143 1387 4218 μᾶλλον
1404 4153 1488 4224 τιμᾷν
1503 4144 1550 4203 καὶ
1565 4151 1615 4229 θεμ

148 4236 203 4297 Sed
215 4236 292 4314 quid,
303 4235 325 4293 si
351 4251 379 4295 tu
395 4258 411 4295 a
426 4235 566 4315 temetipso
583 4232 641 4291 haec
655 4232 783 4312 loqueris,
796 4248 827 4293 ut
837 4235 894 4294 haec
948 4233 1016 4295 ὥστε
1029 4239 1130 4310 μαθεῖν.
1153 4232 1189 4290 Τί
1199 4221 1253 4300 οὗν,
1265 4233 1354 4313 φησὶν,
1368 4232 1399 4291 ἂν
1413 4235 1468 4294 ἀπὸ
1479 4245 1615 4298 σαυτῶτι

148 4334 354 4414 praeveuiat,ait
366 4354 373 4387 ι
384 4329 431 4389 58.
444 4331 515 4408 Qnae
525 4348 578 4407 ego
592 4328 658 4385 vidi
674 4327 755 4406 αρυεί
772 4329 894 4387 Patrem
946 4329 1011 4406 λῇς,
1029 4324 1082 4384 Διὰ
1096 4330 1173 4383 τοῦτο
1187 4324 1333 4405 ἐπήγαγεν·
1354 4323 1386 4384 Ἃ
1405 4325 1459 4405 ἐγὼ
1472 4327 1581 4411 ἑώρακα
1596 4354 1615 4391 κ

148 4447 254 4501 meum,
268 4428 329 4483 itoee
342 4425 445 4504 loquor
457 4445 465 4476 :
479 4434 507 4479 et
521 4439 576 4478 vos
597 4439 662 4499 quoe
680 4419 804 4478 audistis
814 4421 895 4499 αμιιιί
946 4417 1035 4497 Πατρί
1052 4442 1112 4495 μου,
1125 4422 1209 4475 ταῦτα
1222 4419 1314 4475 λαλῶ·
1330 4416 1377 4476 καλ
1392 4421 1469 4495 ὑμεῖς
1483 4419 1615 4493 θήκοόαα

145 4532 260 4599 μαίνεαι
287 4530 426 4585 vestnem,
437 4515 549 4593 facitis.
564 4515 603 4571 Ut
619 4532 684 4591 ego,
708 4511 808 4589 inquit,
825 4526 852 4571 et
865 4533 892 4570 rc
946 4515 991 4571 τοῦ
1004 4512 1103 4591 πατρὸς
1115 4512 1203 4587 ὑμῶν,
1217 4517 1326 4568 ποιεῖτε.
1351 4507 1480 4592 Ὠσπερ,
1501 4514 1600 4594 ρηαίν,
1613 4542 1615 4570 ι

147 4624 173 4668 et
186 4608 276 4669 verbis
287 4605 396 4665 ostendo
404 4608 522 4682 Patrem,
531 4604 567 4662 ita
580 4617 606 4661 et
620 4605 891 4663 vosrctantum.Non
946 4604 999 4664 ἀπὸ
1013 4606 1065 4660 τῶν
1081 4600 1216 4681 ῥημάτων,
1230 4600 1276 4660 καί
1286 4601 1338 4661 ἀπὸ
1348 4606 1396 4674 τῆς
1408 4605 1538 4676 ἀληθείας
1550 4610 1615 4689 ίμρο

146 4701 226 4760 modo
234 4698 306 4756 enim
312 4695 432 4754 eamdem
439 4693 624 4770 substantiam,
629 4693 676 4753 sed
683 4692 804 4753 eamdem
811 4716 892 4773 quam
944 4693 1065 4774 Πατέρα,
1075 4692 1143 4752 eico
1154 4693 1200 4751 καλ
1210 4697 1286 4770 ὑμεῖς
1297 4693 1350 4753 ἀπὸ
1358 4698 1412 4753 τῶν
1422 4699 1606 4777 πραγμάτων,

180 4896 305 4963 ·llleipse
312 4893 398 4946 Codex
413 4891 687 4960 optimuehunclocum
699 4895 735 4943 sic
747 4894 904 4960 opprimere
957 4901 1039 4948 ἕσταθι.
1062 4900 1128 4946 τοῦτο
1149 4897 1173 4944 tt
1194 4901 1340 4965 ὶμρτίνουτθς
1357 4901 1416 4950 tecte
1434 4903 1483 4951 ὅτε.
1507 4899 1615 4952 [ίαιιεθι

147 4976 230 5030 stituit
239 4995 245 5026 τ
253 4982 289 5029 καί
296 4981 432 5045 βουλόμενος
439 4978 506 5035 δεῖξαι
513 4979 548 5025 ότι
558 4980 577 5024 ti
585 4980 622 5025 καί
630 4978 703 5026 δοῦλοι
710 4979 748 5026 οὐκ
760 4977 816 5031 ἦσαν
824 4977 860 5026 διὰ
869 4982 909 5026 τοῦ
957 4977 1107 5039 βουλομίνους
1118 4975 1186 5031 δεῖξαι
1195 5011 1202 5035 ,
1215 4986 1270 5037 quae
1281 4969 1365 5037 lectio,
1378 4990 1436 5024 meo
1446 4974 1555 5042 quidem
1564 4979 1615 5048 jud

148 5067 230 5116 ἐκείνην
246 5060 426 5127 &perpetiendae
443 5061 483 5111 τὴν
500 5056 616 5112 δουλείαν,
629 5062 678 5102 etc.
697 5063 725 5102 ut
742 5069 827 5117 nuptu.
841 5050 910 5102 Editi
959 5048 1078 5118 quadret.

149 5138 251 5187 uerosic
259 5131 404 5193 hebenum}
411 5136 478 5197 βουλ.
488 5133 597 5191 θεῖξαιότι
607 5133 908 5202 θοῦλοι...οῖπακραόαααθαι.
994 5133 1006 5169 b
1025 5127 1113 5181 noret.
1128 5136 1189 5182 αλλὰ
1199 5138 1273 5194 τοῦτο,
1285 5127 1359 5180 male.

148 5224 237 5286 μᾶλλον
249 5219 272 5266 ii
284 5219 387 5266 δείκνυσιν
399 5216 463 5268 ὄντας
478 5212 568 5266 δούλους
579 5221 610 5275 τῷ
624 5215 705 5271 ederet-e,
722 5213 789 5269 ὄντας
800 5215 912 5278 θλιόόιροε
