3750 5940
77 468 234 517 cxxxvii.
259 446 307 518 al.
335 470 478 521 nxxxvr.
780 454 845 552 59¹

105 612 176 670 mus,
190 590 237 651 sed
252 612 296 671 ne,
319 594 343 653 si
362 593 472 674 qnando
492 595 623 656 antistites
636 597 748 677 quidam
768 602 850 661 vestri

69 701 88 749 ις
105 683 270 764 negligenter
284 705 315 744 se
331 701 434 766 gerant,
455 709 505 750 vos
517 686 578 749 ideo
597 690 670 750 mala
683 691 762 752 robis
786 694 852 774 ipsis

104 777 274 858 comparetis.
299 777 409 858 Ecquid
421 778 571 841 sacerdotes
585 779 667 842 dieo?
686 784 781 865 Neque
803 805 852 844 an-

105 869 190 950 gelus,
207 888 293 948 neque
303 871 480 952 archangelus
495 872 524 932 in
542 872 588 951 iis,
603 894 664 952 quae
683 895 699 934 a
718 876 777 935 Deo
787 875 851 936 data

105 975 177 1038 sunt,
190 961 296 1040 aliquid
310 962 416 1024 efficere
427 979 515 1048 potest
522 989 531 1042 ;
543 965 591 1026 sed
604 968 693 1037 Pater,
714 966 801 1028 Filius
824 981 851 1027 et

105 1055 224 1136 Spiritus
242 1069 349 1116 sanctus
356 1057 446 1117 omnia
456 1057 634 1119 administrat.
644 1057 774 1120 Sacerdos
788 1081 852 1121 vexo

104 1147 225 1227 lingnam
234 1169 311 1208 snam
321 1149 485 1230 commodat,
499 1170 610 1209 manum
619 1150 746 1232 porrigit.
760 1153 853 1231 Neque

105 1239 177 1299 enim
183 1241 289 1321 justum
303 1241 405 1319 inisset,
418 1256 448 1301 ut
459 1255 570 1324 propter
588 1242 699 1303 alterius
717 1244 851 1326 improbi-

107 1347 187 1393 tatem
199 1335 250 1409 illi,
265 1335 313 1414 qni
336 1335 418 1396 fidem
441 1351 504 1396 sunt
516 1336 647 1419 amplexi,
670 1338 697 1397 in
718 1339 852 1421 symbolis

62 1470 99 1509 ω
107 1426 201 1487 salutis
232 1442 330 1487 nostrae
359 1426 528 1489 laederentur.
561 1430 670 1505 Quibus
705 1431 853 1513 perspectis

73 1525 90 1571 Α
108 1520 244 1600 omnibus,
254 1523 374 1581 etDenm
382 1519 534 1600 timeamus,
544 1536 570 1584 ct
578 1523 728 1584 sacerdotes
740 1525 798 1606 ejus
807 1547 853 1587 ve·

106 1632 241 1689 ueremur,
256 1612 323 1695 ipsis
333 1633 440 1673 omnem
449 1615 617 1695 praebeamus
629 1614 772 1692 bonorem;
785 1629 815 1675 ut
828 1628 855 1675 et

108 1728 157 1788 pro
169 1705 296 1787 operibns
307 1706 405 1766 nostris
419 1720 447 1767 et
457 1728 506 1788 pm
515 1707 591 1767 cultu
602 1707 657 1768 illis
668 1707 791 1768 exhibito
797 1729 854 1768 ma-

109 1820 190 1880 gnam
202 1799 392 1880 accipiamusa
403 1801 461 1860 Deo
472 1800 633 1880 mercedem,
656 1801 742 1882 gratia
764 1815 790 1861 et
809 1801 855 1861 be

109 1891 240 1973 nignitate
255 1893 365 1952 Domini
379 1893 464 1953 nostri
479 1895 543 1956 iesu
558 1893 670 1972 Christi,
679 1892 791 1974 quicum
804 1896 856 1954 Pa·

110 1984 145 2043 tri
165 2005 270 2062 unaque
281 1984 396 2066 Spiritui
409 1998 502 2045 sancto
517 1985 613 2067 gloria,
636 1985 793 2067 imperinm,
805 1985 856 2045 bo·

110 2098 170 2154 nor,
196 2097 267 2136 nnnc
289 2089 316 2135 et
340 2096 454 2158 semper,
466 2091 493 2137 et
515 2076 544 2136 in
566 2077 664 2137 saectda
683 2077 853 2138 seculorum.

111 2171 206 2229 Amen.

61 2550 825 2582 m

71 2716 89 2763 Β
309 2719 468 2784 HOMlLlA
486 2721 658 2784 Lxxxvtr.

108 2908 178 2968 Car.
202 2906 266 2966 XX.
288 2929 314 2969 v.
336 2910 385 2968 94.
406 2911 532 2968 Thomas
543 2919 642 2966 autem
654 2925 730 2965 unus
743 2926 779 2964 ex
790 2906 862 2964 duo·

147 3001 254 3073 decim,
268 3006 320 3082 qni
337 3004 447 3061 dicitur
461 3001 624 3076 Didymus,
641 3019 701 3058 non
716 3010 780 3057 erat
794 3019 860 3059 cum

150 3096 192 3152 eis
206 3095 325 3174 quando
344 3097 427 3154 uenit
440 3095 537 3152 lesus.
555 3091 604 3148 25.
623 3092 771 3150 Ds'ecerunt
791 3111 859 3170 ergo

149 3190 176 3245 ei
197 3188 252 3245 alii
274 3187 431 3267 discipuli:
448 3185 582 3244 Vidimus
605 3183 776 3242 Dominum.
797 3183 856 3242 Ille

149 3292 249 3339 autem
263 3280 360 3339 dixit:
377 3280 444 3340 Nisi
457 3277 570 3344 nidero,
585 3295 644 3334 non
656 3276 785 3349 medam,
799 3289 852 3336 etc.

152 3467 179 3521 1.
201 3462 278 3523 Sicut
294 3462 456 3544 simpliciter
479 3461 630 3541 leviterque
646 3459 754 3523 credere
770 3461 858 3522 taciti-

111 3556 174 3617 tatis
186 3570 227 3616 est
240 3580 246 3614 ε
263 3556 302 3616 sic
314 3555 386 3615 ultra
402 3553 515 3616 modum
527 3552 684 3636 paquirere
696 3566 723 3612 et
735 3553 859 3634 explora-

111 3672 151 3727 re,
165 3649 336 3710 crassissimae
343 3649 451 3709 mentis.
464 3648 530 3709 Ideo
540 3663 566 3708 et
576 3647 697 3707 Thomas
709 3661 858 3707 accusatur.

75 3774 93 3822 C
112 3741 247 3822 Apostolis
261 3740 334 3801 enim
348 3740 512 3814 dicentibus,
533 3741 667 3799 Vidimus
685 3737 856 3812 Dominum,

109 3854 162 3892 non
183 3833 314 3910 credidit;
342 3854 396 3892 non
419 3846 525 3892 tantum
551 3830 609 3890 illis
632 3829 714 3889 fidem
746 3850 856 3910 negans,

106 3940 237 4004 quamum
258 3946 315 3984 rem
333 3924 391 3984 fieri
409 3945 462 3984 non
483 3943 561 4005 posse
580 3921 749 4000 existimans,
761 3942 858 4003 nempe

105 4016 327 4076 resurrectionem
343 4037 358 4074 a
374 4015 498 4074 mortuis.
518 4016 579 4075 Non
600 4013 672 4073 enim
688 4012 772 4092 dixit,
797 4016 856 4075 Non

106 4108 185 4168 credo
203 4109 294 4184 vobis,
308 4107 367 4186 sed,
384 4109 451 4168 Nisi
470 4111 585 4166 mittam
604 4127 725 4166 manum
748 4128 854 4179 mom,

107 4221 166 4258 non
176 4202 303 4260 credam.
316 4198 462 4273 Quomodo
477 4198 538 4258 aliis
547 4197 715 4278 congregatis
724 4197 770 4258 bic
783 4199 856 4258 solus

106 4294 218 4352 aberat?
239 4291 396 4355 Verisimile
413 4304 501 4351 estex
513 4289 680 4373 dispersione
695 4291 857 4372 praeoedenti

106 4386 185 4445 illum
196 4386 318 4446 nondum
328 4407 467 4446 reversum
481 4384 573 4444 fuisse.
592 4383 639 4443 Tn
654 4405 719 4445 vero
729 4405 792 4444 cnm
807 4387 853 4446 vi-

106 4477 153 4537 des
171 4500 223 4538 non
236 4478 388 4539 credentem
409 4476 588 4558 discipulum,
609 4476 721 4536 Domini
742 4477 857 4538 clemen·

107 4571 171 4629 tiam
181 4572 279 4652 cogita,
294 4570 431 4651 quomodo
445 4571 490 4632 vel
500 4591 551 4652 pro
565 4591 619 4630 una
632 4570 723 4630 anima
735 4570 858 4632 ostendat

107 4683 135 4722 se
149 4664 262 4724 vulnera
283 4664 431 4745 excepisse,
453 4677 479 4722 et
493 4663 622 4724 adveniat
636 4661 672 4722 sd
688 4662 769 4722 unius
785 4663 857 4722 salu-

108 4770 171 4835 tern,
187 4756 292 4816 etiamsi
314 4756 443 4818 crassiore
462 4778 544 4836 quam
565 4755 655 4817 caeteri
672 4755 764 4816 animo
781 4770 856 4816 esset.

106 4850 169 4910 ldeo
181 4872 228 4932 per
239 4850 436 4911 crassissimum
446 4849 569 4909 omnium
577 4870 685 4909 sensnm
695 4848 777 4909 fidem
786 4870 858 4927 quac-

71 4963 90 5009 1)
105 4943 190 5019 rebat,
202 4964 289 5022 neque
308 4941 394 5003 oculis
410 4942 546 5003 credebat.
562 4943 655 5021 Neque
667 4941 739 5001 enim
752 4954 858 5001 tantum

106 5037 189 5116 dixit,
203 5037 263 5097 Nisi
274 5036 384 5116 videro;
393 5036 546 5116 sedetiam,
557 5037 617 5097 Nisi
626 5047 815 5112 attrectavcro5
826 5057 862 5096 nc

61 5285 78 5314 o
91 5278 136 5327 pro
149 5269 291 5328 dnriiprrm
303 5280 315 5312 c
328 5262 404 5313 Saril⁴
418 5261 555 5327 dedimus]
