3750 5940
55 466 189 517 cxxvru.
216 440 265 517 ol.
295 466 424 517 oxxvu.
772 445 842 543 527

101 595 193 671 risset,
206 596 257 657 llle
272 618 321 658 vos
334 597 443 658 docebit
453 596 567 658 etvobis
577 611 803 679 suggeruntque
816 599 844 659 iu

65 703 85 753 u
101 688 228 748 emmuis
241 708 291 749 vos
300 687 491 765 consolabitur,
503 687 578 768 quod
589 688 646 771 ipse
656 709 710 750 uou
722 689 797 767 iecit3
806 703 844 767 et,

101 781 229 861 Expedit
238 794 331 862 retego
342 781 466 851 vadam,
477 793 504 839 et
514 778 711 858 utilleveuiat3
720 794 757 857 et,
766 783 846 842 Nune

103 872 213 952 quidem
226 893 279 932 uon
294 872 404 954 potestis
415 885 536 954 portare,
550 885 616 933 tuuc
627 893 692 934 vero
704 871 844 954 poteritis5

103 980 140 1041 et,
152 969 210 1028 Vos
223 965 338 1026 deducet
351 966 379 1026 iu
394 987 502 1027 omnem
516 965 674 1027 veritatem:
691 987 725 1026 ue
736 965 782 1026 bis
797 987 847 1026 uu·

101 1055 181 1134 ditis,
199 1059 329 1140 mojorem
361 1079 418 1119 esse
439 1058 573 1140 Spiritum
598 1072 739 1140 putureut,
762 1073 789 1119 et
818 1059 846 1119 iu

102 1165 249 1212 extrem
267 1150 415 1212 inciderent
435 1152 618 1234 impietatem,
637 1151 698 1212 ideo
721 1151 759 1213 rit
776 1175 783 1210 r
799 1152 848 1213 De

103 1264 166 1302 meo
175 1248 311 1325 accipiet;
320 1242 349 1302 id
362 1257 416 1321 est,
430 1245 498 1317 Quae
511 1264 561 1324 ego
572 1243 647 1322 dixi,
659 1257 686 1303 et
701 1244 748 1304 ille
760 1243 844 1305 dicet.

102 1338 172 1397 Cum
185 1358 250 1397 vero
261 1337 347 1414 dicet,
361 1338 449 1398 Most
462 1359 483 1397 a
495 1358 527 1399 se
537 1337 682 1419 loquetur,
698 1336 768 1412 nibil
779 1357 846 1398 cou-

102 1427 227 1507 trerium,
254 1427 322 1489 nibil
341 1429 486 1510 proprium
502 1440 550 1488 eut
573 1429 702 1505 alienum,
720 1428 768 1489 sed
789 1450 848 1490 mee

66 1530 84 1577 tt
101 1519 235 1599 loquetur.
246 1523 285 1582 Ut
299 1520 383 1603 igitur
394 1521 429 1582 de
441 1520 529 1604 seipso
546 1521 660 1601 loquens
677 1521 729 1600 iit,
742 1521 774 1582 A
787 1544 906 1593 meam

102 1615 164 1692 ipso
184 1634 244 1672 non
255 1615 369 1695 loquor,
386 1613 416 1674 id
429 1628 482 1689 est,
499 1612 578 1673 Nihil
594 1613 646 1673 nisi
665 1635 728 1694 que
743 1615 847 1691 Petris,
860 1621 898 1655 ¹⁰⁹

102 1704 224 1783 nihilque
243 1705 384 1787 proprium
398 1705 442 1767 vel
458 1705 493 1766 ab
508 1703 557 1765 illo
573 1705 693 1766 alienum
704 1731 711 1765 =
722 1706 760 1766 itt
773 1707 849 1770 etde

103 1794 207 1875 Spiritu
218 1794 433 1876 intelligendum.
444 1794 519 1855 Illud
527 1816 607 1869 vero,
617 1799 665 1856 De
674 1818 748 1871 meo,
760 1797 790 1857 id
797 1812 848 1875 est,

103 1887 145 1945 De
157 1886 193 1945 iis
204 1907 265 1965 que
281 1887 345 1948 novi
353 1931 362 1962 ,
376 1886 412 1946 de
420 1907 479 1946 mec
490 1886 650 1967 cognitione.
666 1890 728 1951 Une
746 1890 850 1973 quippe

102 1990 141 2036 est
160 1998 220 2038 mea
243 1991 270 2037 et
290 1977 410 2059 Spiritus
431 1979 551 2038 scientia.
573 1981 616 2039 Et
636 2001 702 2062 quoe
720 1994 850 2043 uenturo

101 2083 170 2130 suist
182 2073 373 2130 annuntiabit
386 2073 484 2130 uobis.
509 2070 624 2131 Illorum
636 2071 718 2153 erigit
727 2073 848 2134 ruimus:

102 2161 206 2221 nullius
218 2162 291 2222 euim
305 2175 361 2222 tam
375 2161 508 2245 cupidum
525 2176 566 2223 est
582 2163 733 2225 hommum
750 2184 849 2247 genus,

57 2296 91 2338 m,
102 2274 183 2332 quam
192 2254 284 2313 futtuo
297 2253 426 2315 decadi.
442 2253 501 2314 lloe
511 2254 584 2314 euim
596 2254 749 2336 frequenter
763 2256 850 2319 iuter-

66 2345 233 2425 erogabant
251 2367 327 2417 eum,
347 2349 411 2426 Quo
431 2347 541 2406 vedu?
560 2368 621 2427 que
643 2360 682 2409 est
703 2348 772 2410 rie?
792 2348 852 2410 llec

102 2437 189 2516 igitur
215 2459 279 2498 curn
296 2438 418 2499 crimem
438 2439 512 2518 illos,
537 2437 622 2499 dicit:
648 2440 758 2501 Omuio
771 2441 851 2503 vobis

102 2529 241 2610 predicet,
254 2551 288 2591 ue
298 2531 400 2593 incauti
413 2531 508 2592 ruatis.
522 2532 582 2592 Ille
600 2552 647 2592 me
658 2533 848 2617 clorificabit.

103 2621 268 2693 Quomodo?
281 2624 314 2683 Iu
334 2623 443 2683 nomine
455 2626 521 2683 'meo
542 2643 623 2705 oport
646 2622 754 2684 efficiet.
778 2624 852 2699 Quia

103 2713 177 2771 enim
188 2727 249 2794 post
259 2712 406 2775 adveutum
416 2713 535 2796 Spiritus
546 2715 649 2796 majore
662 2712 761 2785 edituri
774 2714 851 2795 siqua

103 2818 192 2879 erant,
216 2803 277 2864 ideo
304 2805 484 2884 equalitatem
511 2804 787 2865 indicnmait2111e
805 2828 852 2866 me

104 2896 292 2978 clarificabit.
309 2898 400 2971 Quem
419 2918 485 2956 vero
510 2895 579 2955 dicit
603 2916 720 2956 omnem
739 2902 852 2959 uerita·

106 2994 187 3047 tem?
203 2990 274 3047 Num
294 2987 462 3066 testificetur,
481 2985 555 3066 quod
571 3007 620 3047 uos
636 2986 806 3049 deducturus
816 2990 852 3050 sit

105 3080 143 3140 ad
157 3101 264 3140 omnem
277 3086 426 3141 veritroem.
442 3081 503 3162 lpse
515 3100 632 3159 uamque
645 3078 709 3159 quio
719 3100 800 3141 cerne
810 3082 852 3142 iu·

107 3171 190 3232 dutus
211 3186 282 3249 crat,
296 3185 324 3232 et
341 3193 376 3232 ue
394 3171 532 3251 videretur
552 3171 588 3232 de
608 3171 696 3255 seipso
709 3174 854 3254 magnifice

106 3263 194 3343 loqui,
207 3265 271 3343 quia
283 3264 347 3325 item
359 3264 488 3347 discipuli
503 3264 723 3326 resurrectionem
737 3286 791 3326 uon
804 3286 854 3328 no-

70 3370 89 3417 u
106 3370 214 3431 verant,
227 3370 253 3415 et
267 3356 359 3416 adhuc
379 3356 589 3439 imperfectiores
607 3368 697 3433 eram,
714 3368 774 3417 tum
786 3378 852 3440 pro·

106 3463 167 3530 pter
184 3449 310 3525 Judeos,
332 3471 367 3510 ue
385 3463 525 3529 tamquam
543 3448 611 3530 legis
629 3462 853 3531 transgressorem

107 3541 204 3620 punire
217 3540 382 3617 viderentur,
397 3561 451 3602 uon
470 3562 542 3623 sepe
560 3561 690 3622 magnum
709 3541 858 3624 quidpiam

107 3632 141 3691 dc
151 3654 179 3692 se
187 3633 362 3713 loquebatur,
376 3655 462 3713 neque
471 3646 563 3715 operte
575 3633 660 3713 alege
667 3633 850 3695 dissentiebat.

107 3725 179 3796 Quia
192 3747 256 3788 uero
264 3725 393 3808 discipuli
402 3726 438 3785 ab
449 3726 505 3786 illis
514 3725 621 3785 discissi
630 3739 717 3804 eram,
728 3740 754 3786 et
760 3726 851 3790 Jrrdaei

106 3831 184 3876 extra
205 3816 298 3898 positi,
319 3817 453 3896 multique
475 3817 604 3877 credituri
622 3830 650 3876 et
666 3829 774 3897 peccota
788 3818 851 3877 abs·

107 3910 204 3969 tersuri
230 3922 316 3987 erant,
341 3909 443 3989 aliique
462 3922 539 3968 eram
558 3908 607 3987 qui
623 3908 659 3968 de
678 3908 737 3989 ipso
753 3907 850 3987 loque-

107 4015 211 4078 rentur,
221 4001 284 4081 jure
305 4000 351 4060 ille
368 4021 422 4060 nou
439 4021 537 4079 magua
560 3999 675 4060 ulterius
690 3998 766 4059 dere
777 3999 850 4061 dice-

106 4093 161 4151 bat.
173 4095 268 4172 ltaque
277 4113 329 4152 nou
339 4105 379 4152 est
388 4092 545 4172 ignorantie
554 4113 619 4152 mee
630 4090 849 4172 adscribendum,

55 4226 56 4231 κ
106 4185 180 4264 quod
195 4183 357 4262 nundinam,
372 4206 432 4263 quae
445 4183 536 4244 dicere
548 4196 693 4265 oporteret,
705 4183 753 4244 sed
769 4183 850 4245 eudi-

107 4290 198 4336 torum
213 4276 402 4336 imbecillitati.
415 4275 479 4335 Ideo
496 4296 559 4335 cum
577 4274 703 4353 dixisset,
718 4274 852 4337 Dedecet

55 4407 56 4415 κ
108 4391 162 4428 eos
172 4373 205 4428 in
218 4390 332 4428 omnem
340 4371 508 4440 veritam,
523 4365 632 4428 eddidit
646 4390 654 4426 ι
667 4369 738 4428 Non
751 4368 851 4450 toque·

72 4478 90 4525 c
108 4474 157 4522 tur
173 4483 193 4521 a
210 4466 371 4542 semetipso.
396 4459 479 4535 Quod
498 4460 571 4521 euim
588 4459 708 4542 Spiritus
722 4459 852 4523 doctriua

55 4594 56 4601 κ
108 4576 160 4615 non
180 4568 267 4635 egeat,
283 4554 350 4614 oudi
373 4553 489 4613 Paulum
509 4552 726 4615 diceutemelto
744 4568 772 4615 ct
786 4572 906 4638 quoeuc

107 4652 167 4709 Dei
176 4662 244 4709 sunt
258 4669 342 4707 nemo
353 4650 444 4717 novit,
457 4650 515 4706 nisi
527 4647 651 4728 Spiritus
665 4649 851 4722 Dei.'Quem·
864 4642 899 4680 ¹¹·

55 4770 56 4781 ¹
107 4741 255 4801 admodum
266 4760 329 4818 ergo
337 4736 450 4820 spiritus
458 4736 577 4798 bominis
588 4758 641 4799 uon
650 4738 686 4799 ab
693 4738 748 4800 alio
756 4738 852 4801 donnus

55 4857 57 4896 ;
107 4833 205 4893 novit:
220 4833 257 4892 ita
270 4831 389 4912 Spiritus
406 4843 515 4891 sauctus
534 4832 581 4890 De
596 4852 662 4890 meo
675 4836 810 4913 accipiet,·
820 4832 853 4894 id

55 4953 56 4971 κ
108 4938 157 5004 cst,
172 4923 272 4987 Verbis
286 4924 353 4985 meis
364 4944 478 4986 cousouc
493 4921 574 4985 dicet.
585 4926 694 4985 Omnia
708 4945 852 5007 quecum-

92 5137 157 5192 eod.
171 5140 245 5201 70⁹]
