3750 5940
243 376 309 450 156
588 401 618 449 S.
646 400 786 451 totnuts
811 399 995 450 CthYSOST.
1024 402 1178 451 uncuutr.
1205 398 1471 453 cousttttrtuot‘.

276 527 306 584 ὅ.
322 526 378 584 Cur
397 543 460 604 ergo
479 523 594 604 enigma
613 523 683 584 illud
706 545 760 585 non
782 524 873 601 solvit,
896 544 982 604 noque
1072 526 1152 595 Τίνος
1164 519 1209 587 οὖν
1222 528 1308 588 ένειιεν
1327 531 1374 589 οθιι
1392 528 1469 589 ἔλυσε
1480 529 1511 589 τὸ
1527 528 1654 609 αἴνιγμα,
1668 527 1716 588 καὶ
1730 512 1814 604 sinu,

236 618 331 680 dixit:
346 619 408 677 Non
427 616 529 676 deboc
545 617 645 698 templo
665 617 770 697 loquor,
784 616 832 677 sed
848 615 884 676 de
901 637 981 677 earne
1032 615 1072 677 dtr
1085 621 1115 678 οῦ
1132 617 1260 701 περὶτοῦ
1282 623 1346 680 ναυῦ
1365 617 1437 699 λέγω
1458 618 1565 695 τούτου,
1588 619 1659 680 ἀλλδ
1680 620 1744 702 περὶ
1765 624 1814 693 τῆς

236 731 308 785 εοεαε,
324 729 418 769 uerum
430 707 603 786 evangelista,
613 706 662 767 diu
673 722 764 790 postea
772 709 892 768 scribens
900 729 982 769 evan·
1032 710 1128 790 σαρκδς
1150 715 1198 782 τῆς
1221 713 1301 791 ἐμῆς,
1324 713 1383 770 ἀλλ’
1400 714 1415 770 θ
1433 708 1482 789 μίν
1497 712 1687 792 umber-u
1702 708 1811 793 θστερσι

234 802 348 881 gelium,
364 801 470 862 dictum
480 800 550 860 ittud
559 801 722 883 explicavit,
739 801 786 861 itte
800 821 864 863 vero
877 801 982 861 tacuit?
1031 798 1138 881 γράρων
1152 801 1184 861 οδ
1197 800 1356 882 εὐαγγέλιον,
1370 799 1510 919 έρμηνεθει
1526 801 1558 864 rb
1570 800 1722 883 είρημέναι,
1735 800 1812 871 mete

234 895 345 968 Quare?
355 895 426 967 Quia
439 893 530 955 verbis
539 895 598 975 ejus
606 893 691 953 fidem
703 915 758 954 non
768 893 934 954 habuissent.
949 894 982 954 Si
1032 891 1060 951 δέ
1073 892 1179 974 ἐσίγησε
1197 893 1359 970 τάτεςΤίνος
1372 917 1416 954 ουν
1429 891 1517 954 ένειιεν
1530 893 1653 974 ἐσίγησεν
1663 915 1673 965 ;
1684 891 1752 953 Ὀτι
1764 894 1810 955 ultr

232 987 307 1047 eninr
316 1009 350 1047 ne
360 985 472 1066 quidem
479 985 608 1066 discipuli
616 999 739 1068 poterant
747 1000 811 1046 tunc
820 986 979 1066 intelligere,
1031 983 1063 1043 iu
1073 986 1118 1045 τὸν
1132 986 1208 1066 λόγον
1222 985 1350 1055 ἐδέξαντο.
1361 984 1457 1068 Εῑγδρ
1469 984 1537 1066 μηδδ
1551 988 1576 1045 oi
1591 983 1713 1065 μαθηταὶ
1726 984 1810 1045 θεαταί

157 1072 160 1077 ’
233 1081 419 1140 multominus
429 1080 524 1139 turbe.
540 1082 615 1141 Cum
626 1084 806 1153 surrexisset,
820 1079 917 1159 inquit,
928 1083 980 1140 Je-
996 1089 1014 1136 n
1031 1099 1088 1145 ιτως
1101 1076 1217 1137 συνιέναι
1231 1077 1263 1137 τδ
1274 1075 1367 1158 λεχθέν
1380 1068 1459 1152 ἦσαν,
1471 1079 1562 1158 πολλῷ
1572 1078 1676 1155 μᾶλλον
1688 1079 1713 1136 οἱ
1726 1075 1806 1157 ὄχλοι.

233 1194 282 1234 sus
297 1197 317 1233 a
329 1179 460 1246 mortuis,
476 1187 545 1233 tune
558 1175 705 1232 recordati
716 1186 795 1246 sunt,
808 1185 837 1232 et
848 1175 978 1233 eredide-
1031 1166 1098 1228 Ὅτε
1112 1167 1179 1250 γάρ,
1193 1168 1282 1250 φησίν,
1306 1167 1404 1242 ἀνίστη
1425 1175 1440 1230 ὁ
1456 1169 1558 1243 Ἰησοῦς
1579 1172 1610 1228 ta
1630 1172 1686 1228 τῶν
1701 1172 1805 1251 νοερΐεν,

232 1280 302 1326 runt
313 1269 441 1327 εεεηιοιιὶ
452 1279 481 1325 et
492 1266 658 1345 Scriptum.
676 1264 822 1325 Duoenim
834 1264 901 1346 ipsis
913 1279 979 1324 tune
1029 1259 1089 1319 τότε
1112 1261 1279 1339 ἐμνήσθησαν
1299 1259 1346 1320 καὶ
1365 1259 1522 1321 ἐπίστευσαν
1549 1263 1589 1340 τῷ
1611 1260 1684 1341 λόγῳ
1708 1258 1805 1339 καὶὴ

232 1360 458 1441 proponebantur,
475 1358 643 1433 resurrectio,
658 1372 693 1434 et,
711 1356 787 1436 quod
804 1357 891 1438 majus
904 1371 977 1434 erat,
1030 1352 1203 1435 ΓραφῇΙΔύο
1214 1351 1266 1435 γάρ
1279 1344 1312 1426 ἦν
1325 1353 1455 1421 αθεοῐςτδ
1469 1349 1675 1435 1’τεροῖστάμευα
1692 1350 1803 1421 eloris

232 1472 298 1510 num
312 1454 386 1511 Deus
396 1465 464 1511 esset
473 1452 496 1511 is
510 1450 558 1529 qui
567 1451 640 1509 intus
649 1448 802 1525 babitabat;
821 1470 882 1527 quae
896 1448 977 1510 ambo
1029 1442 1077 1522 plu
1087 1445 1118 1505 τὸ
1127 1450 1175 1518 τῆς
1186 1445 1370 1519 ἀναστάσεως,
1379 1443 1467 1526 έτερον
1477 1442 1506 1505 δέ
1516 1443 1546 1504 τδ
1558 1443 1652 1504 τούτου
1664 1445 1763 1522 perilot,
1781 1446 1803 1504 al

231 1543 416 1605 subindicavit
424 1542 516 1602 dioens
527 1566 534 1598 τ
545 1542 655 1601 Solvite
669 1542 808 1621 templum
819 1543 885 1613 troc,
903 1555 931 1600 et
944 1545 977 1602 iu
1028 1534 1096 1602 θεὸς
1104 1526 1137 1607 ἦν
1148 1535 1242 1596 &ludov
1254 1538 1348 1596 οἰκῶν·
1360 1535 1428 1617 ἅπερ
1438 1534 1575 1618 &pedm
1584 1533 1697 1615 ᾐνίξατο
1711 1532 1802 1594 tinio·

231 1638 324 1695 tribus
337 1637 438 1694 diebus
451 1637 585 1694 excitabo
599 1634 696 1691 illud:
709 1632 783 1711 quod
794 1632 895 1691 Paulus
910 1631 978 1693 dicit
1030 1627 1135 1688 Λύσατε
1147 1629 1192 1689 τδν
1205 1629 1266 1690 υαδν
1277 1636 1377 1703 τοῦτον,
1390 1629 1437 1688 καὶ
1454 1631 1481 1688 έν
1499 1628 1586 1711 τρισὶν
1596 1626 1713 1709 ἡμέραις
1725 1628 1802 1709 έγερῧ

231 1744 285 1784 non
298 1748 416 1808 parvum
428 1746 485 1785 esse
501 1724 655 1784 diuinitatis
674 1724 795 1804 signum,
810 1723 854 1782 his
869 1724 977 1783 verbis:
1030 1720 1120 1781 αὐτόν·
1140 1721 1207 1804 ὅπερ
1231 1722 1277 1783 καλ
1290 1725 1305 1781 ὁ
1320 1725 1427 1791 Παῦλος
1446 1725 1476 1782 οῦ
1495 1721 1590 1803 μικρὸν
1611 1710 1682 1781 εἶναι
1697 1720 1803 1800 σημεῑέε
1838 1752 1840 1779 :

79 1820 147 1866 nom.
164 1835 183 1867 1·
197 1822 221 1880 t·
237 1818 527 1897 Quipraedestr'uutus
536 1830 581 1876 est
591 1817 688 1875 Filius
702 1817 802 1874 Dedin
812 1819 978 1874 virtutese-
1029 1836 1094 1892 φησι
1115 1813 1252 1888 θεάτητος,
1274 1813 1344 1875 οῦτοι
1368 1813 1468 1894 λέγων·
1492 1815 1549 1873 Τοῦ
1568 1811 1721 1894 ὁρισθέντος
1742 1812 1803 1873 M

77 2214 149 2255 loun.
159 2225 186 2256 1²

232 1911 361 1968 cumbum
373 1909 512 1989 Spiritum
528 1908 784 1990 sanctificationis,
802 1928 839 1965 er
851 1927 978 1966 resurre-
1030 1908 1136 1967 Θευῦέν
1152 1906 1261 1985 δυνάμει
1274 1906 1344 1967 κατὰ
1355 1907 1467 1986 Πνεῦμα
1480 1903 1627 1987 ἁγιωσύνης
1643 1902 1672 1973 δέ
1687 1902 1802 1965 άναοτά·

232 2007 329 2062 otioue
341 2015 520 2063 mortuorum
527 2002 722 2062 Jesuctrtsu.
735 2002 825 2059 Curet
836 1999 924 2059 illicet
933 1999 979 2059 hio
1031 2020 1097 2066 σεως
1106 2002 1204 2081 νεκρῶν
1215 1997 1303 2071 Ἰησοῦ
1315 2000 1439 2079 Χριστοῦ.
1454 1995 1533 2057 Διατί
1547 1995 1575 2057 δὲ
1587 1995 1636 2056 καλ
1647 1999 1702 2055 latet
1712 1992 1758 2056 uei
1766 1998 1802 2056 le

231 2108 259 2153 et
271 2095 371 2175 ubique
390 2095 443 2155 hoc
458 2095 566 2174 signum
590 2092 649 2171 dat,
673 2093 755 2153 modo
773 2093 878 2169 dicens,
902 2095 978 2152 Cum
1029 2094 1114 2149 ταῦθσ
1126 2097 1202 2149 τοῦτο
1217 2089 1308 2148 δίδωσι
1320 2098 1441 2167 σημεῖον,
1458 2089 1506 2149 καλ
1519 2094 1675 2169 πανταχοῦ,
1692 2092 1737 2147 νῦν
1756 2085 1801 2167 plu

191 2244 197 2256 ,
232 2188 381 2247 exaltatum
386 2189 478 2268 fuero
485 2213 496 2256 ;
510 2198 548 2264 et,
563 2186 855 2264 Cumflexaltaoerr'tis
865 2186 977 2244 Filium
993 2189 1012 2238 C
1030 2180 1123 2258 λέγων,
1135 2181 1221 2242 Ὅταν
1235 2184 1346 2261 ὑψωθῶ,
1363 2178 1528 2256 καί,”οταν
1541 2178 1668 2261 θψῶοητε
1686 2178 1800 2241 τδιλῖδι
1837 2194 1840 2243 i

77 2274 116 2320 ³¹·
126 2273 222 2323 ‘¹8³⁸-
232 2279 371 2351 bominis,
388 2290 457 2337 tuuc
468 2280 645 2357 cognoscetis
659 2281 730 2358 quio
741 2298 793 2357 ogo
804 2297 884 2345 sum,·
896 2276 978 2337 modo
1029 2278 1075 2332 τοῦ
1086 2271 1233 2356 ἀνθρώπω,
1242 2271 1302 2333 τότε
1312 2270 1444 2353 γνώσεσθε
1454 2271 1495 2333 άτι
1506 2269 1559 2352 ἐγώ
1569 2274 1639 2351 εἰμι·
1649 2279 1696 2333 νῦν
1709 2270 1752 2347 δέ,
1763 2272 1800 2331 (ll
1837 2306 1840 2339 η

91 2391 220 2437 aarum
232 2383 334 2447 autem,
350 2371 391 2428 Et
411 2372 526 2449 siguum
539 2388 598 2425 non
618 2368 738 2427 dabitur
751 2371 847 2439 vobis,
869 2371 926 2426 nisi
937 2372 977 2427 si·
1030 2364 1167 2437 δοθήσεται
1180 2370 1241 2444 ὑμῖν
1254 2373 1373 2443 σημεῖον,
1391 2367 1414 2423 εἰ
1435 2362 1474 2444 μὴ
1484 2363 1516 2423 τὸ
1528 2371 1638 2443 σημεῖον
1651 2363 1746 2424 ’lusum
1758 2360 1800 2423 ul
1837 2400 1840 2435 η

79 2449 118 2511 39.

229 2483 320 2541 gnum
333 2464 435 2529 Jouae;
446 2474 526 2539 atque
541 2458 586 2518 bic
600 2480 719 2536 rursum,
728 2463 766 2516 In
774 2462 866 2519 tribus
876 2460 977 2520 diebus
1029 2459 1140 2517 ἐνταῦθα
1150 2457 1305 2519 πάλιν·Ἔν
1317 2456 1403 2540 τρισὶν
1415 2456 1529 2540 ἡμέραις
1542 2459 1626 2539 ἐγερῶ
1637 2454 1799 2530 αὖτάνεὋτι
1836 2496 1840 2527 η

229 2556 364 2612 excitabo
389 2553 484 2611 tttndr
506 2552 578 2624 Quia
604 2551 657 2610 boo
679 2551 798 2611 maxime
817 2566 976 2631 argumento
1028 2554 1104 2611 τοῦτο
1120 2550 1237 2630 μαλιστα
1247 2542 1280 2625 ἦν
1293 2550 1450 2614 τδδευινάον
1464 2551 1600 2610 αθτδνώιι
1617 2551 1683 2610 ὄντα
1700 2550 1798 2633 trop*
1835 2584 1840 2621 η

230 2643 421 2704 ostendebatur
439 2644 530 2725 ipsum
554 2665 607 2703 uon
630 2665 686 2704 esse
705 2666 807 2725 purum
827 2644 975 2721 bominem,
1027 2667 1075 2702 που
1094 2644 1181 2724 ψιλὸν,
1201 2644 1232 2703 τὸ
1253 2645 1396 2718 δυνηθῆναι
1415 2640 1486 2704 κατὰ
1504 2647 1551 2703 τοῦ
1571 2641 1686 2703 θανάτων
1707 2646 1797 2716 στῆσαι
1835 2678 1840 2715 η

230 2734 303 2815 quod
316 2751 405 2818 posset
416 2735 545 2798 adversus
558 2749 672 2797 mortem
680 2750 812 2817 tropaeum
826 2735 936 2815 erigere,
944 2756 976 2796 ae
1027 2733 1161 2816 τρόπαιον,
1174 2734 1406 2814 τδτλντυραννίδα
1417 2738 1496 2796 αὐτοῦ
1504 2734 1552 2809 την
1564 2733 1684 2816 μαειρδν,
1696 2732 1744 2794 aei
1756 2732 1796 2795 etr
1834 2758 1840 2805 ι

231 2828 390 2891 diuturnam
402 2829 478 2890 illius
492 2830 666 2912 tyrannidem
688 2827 855 2907 difficileque
872 2827 975 2888 bellum
1026 2827 1143 2907 χαλετδν
1157 2826 1433 2906 καταλῦσαιιτάλιμον
1445 2826 1513 2887 οῦτοι
1528 2828 1643 2908 ταχέως.
1661 2828 1714 2889 Διὰ
1726 2826 1796 2889 sulti
1834 2868 1840 2901 η

231 2923 302 2982 illud
321 2937 378 2984 tarn
394 2925 449 2984 cito
472 2924 583 2985 solvere.
609 2922 675 2984 Ideo
697 2923 747 3002 ait,
768 2925 849 2982 Tune
870 2927 975 2982 scietis.
1027 2942 1107 2999 φησι,
1121 2918 1190 2981 Τίτε
1201 2918 1309 2980 εἴσεσθε.
1323 2918 1405 2983 Τότε·
1417 2917 1599 2998 τάτιεὍεαν
1613 2920 1795 2989 ἀναοτδςδιι·
1834 2956 1840 2993 ς

234 3019 325 3091 Turno,
341 3017 533 3098 quandonam?
548 3017 619 3077 Cum
632 3031 774 3099 postquam
794 3037 975 3093 resurrexero,
1028 3010 1795 3092 στάσωμαιτλνοῑιεουμένην,τάτεείσεσθε,άτειιαλταῦει
1834 3052 1840 3083 .

230 3109 363 3168 attraham
376 3123 464 3169 totum
477 3108 581 3187 orbern,
604 3123 668 3169 tunc
678 3108 768 3169 scietis
781 3129 825 3168 me
844 3122 875 3168 ut
889 3110 977 3167 Deum
1028 3107 1064 3172 ὥς
1079 3105 1146 3175 Θεδς
1159 3104 1206 3164 καὶ
1219 3108 1289 3166 Θεοῦ
1303 3104 1367 3172 itt<
1377 3104 1482 3185 γνήσιος
1494 3103 1610 3182 ὀπυίων,
1621 3105 1733 3167 &tuus
1752 3102 1795 3177 sit
1834 3142 1840 3175 η

231 3215 258 3261 et
270 3223 364 3261 rerum
374 3202 426 3261 Dei
447 3201 550 3261 Filium
568 3200 597 3260 id
615 3202 717 3278 secisse,
737 3199 773 3260 ad
794 3199 977 3261 ulciscendam
992 3204 1011 3251 1)
1028 3200 1065 3265 εἰς
1085 3197 1128 3257 τδν
1142 3197 1254 3279 Πατέρα
1272 3197 1358 3281 θάριν.
1382 3202 1408 3260 'l'
1410 3198 1420 3257 ί
1440 3199 1537 3273 δήποτε
1556 3197 1585 3259 δδ
1607 3201 1657 3259 οῦκ
1673 3188 1733 3261 εἶτε
1754 3194 1795 3259 ul
1834 3234 1840 3267 η

232 3294 307 3353 Patri
320 3294 425 3353 illatam
441 3293 641 3353 contumeliam.
657 3295 713 3353 Cur
725 3307 816 3352 autem
830 3314 883 3352 non
898 3292 976 3370 dicit,
1027 3288 1110 3350 ποίοιν
1132 3289 1249 3369 σημείων
1269 3291 1348 3373 χρεία
1362 3291 1428 3373 τρδς
1442 3291 1474 3351 τδ
1490 3296 1592 3351 παῦσαι
1613 3292 1647 3352 τδ
1666 3288 1795 3373 pulpam
1835 3328 1840 3361 :

231 3384 332 3463 quibus
345 3406 414 3466 opus
427 3399 495 3444 esset
516 3384 611 3464 signis,
626 3383 663 3443 ad
680 3383 751 3444 male
767 3385 867 3444 sactum
881 3385 977 3445 tollen·
1027 3386 1129 3457 κακῶς,
1145 3384 1203 3443 ἀλλ’
1217 3382 1393 3464 ἐπηγγείλατο
1406 3381 1499 3445 δώσειν
1515 3391 1644 3462 οημιῐονς
1656 3380 1725 3443 Ὅτι
1736 3378 1796 3443 taut-
1834 3420 1840 3459 η

232 3474 310 3553 dum,
326 3476 373 3535 sed
385 3496 414 3536 se
429 3476 538 3556 signum
548 3475 678 3535 daturum
688 3497 745 3536 esse
759 3476 898 3558 pollicitus
917 3478 977 3537 est?
1027 3497 1064 3556 νηι
1079 3472 1126 3552 μὲν
1140 3472 1172 3533 ἂν
1186 3474 1277 3543 αὐτοὺς
1294 3474 1374 3536 τλάσι
1389 3473 1542 3557 παρώξυνε,
1555 3473 1640 3555 ταύτῃ
1659 3472 1688 3536 ll
1704 3474 1796 3555 μΙλλσι
1835 3514 1840 3525 ·

232 3568 305 3641 Quia
320 3567 432 3628 sieillos
446 3569 534 3649 magis
553 3567 685 3628 irritasset
690 3593 700 3648 γ
720 3568 773 3629 boo
792 3582 883 3629 autem
895 3569 977 3629 modo
1027 3564 1199 3639 κατέπληξεν.
1213 3566 1283 3627 Ἀλλ’
1296 3568 1368 3646 ὅμως
1386 3566 1458 3627 utto
1477 3567 1543 3650 πρὸς
1561 3572 1641 3628 τοῦτο
1653 3556 1798 3627 simut
1838 3610 1840 3615 -

232 3660 320 3741 magis
344 3661 485 3720 exterruit.
501 3664 628 3721 Attamen
653 3661 724 3721 nibil
737 3659 773 3721 ad
788 3660 841 3723 hoe
863 3683 977 3744 mpon-
1027 3657 1080 3740 γὰρ
1090 3657 1174 3728 ἔδοξεν
1192 3662 1278 3727 αὐτοῖς
1291 3658 1402 3719 ἄπιστον
1420 3659 1515 3740 λέγειν,
1535 3657 1655 3720 ratoldi
1670 3660 1796 3743 ἐρωτῆσαι

232 3753 330 3813 derunt
351 3775 358 3811 ι
381 3751 527 3815 videbatur
549 3753 624 3813 enim
638 3752 695 3813 illis
719 3753 880 3815 incredibile
895 3752 977 3834 quid·
1027 3750 1176 3832 ἠνείχοντο,
1192 3753 1250 3812 ἀλλ’
1271 3754 1307 3819 ὡς
1320 3750 1446 3811 ἀθάνατον
1467 3749 1496 3811 δν
1515 3750 1699 3834 περίδρομον.
1722 3744 1797 3811 Elii

232 3842 306 3923 piam
329 3841 430 3921 dieere,
454 3862 504 3901 nec
526 3841 599 3901 ultra
624 3842 791 3923 interrogare
817 3844 977 3921 valuerunt;
1026 3845 1086 3900 νοῦν
1097 3832 1178 3921 εἶχαν,
1199 3845 1223 3900 rt
1240 3840 1286 3901 uui
1306 3840 1365 3900 τότε
1380 3841 1491 3902 άτιστσι
1510 3840 1597 3910 έδοξεν
1612 3844 1704 3909 αὐτοῖς
1721 3832 1798 3915 εἶναι,

232 3947 258 3993 ει
278 3933 357 4014 quasi
373 3954 415 3993 res
430 3932 491 3993 fieri
511 3952 565 3992 non
585 3947 686 4014 posset,
707 3935 819 3995 missam
837 3935 915 3995 illam
937 3936 977 3996 se-
1027 3935 1072 3996 άτε
1086 3931 1217 3995 τὰπολλὰ
1230 3933 1338 4007 ἐποίησε
1357 3943 1471 4012 σημεῖα,
1489 3933 1549 3995 τότε
1569 3933 1601 3994 ἂν
1617 3934 1797 4018 προσελθάιαε

232 4040 334 4085 cerunt.
356 4024 437 4099 Quod
455 4025 479 4085 si
495 4038 585 4085 mute
605 4024 764 4103 valuissent,
785 4028 889 4089 etiamsi
906 4028 977 4090 illud
1028 4027 1180 4109 ἠρώτησαν,
1189 4026 1250 4088 τάτε
1263 4025 1295 4086 δν
1309 4025 1424 4100 ἠξίωσαν
1436 4025 1484 4100 τὴν
1496 4027 1609 4113 ἀπορίαν
1621 4031 1713 4097 αὐτοῖς
1719 4030 1797 4099 λυθῶ·

233 4116 391 4177 incredibile
401 4114 539 4179 videretur
554 4137 619 4194 esse,
636 4131 781 4198 postquam
799 4119 886 4179 multa
900 4121 976 4201 signa
992 4124 1010 4172 Ε
1028 4144 1087 4180 ναι·
1098 4121 1158 4181 ἀλλ’
1168 4119 1275 4194 άνάητοι
1285 4119 1373 4195 ὄντες,
1385 4130 1440 4188 τοῖς
1451 4119 1499 4200 μέν
1513 4123 1567 4182 οὐδ’
1579 4121 1649 4193 ὅλως
1663 4131 1797 4206 προσεῖχεν

232 4209 340 4287 fecerat,
363 4223 428 4270 tunc
447 4209 655 4290 interrogassent
676 4210 766 4283 illum,
790 4225 856 4272 tune
875 4215 977 4294 precati
1027 4217 1080 4273 τῶν
1090 4212 1247 4292 λεγομένων,
1263 4211 1297 4273 rt
1315 4212 1344 4272 δὲ
1359 4211 1426 4292 μετὰ
1439 4221 1558 4294 πονηρῶς
1568 4214 1666 4288 ἤκουον
1679 4214 1798 4281 διανοίη

233 4301 346 4360 fuissent
358 4315 388 4360 ut
401 4302 512 4362 illorum
520 4302 720 4363 dubitrtionem
730 4304 861 4382 solveret;
877 4305 923 4366 sed
933 4306 978 4367 in·
1029 4305 1078 4365 Διδ
1094 4305 1164 4364 reio
1175 4305 1288 4388 Χριστὸς
1305 4306 1507 4387 αἰνιγματωδῶς
1521 4307 1588 4388 πρὸς
1601 4305 1700 4376 αὐτοῦς
1710 4306 1799 4389 teutf-

195 4380 204 4395 ⁰
234 4391 292 4450 sani
304 4413 367 4450 cum
379 4407 481 4469 essent,
498 4394 560 4453 aliis
571 4394 653 4456 dictis
666 4416 700 4455 ne
712 4396 857 4457 minimum
866 4398 977 4477 quidem
1028 4423 1096 4478 γετο.
1108 4397 1188 4458 ’tutu
1197 4397 1228 4457 τδ
1237 4398 1393 4477 ζητούμενον
1405 4398 1489 4460 ἐκεῖνά
1502 4401 1576 4474 ἐστι,
1585 4404 1677 4466 τῶςοὶ
1687 4393 1800 4477 putaui

232 4483 420 4544 attenderant:
432 4484 485 4543 alia
498 4506 632 4547 verorum
644 4488 974 4551 malamenteaudiebant.
1028 4494 1095 4552 ‘oda
1108 4489 1226 4569 ᾔδεισαν,
1242 4488 1283 4549 δτι
1304 4492 1342 4551 δεῖ
1357 4490 1435 4550 αὐτὸν
1451 4493 1481 4549 lx
1494 4494 1547 4547 τῶν
1563 4493 1665 4571 νεκρῶν
1685 4492 1801 4563 ἀναστῆ-

234 4576 352 4656 Ideoque
362 4576 660 4657 Christusaenigmatiee
670 4580 737 4661 ipsis
746 4580 914 4661 loquebatur.
923 4582 978 4642 Sed
1028 4607 1087 4657 ναι,
1100 4581 1165 4642 Ὅτι
1186 4581 1260 4642 οὗτοι
1279 4586 1327 4654 τῆς
1351 4586 1397 4641 τοῦ
1411 4578 1569 4659 Πνεύματος
1590 4571 1661 4655 ἦσαν
1676 4580 1804 4657 κατηξιεε·

233 4667 308 4750 quod
317 4670 375 4750 jam
390 4668 529 4748 quaritur,
543 4669 595 4729 hoe
608 4685 657 4742 est,
665 4692 714 4730 eur
721 4672 852 4754 discipuli
864 4695 917 4733 non
928 4694 976 4733 no·
1030 4675 1114 4743 θέντες
1134 4674 1251 4755 χάριτος.
1274 4674 1323 4733 Διδ
1338 4677 1454 4753 συνεχῶς
1472 4671 1532 4741 τοὺς
1551 4674 1615 4756 περὶ
1638 4675 1806 4743 ἀναστάσιας

232 4763 321 4823 verint
334 4762 423 4843 ipsum
436 4782 452 4820 a
464 4762 577 4821 mortuis
585 4778 799 4824 resurrecturum
810 4766 889 4826 esse?
903 4766 975 4839 Quia
983 4807 1021 4848 ω
1031 4768 1167 4837 ἀκούοντες
1178 4768 1286 4848 λόγους,
1305 4768 1378 4828 οὐδὲν
1399 4764 1532 4842 συνίεσαν,
1550 4767 1621 4828 ἀλλὰ
1635 4768 1808 4852 διιλογίζσστυ

233 4856 355 4917 nondum
370 4854 489 4937 Spiritus
503 4854 590 4934 gratia
601 4855 707 4935 dignati
723 4859 836 4918 fuerant.
851 4860 976 4941 Quapro-
993 4871 1012 4911 Α
1029 4865 1088 4923 καθ’
1105 4859 1227 4933 έαυτοῦς,
1240 4860 1267 4919 τί
1280 4884 1345 4921 ποτε
1357 4860 1434 4922 τοῦτό
1448 4864 1515 4923 ἐστι.
1530 4861 1584 4923 tut
1593 4861 1648 4946 γδρ
1657 4860 1730 4924 σολῦ
1742 4861 1809 4933 ξένοι

232 4966 293 5033 pter
310 4949 345 5010 de
360 4947 553 5009 resurreetione
571 4947 722 5026 frequenter
740 4951 887 5032 audientes,
906 4953 977 5013 nibil
1030 4954 1075 5014 καὶ
1091 4951 1236 5035 παράδοξον
1248 4945 1280 5026 ἦν
1291 4953 1322 5012 τδ
1334 4951 1486 5032 λεγόμενον,
1499 4954 1531 5014 τδ
1543 4955 1638 5016 έαυτάν
1657 4979 1722 5016 τινα
1736 4954 1811 5018 utor-

264 5148 276 5183 Ι)
295 5147 473 5215 [προσιστάμενα
483 5140 560 5195 sarit.
573 5154 599 5197 et
610 5141 676 5195 cod.
686 5144 757 5212 tou]
1043 5147 1341 5221 706etnrelrsptr001nlru
1354 5145 1429 5222 iidem
1441 5164 1501 5200 cum
1516 5138 1583 5201 Cod.
1593 5148 1646 5199 705
1658 5152 1815 5221 unauna]

261 5242 273 5266 ε
292 5222 378 5277 biotel.
392 5227 430 5276 οὖιι
443 5224 501 5289 εἶχεν
512 5224 600 5276 εἰδέναι.
611 5220 701 5288 [Paulo
718 5234 777 5276 aule
788 5222 864 5279 Satll.
879 5235 903 5276 et
919 5225 985 5277 Cod.
