3750 5940
53 460 56 479 .
84 430 230 481 nxxxtu.
255 406 305 480 nl.
329 428 460 481 uxxrr.
782 408 855 484 565

105 574 202 637 nempe
215 553 372 637 tyrannidis
381 551 574 636 suspicionem,
589 553 627 614 itu
644 555 738 617 toltit.
755 558 853 617 Annon

53 717 55 730 Ι
104 666 219 727 regnum
231 645 334 707 subrini
350 644 387 707 de
401 645 454 706 hoo
467 643 571 706 mundo
585 644 644 705 etti
656 646 728 707 Sane
740 646 853 728 quidem

53 789 54 797 ,
105 755 153 801 ett.
169 740 326 818 Quomodo,
337 762 402 823 ergo
410 739 460 820 ait,
475 743 545 802 Non
560 747 623 801 est?
641 742 703 802 Non
721 741 852 823 quoditie

60 856 159 920 ⁴⁹⁶non
171 835 296 918 imperet,
314 834 363 895 sed
380 830 456 915 quod
476 834 558 894 diam
579 833 608 894 in
625 834 692 895 etelo
707 834 852 917 imperium

68 937 88 981 tt
104 929 238 1006 obtineat,
252 929 300 990 sed
312 927 384 989 iliud
396 940 502 989 nonest
517 926 854 1005 humanum-emmim-

53 1027 54 1036 ’
104 1044 137 1105 ge
150 1025 238 1107 majus
251 1044 283 1084 ae
297 1023 476 1105 splendidius.
487 1021 518 1083 Si
537 1022 637 1104 majus,
655 1022 792 1104 quomodo
802 1044 852 1085 en-

104 1130 166 1199 ptus
182 1130 222 1176 est
235 1115 348 1176 abillo?
363 1116 466 1198 Sponte
480 1129 507 1176 et
523 1114 646 1197 seipsum
662 1114 781 1177 trudeus.
795 1119 854 1180 Ve-

102 1231 164 1270 rum
180 1209 235 1269 hoe
249 1223 308 1269 tum
330 1230 385 1269 nou
401 1209 512 1284 revelat,
530 1206 578 1268 sed
603 1206 672 1289 quid
690 1208 751 1270 eit?
771 1209 804 1271 δι’
814 1232 853 1270 ex

53 1327 55 1366 ;
103 1300 159 1358 loc
174 1299 283 1358 mundo
296 1318 398 1371 essem,
415 1300 544 1358 ministri
562 1300 620 1356 mei
632 1300 734 1378 utique
754 1298 853 1359 deren

102 1404 212 1463 tarent,
229 1403 263 1451 ut
279 1412 339 1450 nort
350 1382 492 1451 traderer.
507 1389 559 1450 ilie
571 1388 689 1450 ostendit
701 1390 779 1471 regni
798 1404 854 1453 ter·

101 1484 158 1543 reni
172 1482 397 1561 imbecillitatem,
412 1481 488 1564 quod
503 1481 532 1542 in
552 1481 684 1543 ministris
692 1495 853 1564 potestatem

101 1574 199 1635 hubent
213 1598 220 1634 ε
235 1596 385 1658 supernum
412 1588 505 1636 eutem
523 1594 639 1655 mgnum
664 1572 720 1635 sibi
740 1574 852 1656 srrffioit,

101 1669 230 1749 nulloque
242 1690 311 1751 opus
329 1669 419 1729 habet.
436 1667 508 1729 Hinc
519 1688 613 1728 susam
625 1666 786 1750 diripientes
795 1668 852 1729 1η-
870 1692 885 1738 n

102 1761 190 1833 retici,
199 1762 318 1822 alienum
327 1761 418 1843 ipsum
424 1759 542 1822 dieunta
554 1761 689 1822 Creatore.
701 1761 778 1837 Quid
785 1782 851 1844 ergo
861 1770 885 1800 Ν

68 1853 163 1914 Bcum
176 1853 253 1931 dicit,
274 1859 313 1914 Io
330 1859 451 1937 propria
472 1860 576 1916 uenit?
596 1854 663 1936 quid
683 1878 746 1918 eum
762 1860 851 1919 :Non
862 1885 885 1928 11

101 1948 851 2031 suntdemundo,sioutegononsumdemundoisie
861 1948 885 1993 ¹⁶

100 2051 127 2096 et
138 2058 338 2119 regnumsuum
347 2039 416 2101 dicit
425 2061 479 2101 non
490 2040 557 2102 hine
568 2062 636 2121 esse,
648 2062 703 2102 non
716 2042 851 2105 mundum
864 2024 871 2055 ¹

100 2131 212 2211 privans
218 2132 389 2214 providentia
400 2154 450 2193 sus
460 2146 488 2193 et
499 2133 615 2216 imperio
626 2155 686 2210 suo,
700 2135 750 2197 sed
762 2150 852 2198 osten·

100 2222 175 2302 dens,
199 2238 229 2285 ut
249 2225 319 2305 dixi,
341 2247 396 2287 non
421 2226 571 2288 humanum
595 2228 641 2290 vel
656 2228 765 2291 fluxum
783 2252 850 2293 esse.

101 2315 177 2389 Quid
186 2337 251 2397 ergo
260 2317 384 2379 Pilutus?
393 2321 443 2380 ot.
457 2322 538 2402 Ergo
547 2321 652 2395 detes
661 2324 713 2381 tri?
723 2323 852 2405 Respon-

100 2410 144 2468 dit
157 2411 254 2487 Iesus,
266 2412 310 2471 Tu
324 2412 408 2485 diois,
421 2415 493 2494 quia
507 2414 571 2472 Rex
582 2432 658 2474 rum.
676 2416 743 2497 Ego
753 2417 853 2477 indue

102 2516 190 2563 notus
201 2525 274 2565 sum.
291 2505 557 2587 singultuosus
571 2520 622 2584 est,
637 2507 788 2571 muntium
797 2510 852 2571 eliu

99 2596 190 2655 omnis
210 2610 289 2656 natus
309 2610 368 2657 est:
384 2597 508 2678 nihilque
524 2597 606 2660 habet
616 2599 691 2680 quod
705 2602 850 2684 tooqrerit.

99 2690 194 2767 ltaque
207 2710 270 2748 eum
280 2689 369 2765 audis,
382 2691 464 2751 Sicut
477 2693 573 2752 Pater
588 2693 680 2753 tabet
696 2696 796 2753 uitam
818 2698 852 2754 in
864 2712 885 2759 tt

100 2785 267 2862 semetipso:
280 2786 324 2842 ita
336 2783 416 2842 dedit
428 2795 458 2843 et
470 2784 551 2842 Filio
565 2786 663 2844 uitam
675 2786 796 2861 haim,
807 2786 851 2847 ui·

101 2872 228 2934 lriialiud
241 2895 324 2954 quam
342 2875 543 2955 generationem
560 2873 708 2956 intelligas.
731 2876 766 2936 ln
787 2876 851 2938 eliis

66 2973 209 3044 equoque
223 2965 356 3025 similiter.
382 2966 475 3027 Erad
487 2968 543 3028 doe
562 2971 645 3042 vetti,
665 2980 699 3029 ut
719 2972 851 3030 testimo-

102 3063 183 3117 nium
191 3061 362 3139 perhibeam
369 3063 492 3120 urmtati
498 3087 509 3132 ,-
520 3059 628 3138 hotest,
642 3060 744 3124 Utitur
755 3062 851 3144 ipsunt

100 3150 212 3211 domam
226 3171 326 3229 omnm,
335 3164 362 3211 et
375 3150 443 3234 ipsis
456 3149 592 3212 madum.

141 3260 170 3319 5.
184 3259 229 3317 Tu
246 3279 311 3319 vero
323 3255 512 3330 haeceudiens,
530 3278 563 3317 ar.
583 3256 733 3318 Dominum
750 3258 851 3323 ridens

101 3353 225 3414 vinetum
238 3367 265 3412 et
275 3352 480 3430 circumactum,
489 3351 630 3435 praeseutis
643 3351 713 3412 miril
721 3373 779 3415 esse
792 3354 851 3415 exi·

100 3447 202 3507 stimes.
212 3446 358 3521 Quomodo
367 3445 442 3507 enim
451 3467 504 3507 non
514 3444 666 3507 absurdum
676 3447 769 3527 suerit,
787 3468 851 3510 eum

100 3543 224 3603 Christus
243 3556 283 3603 tot
302 3554 430 3623 tantaque
446 3555 556 3624 propter
579 3554 606 3602 te
627 3540 663 3602 sit
687 3564 793 3625 pessus
816 3565 852 3606 ne

100 3637 181 3698 verba
192 3635 302 3717 quidem
316 3658 386 3719 saepe
398 3637 469 3696 ferre
478 3636 574 3718 posse?
587 3634 642 3697 Sed
656 3636 704 3698 ille
716 3639 844 3721 ronspui·

100 3745 153 3809 tur,
170 3746 199 3792 tu
214 3746 241 3792 te
253 3728 616 3806 ornasvestibusetuunulis,
631 3743 657 3789 et
672 3729 695 3790 si
716 3731 849 3792 uonbono
867 3759 885 3802 E

99 3827 170 3886 sama
183 3827 256 3907 apud
271 3847 364 3886 omnes
379 3825 487 3899 fruaris,
501 3844 555 3883 uon
576 3822 688 3884 vitalem
700 3822 787 3884 titum
798 3845 848 3905 pu·
859 3823 885 3866 ⁰¹

101 3935 150 3981 tas.
178 3920 227 3980 llio
250 3918 403 4001 opprobriis
428 3917 579 4000 impetitur,
599 3915 712 3975 dicterio
739 3915 846 3991 tolerat,
858 3962 885 4008 ⁰!

100 4027 192 4096 turpes
206 4013 233 4071 in
245 4012 356 4072 maxilla
369 4012 480 4093 plagam
494 4023 524 4068 tu
536 4030 640 4090 semper
648 4008 677 4068 in
690 4007 794 4069 bonore
805 4008 849 4070 vis

67 4104 85 4149 ⁰
101 4130 166 4183 esse,
182 4128 228 4166 nec
239 4106 292 4165 sors
305 4102 472 4187 vituperium
483 4101 594 4162 Christi.
610 4101 670 4163 Non
683 4099 763 4161 audis
777 4102 848 4162 Pau-

102 4201 159 4259 lum
174 4200 306 4258 <licentem
321 4222 328 4255 ι
341 4200 510 4256 imitatores
523 4198 581 4254 mer'
595 4207 697 4268 estote,
722 4197 798 4254 sicut
820 4206 884 4254 etr.

101 4316 154 4374 ego
166 4296 296 4354 Christi?
308 4292 377 4350 Cum
401 4310 464 4370 ergo
487 4301 514 4348 te
529 4286 665 4368 quispiam
685 4285 850 4366 traduxerit,
862 4279 884 4315 ¹·

102 4385 241 4444 recordare
264 4381 375 4443 Domini
386 4381 436 4455 tui,
450 4400 530 4459 quem
551 4377 669 4439 ridentes
686 4376 849 4458 adombtnt,

102 4479 192 4538 verbis
203 4490 227 4536 et
236 4473 541 4549 rebusdehouestobant,
548 4490 728 4553 magnamque
736 4470 850 4531 exhdte·

102 4570 168 4629 lunt
178 4568 307 4646 ironiam3
322 4567 370 4627 ille
378 4586 444 4635 vero
459 4585 512 4625 non
526 4562 608 4625 modo
620 4562 710 4626 vicem
724 4583 777 4623 non
788 4561 850 4623 red·

101 4663 194 4739 debut,
204 4661 251 4721 sod
264 4658 405 4737 contraria,
426 4655 670 4733 mansuetudinem,
683 4655 853 4716 clementium

102 4757 257 4818 exhibebat.
270 4755 386 4814 Huncet
400 4772 449 4812 nos
460 4750 598 4811 imitemur
613 4772 620 4808 ε
638 4749 678 4810 sie
691 4748 763 4810 enim
773 4761 851 4831 pote·

102 4852 187 4912 rimus
195 4848 267 4909 omni
278 4844 425 4928 ignominia
437 4843 559 4904 liberari.
568 4843 630 4903 Non
640 4841 714 4902 enim
727 4840 775 4922 qui
788 4860 853 4901 oon-

103 4944 228 5015 viciatur‚
244 4940 291 5001 sed
305 4939 353 5020 qui
367 4939 472 5020 dejecto
485 4950 525 5000 est
538 4935 629 4997 animo
642 4948 669 4995 et
680 4933 764 5010 dolet,
779 4933 853 5015 inju-

65 5054 85 5102 tt
104 5036 152 5097 riis
166 5033 313 5095 dationum
328 5044 368 5111 ut,
390 5031 444 5091 iliae
463 5028 604 5091 mordeant
624 5040 652 5088 et
670 5037 804 5110 pungant.
820 5022 852 5085 si

122 5244 132 5267 ι
149 5223 238 5275 liutei.
252 5228 304 5275 etl*
317 5227 342 5275 oi
355 5223 472 5275 tuiinttr.
