3750 5940
69 364 203 469 iixvu.
230 389 279 459 al.
310 410 424 461 nsxtt.
447 444 462 453 .
524 430 528 439 ·
781 390 851 464 525

107 555 156 615 per
164 534 306 594 avaritiam
320 534 463 619 eolligunt,
477 534 513 597 ad
525 534 722 618 eleemosynam
734 552 797 598 sunt
807 538 853 620 pi·

107 627 149 708 gri
165 652 171 684 :
190 648 252 688 nam
274 627 323 708 qui
343 627 383 688 ita
396 626 498 691 lucrari
518 627 626 707 didicit,
640 628 793 712 expendere
807 649 854 690 ne·

106 718 165 778 soit.
183 720 327 793 Quomodo
340 720 413 780 enim
429 723 468 781 sie
484 719 522 782 ad
541 719 664 801 rapinam
682 735 803 803 paratus,
818 720 854 780 ad
907 781 909 784 Α

106 814 271 873 eontrarium
287 836 314 873 se
328 812 569 894 conve1·terit?qui
586 813 674 873 aliena
694 813 777 895 rapit,
788 835 857 893 quo·

107 906 188 967 modo
201 929 249 965 sua
264 906 312 966 alii
330 905 427 967 dabit?
439 905 547 967 Etenim
564 907 638 967 canis
660 905 707 985 qui
728 905 855 967 carnibus

112 998 186 1057 vesei
198 999 326 1075 assuevit,
335 1020 387 1059 non
400 1000 470 1059 ultra
482 1012 567 1081 potest
580 1020 687 1080 gregem
702 997 855 1066 custodire:

108 1088 168 1149 ideo
188 1112 232 1150 eos
253 1091 299 1169 qni
319 1090 478 1172 hujusmodi
498 1105 562 1151 sunt
584 1105 704 1173 pastores
722 1102 851 1150 mactant.

109 1182 190 1254 Quod
203 1205 238 1242 ne
248 1205 297 1242 nos
310 1184 391 1242 otiam
405 1184 575 1264 patiamur,a
587 1184 636 1242 tali
651 1183 713 1242 oibo
722 1183 856 1243 alutinen-

111 1298 179 1335 mus.
192 1279 261 1335 Nam
274 1276 303 1335 hi
318 1277 445 1337 carnibus
463 1291 618 1355 vescuntur,
632 1277 679 1355 qui
698 1298 746 1359 per
759 1278 858 1337 samem

111 1384 224 1429 mortem
236 1367 377 1429 inducunt.
385 1369 531 1430 Nonvides
541 1369 676 1449 quomodo
684 1369 774 1429 omnia
782 1391 857 1429 eom·

112 1461 203 1521 munia
215 1461 294 1521 nobis
307 1464 381 1521 Deus
394 1460 535 1543 permisit?
543 1465 614 1521 Nam
623 1463 646 1521 si
660 1484 791 1544 pauperes
801 1484 859 1522 esse

74 1551 92 1598 C
111 1553 242 1634 permisit,
254 1552 282 1612 id
296 1553 323 1612 in
338 1553 459 1614 divitum
475 1555 590 1635 gratiam
615 1555 686 1629 feeit,
701 1568 731 1614 ut
751 1568 861 1636 possent

109 1667 159 1725 per
171 1646 369 1728 eleemosynam
386 1658 495 1726 peecata
510 1646 653 1727 deponere.
670 1646 716 1705 Tu
730 1667 794 1706 vero
807 1645 859 1705 hac

112 1738 139 1796 in
155 1760 183 1796 re
200 1737 317 1798 crudelis
329 1753 356 1797 et
366 1738 531 1798 inhumanus
540 1760 575 1798 es.
590 1738 672 1798 Unde
683 1738 771 1819 liquet
784 1751 820 1815 te,
835 1739 859 1799 si

112 1829 139 1887 in
154 1829 303 1910 majoribus
315 1829 385 1889 hanc
399 1829 512 1889 haberes
524 1843 691 1910 potestatem,
705 1831 860 1890 innumeras

112 1920 295 1980 admissorum
314 1921 408 1997 cades,
423 1936 449 1981 et
468 1923 556 1982 lucem
571 1923 711 2001 vitamque
733 1922 859 1982 omnibus

113 2013 322 2073 interclusurum
343 2015 435 2075 luisse.
450 2013 532 2089 Quod
547 2036 580 2074 ne
596 2015 682 2093 fieret,
697 2013 860 2074 insatiabili-

112 2107 160 2166 tati
180 2108 227 2167 tali
246 2107 321 2166 viam
339 2106 472 2188 praecidit.
496 2107 580 2183 Quod
597 2108 621 2167 si
642 2107 702 2166 hmo
719 2105 861 2168 audientes

111 2219 181 2278 agre
202 2199 288 2277 sertis,
300 2199 386 2259 marlto
408 2199 496 2280 magis
520 2220 579 2280 ego,
591 2199 639 2279 qui
659 2198 719 2258 haee
742 2198 859 2260 videam.

111 2290 259 2368 Quousque
271 2304 301 2349 tu
313 2290 402 2367 dives,
415 2291 461 2350 ille
474 2313 578 2373 pauper
586 2290 655 2350 erit?
663 2292 762 2377 Usque·
769 2266 804 2350 ad
814 2312 860 2352 ve·

112 2381 356 2462 speram:ulterius
373 2403 425 2442 nou
448 2381 520 2441 licet.
535 2381 609 2441 Adeo
625 2379 699 2442 enim
711 2380 804 2442 brevis
821 2379 878 2442 est'

75 2473 179 2545 onita,
196 2489 222 2534 et
236 2475 326 2534 omnia
336 2477 395 2556 jam
414 2474 442 2534 in
453 2474 545 2556 januis
560 2487 635 2551 suut,
651 2488 681 2534 ut
695 2473 862 2535 brerishora

113 2565 202 2624 omnia
216 2564 397 2625 existimanda
408 2565 470 2626 sint.
482 2564 558 2641 Quid
570 2565 621 2624 tihi
632 2586 700 2646 opus
712 2578 753 2625 est
762 2565 862 2626 redun-

112 2655 193 2716 dante
215 2678 307 2739 ponu,
336 2657 403 2736 quid
430 2679 570 2719 servorum
596 2670 622 2716 et
645 2654 861 2737 dispensatorum

109 2751 209 2831 grege?
218 2772 267 2809 eur
281 2771 334 2809 uon
347 2749 437 2831 potius
449 2749 500 2809 tibi
514 2749 589 2810 mille
602 2749 776 2830 eleemosyna
790 2769 862 2830 prae-

112 2861 190 2899 conos
201 2842 358 2922 comparas?
366 2843 454 2901 Penus
467 2842 572 2900 nullam
586 2841 684 2901 emittit
696 2861 801 2915 vocem,
812 2840 861 2901 sed

111 2934 182 2992 sures
191 2934 290 2993 multos
300 2933 386 2994 allicit
394 2958 400 2991 :
406 2955 714 3015 penusveropauperum
726 2931 762 2992 ad
771 2936 860 2994 Deum

112 3027 201 3108 ipsum
216 3026 346 3105 ascendit,
360 3040 519 3108 praesentem
531 3027 617 3087 vitam
629 3024 720 3085 reddit
736 3047 860 3099 suavem,

112 3121 256 3199 omniaque
276 3121 362 3180 solvet
375 3134 492 3201 peccata,
503 3143 535 3180 ae
546 3119 661 3200 gloriam
673 3117 747 3200 apud
760 3120 860 3196 Deum,

113 3215 240 3273 honorem
255 3213 329 3295 apud
345 3213 467 3273 homines
485 3214 586 3273 afferet.
600 3212 657 3272 Cur
670 3233 734 3293 ergo
747 3210 797 3271 tibi
822 3225 861 3272 tot

112 3306 182 3365 bona
195 3305 319 3366 invides?
329 3306 395 3365 Tibi
409 3304 481 3364 enim
499 3305 578 3384 longe
592 3304 678 3385 magis
689 3327 771 3384 quam
787 3326 859 3386 pau-

113 3399 223 3480 peribus
250 3398 412 3458 beneficium
431 3411 557 3479 praestas:
578 3397 633 3456 illis
654 3418 771 3477 namque
794 3418 861 3479 prae·

114 3492 198 3551 sentia
216 3490 337 3572 largiris;
358 3490 409 3550 tibi
433 3512 497 3550 vero
516 3491 636 3549 suturam
651 3491 766 3571 gloriam
780 3503 807 3550 et
822 3490 860 3551 fi-

79 3572 97 3618 3
114 3585 223 3645 dociam
239 3606 354 3667 apparas
368 3608 375 3641 ε
389 3606 473 3664 quam
486 3605 534 3643 nos
552 3605 644 3643 omnes
665 3583 770 3644 utinam
789 3603 860 3642 asse-

116 3699 240 3755 quamur,
251 3676 338 3756 gratia
359 3689 386 3735 et
404 3675 568 3755 benignitate
577 3675 687 3734 Domini
698 3675 782 3735 nostri
795 3677 860 3736 Jesu

61 3804 63 3823 ·
117 3771 283 3848 Christiani
295 3771 381 3851 gloria
398 3783 423 3829 et
439 3769 582 3851 imperium
593 3769 621 3829 in
641 3769 749 3829 saecula.
765 3769 858 3827 Amen.

61 3970 66 4002 l

104 4326 218 4383 ἐπχάτοις,
233 4321 269 4368 καὶ
282 4322 364 4368 πάντα.
