3750 5940
273 411 332 489 ἰιι
357 440 515 489 romanu
542 440 667 489 noum.
696 439 778 489 mm.
805 418 853 489 al.
880 442 953 491 uxr.
1337 429 1409 519 423

61 560 549 646 otoov,torrpoottitoaau⁰0uptv
563 556 607 626 uir
660 563 858 624 humanitatem
878 565 1091 644 exhiberet,.ut
1116 566 1205 631 diseas
1222 570 1330 633 nulium
1357 593 1415 633 esse

61 656 127 730 ιιίιη
138 700 147 729 ,
160 658 251 730 δῆλον.
263 655 343 717 ’aiud
358 657 404 717 rud
421 657 523 730 ίιιιίνην
539 656 608 724 τίνος
661 656 796 734 morbum,
807 658 855 737 qui
876 659 936 740 ejus
958 660 1105 723 bonitatem
1123 678 1241 744 superet.
1257 665 1300 725 Ne
1322 664 1413 745 itaquo

61 750 211 830 θ’Χρεστδς,
225 749 320 833 mitt
333 748 393 811 Ἵνα
408 749 475 831 λίσῃ
494 749 543 823 τὴν
558 775 607 811 κα-
660 747 713 808 hoc
733 763 838 811 tantum
859 751 990 834 respicias
1011 752 1085 833 quod
1099 753 1176 814 illam
1197 754 1349 834 admiserit,
1364 758 1412 817 sod

61 841 104 916 σλν
116 841 326 923 φιλανθρωπίαν·
337 842 382 902 ίνα
393 848 494 922 μσθῃς,
507 842 548 902 δτι
559 845 607 902 σιἰιι
626 854 644 900 n
661 852 687 898 et
708 840 780 901 illud
801 842 950 922 considera,
971 845 1107 924 quomodo
1126 846 1281 909 mutarerit.
1300 848 1338 907 m
1360 869 1412 909 cur

61 935 204 995 ιε”ιναῦτῶ
218 931 267 1006 rho
281 934 442 1014 θγαθιίιοτα.
457 934 504 1008 Μὴ
519 935 605 994 τοίνυν
661 931 731 992 hanc
748 949 878 995 memorat
902 935 1043 997 historiam
1065 927 1252 1019 evangelista?
1267 939 1322 999 imo
1345 960 1411 1002 roro

61 1051 88 1097 ς,
103 1024 146 1086 du
160 1024 282 1101 ἐδεῖαεο,
295 1025 604 1102 antrustionum,
660 1026 727 1105 quid
740 1047 789 1087 nos
800 1029 860 1089 vult
869 1029 974 1106 docere,
984 1052 1047 1092 cum
1056 1030 1094 1091 ait
1107 1055 1114 1088 ι
1127 1031 1300 1093 5.Amabat
1311 1047 1410 1093 autem

61 1117 109 1179 tu
122 1117 192 1186 πίνος
210 1118 297 1179 ίνεκεν
319 1116 534 1198 ἆἀναμιμνήσκει
558 1122 606 1192 τῆς
659 1123 746 1183 Jesus
755 1126 911 1185 Marsuam
922 1141 951 1187 et
964 1148 1093 1188 sororem
1109 1131 1182 1209 ejus,
1193 1142 1223 1189 et
1236 1131 1410 1189 damnem?

66 1215 138 1290 ἡμᾶς
152 1215 168 1270 θ
181 1211 384 1291 εὖαγγιλισσίς,
405 1211 506 1290 μᾶλλον
529 1211 557 1271 ii
578 1212 605 1272 τί
659 1214 701 1272 Ne
715 1236 844 1294 umquam
853 1216 1026 1298 indignemur
1039 1219 1084 1281 vei
1096 1240 1168 1299 agro
1180 1221 1409 1297 feramus,siriri

61 1328 70 1363 ι
81 1306 120 1382 τῷ
131 1303 228 1384 λίγειν,
243 1304 355 1384 'itroire
367 1303 395 1365 δὲ
408 1307 423 1363 δ
438 1304 541 1377 Ἰησοῦς
554 1304 603 1376 τὴν
615 1305 759 1393 wtu'rtute
769 1308 877 1389 praediti
889 1324 916 1369 σι
930 1311 980 1371 uei
992 1311 1084 1387 amici,
1095 1312 1123 1370 in
1137 1313 1265 1372 mothum
1278 1312 1407 1373 incidant.

61 1420 79 1471 p
92 1397 209 1478 δδιλφὴν
230 1399 326 1470 αὐτῆς,
345 1398 392 1457 ιιαλ
408 1397 453 1457 τὸν
467 1397 604 1481 Λάζαρον,
625 1409 644 1455 t
658 1399 686 1456 3.
702 1401 781 1459 Ecce
794 1423 880 1481 quem
893 1424 988 1476 amos,
1002 1404 1182 1485 infimatur.
1192 1405 1224 1465 la
1238 1405 1408 1466 oommisera·

61 1497 159 1550 ισατιῑν
187 1489 255 1568 μηδδ
288 1489 488 1570 δυσχεραίνειν,
515 1491 543 1550 εἶ
567 1514 607 1559 τις
658 1489 758 1549 tionem
769 1491 910 1553 Christum
921 1495 1076 1575 pertrahere
1085 1495 1218 1557 volebant.
1228 1495 1327 1556 Adhuc
1335 1496 1408 1556 onim

61 1605 70 1642 ι
83 1581 147 1662 περί
159 1580 219 1650 αυλις
234 1580 390 1649 σπουδαίους
401 1583 498 1661 ἄνδρας
509 1582 555 1643 καὶ
568 1586 607 1663 τῷ
659 1579 796 1640 hominem
807 1604 863 1643 esse
876 1584 1019 1666 putabant,
1033 1585 1108 1664 quod
1116 1607 1150 1647 ex
1161 1586 1243 1646 dictis
1255 1609 1349 1648 sorum
1363 1609 1407 1647 ar-

61 1675 126 1735 διδν
142 1677 240 1756 φιλεῖς,
251 1678 366 1735 ἀσθενεῖ.
382 1677 430 1743 Εἰς
446 1665 533 1735 οἶκτον
548 1678 607 1735 iru-
659 1671 761 1749 guitur,
772 1674 804 1735 Si
808 1677 922 1755 fuisses
933 1677 992 1749 itio,
1009 1679 1182 1759 nonsuisset
1198 1691 1339 1739 mortuus.
1352 1681 1407 1738 Ne·

61 1766 145 1829 ίλονισ
163 1767 208 1827 τὸν
222 1767 348 1849 Χριστόν.
370 1764 434 1827 Ἔτι
450 1765 501 1849 γὰρ
515 1771 551 1835 ὡς
563 1772 607 1828 αἰν·
658 1785 711 1842 que
721 1763 858 1843 dixerunt,
869 1766 940 1827 Ecce
957 1767 1074 1827 Lazarus
1084 1767 1251 1846 infirmatur,
1265 1769 1408 1846 sodEcce

61 1882 105 1920 ον·
119 1860 166 1922 καὶ
179 1861 259 1934 δῆλον
276 1858 303 1929 ii
318 1850 355 1919 dr
368 1857 504 1938 λέγουσιν·
520 1862 554 1919 ut
575 1852 608 1932 ἧς
659 1874 745 1933 quem
766 1878 867 1929 amas,
891 1859 1069 1940 infimatur.
1080 1858 1156 1932 Quid
1178 1880 1242 1938 ergo
1264 1859 1407 1921 Christus?

61 1950 139 2013 ίθιινε
149 1977 155 1990 ·
166 1952 228 2012 ’καί
239 1955 270 2012 ίκ
282 1955 328 2010 τοῦ
340 1952 378 2030 μὴ
393 1955 486 2024 εἰπεῖν,
501 1949 541 2011 ίδε
551 1953 608 2013 Aa·
658 1947 689 2005 θ.
704 1949 776 2007 Haec
790 1950 949 2031 infirmitas
964 1970 1024 2009 non
1038 1963 1081 2010 est
1095 1952 1137 2010 ad
1149 1964 1281 2025 mortem,
1290 1954 1343 2013 sed
1351 1973 1407 2034 pro

66 2047 137 2118 ἀλλ’,
150 2043 206 2104 'lde
216 2044 245 2105 δν
259 2046 342 2124 φιλεῖς
359 2047 470 2104 ιἰσθινιῐ.
483 2043 520 2104 Τί
534 2034 579 2103 οὖν
593 2048 608 2104 δ
657 2040 755 2118 gloria
768 2042 837 2114 Dei,
851 2054 882 2102 ut
894 2042 1077 2124 glorificetur
1090 2043 1187 2103 Filius
1201 2045 1260 2102 Dei
1267 2066 1320 2124 per
1330 2066 1404 2106 earn.

72 2136 226 2208 ἡάσθίνεια
247 2139 296 2196 σία
320 2135 376 2196 ἔστι
397 2135 461 2216 πρὸς
485 2136 607 2212 θάνατον,
658 2131 732 2193 Vide
753 2133 888 2211 quomodo
913 2155 1023 2194 rursum
1044 2133 1167 2195 eatndem
1189 2133 1263 2195 dicat
1292 2136 1406 2216 gloriam

61 2226 121 2299 ίξης
133 2233 179 2287 τοῦ
191 2231 280 2301 Θεοῦ,
294 2229 337 2287 tva
352 2226 463 2307 δοξασθῇ
479 2229 512 2287 δι’
527 2232 607 2302 αὐτῆς
659 2244 736 2284 suam
757 2239 784 2285 ot
806 2227 902 2287 Patris.
924 2229 995 2287 (ium
1014 2227 1086 2287 enim
1101 2227 1227 2304 dixisset,
1248 2231 1307 2289 nei·
1314 2274 1324 2301 ,
1340 2230 1407 2291 sub-

61 2328 73 2378 ;,
85 2318 160 2401 Ὅρα
172 2325 230 2388 πῶς
239 2320 321 2381 πάλιν
334 2320 397 2398 μίαν
410 2318 457 2393 τὴν
469 2320 544 2390 δόξαν
559 2346 607 2401 φη·
659 2317 740 2396 didit,
755 2321 794 2378 m
815 2320 997 2402 glorificetur
1021 2321 1119 2380 Filius
1140 2323 1207 2381 Dei.
1225 2325 1298 2381 llaec
1320 2325 1405 2404 infir-

61 2412 214 2491 r'tilorpo'r.
230 2411 322 2473 Εἰπὼν
334 2412 395 2493 γὰρ,
411 2415 491 2486 Θεοῦ,
503 2413 606 2491 irripu-
659 2414 747 2470 mitur
771 2414 950 2472 nonestati
971 2426 1101 2472 mortem.
1113 2413 1183 2471 Cum
1196 2412 1268 2471 enim
1283 2412 1341 2472 illic
1363 2414 1406 2473 bi-

61 2504 194 2581 θῇθΥιὸς
208 2511 254 2564 τοῦ
267 2506 346 2565 Oroi.
362 2503 466 2577 Ᾰθπηὴ
484 2504 605 2566 αἰσθίνιια
623 2499 713 2565 uduo
736 2525 877 2563 mansurus
896 2517 974 2578 essct,
992 2502 1106 2563 remittit
1121 2503 1183 2563 illos
1204 2517 1235 2563 ιιι
1257 2505 1315 2564 hac
1337 2526 1407 2565 nun-

61 2594 180 2657 θᾶνατσν.
198 2597 212 2625 *
221 2595 334 2668 Ἐπειδὴ
354 2596 406 2676 γδρ
421 2597 530 2675 ἔμελλεν
551 2600 606 2658 ίκεῖ
658 2593 734 2655 tient.
749 2598 811 2671 Qua
829 2595 858 2655 in
871 2594 1065 2655 remirandum
1078 2607 1129 2671 est,
1138 2593 1212 2674 quod
1225 2617 1329 2656 sorores
1343 2618 1407 2657 cum

61 2710 109 2762 ειν,
129 2687 194 2758 πίοις
208 2686 300 2757 αὐτοὺς
321 2688 509 2766 ἀποπέμπεται
528 2697 605 2751 τοῦτο
658 2687 858 2747 audissentnon
871 2708 927 2749 esse
943 2686 980 2748 ad
1001 2700 1124 2765 mortem,
1133 2702 1161 2747 et
1172 2702 1265 2769 postes
1282 2689 1351 2748 mori
1365 2688 1407 2751 vi-

70 2779 132 2861 'up’
145 2771 168 2862 ᾧ
182 2780 227 2841 καὶ
241 2782 377 2858 θαυμάσαι
394 2782 451 2841 iuri
467 2783 515 2850 τὰς
529 2785 604 2843 ἀδελ·
657 2779 768 2856 dissent,
784 2781 892 2840 offensa
916 2801 970 2840 non
991 2779 1101 2856 fuerint,
1112 2801 1170 2839 rem
1184 2793 1277 2840 eontra
1298 2781 1407 2841 cessisse
1447 2850 1449 2855 y

76 2872 239 2945 ἀκούσασαι,
250 2871 290 2932 ὅτι
304 2875 364 2934 Οὐκ
377 2873 432 2933 ἔστι
446 2874 512 2952 πρὸς
524 2875 603 2934 θοίνα·
657 2886 809 2947 comentem
821 2894 916 2932 rorum
930 2885 1108 2945 aocesserunt,
1123 2893 1172 2932 nec
1187 2885 1318 2953 putarunt
1331 2893 1406 2932 men-

63 2987 73 3024 ι
95 2964 174 3025 αὐτὸν
187 2964 366 3040 ἀποθανόντα,
385 2969 432 3026 οὐκ
445 2968 603 3026 ίσκανδαλί-
656 2964 738 3024 titum
761 2964 841 3024 iilum
861 2985 928 3023 osse.
944 2963 995 3023 llla
1014 2976 1105 3023 autem
1128 2962 1271 3044 particula,
1289 2967 1338 3041 Ut,
1353 2985 1406 3025 non

61 3055 113 3124 ιίας
124 3065 170 3118 τοῦ
189 3056 345 3138 πράγματος
357 3058 510 3138 γινομένω·
534 3061 603 3121 ἀλλὰ
656 3056 773 3116 catrsalis
785 3070 835 3135 est,
846 3054 895 3117 sed
910 3069 1037 3117 mentum
1055 3055 1199 3135 significat.
1218 3055 1278 3116 tua
1290 3074 1407 3136 namque

61 3148 140 3223 tiro,
154 3150 201 3210 καλ
209 3154 258 3210 οὐκ
267 3149 391 3228 ἐνόμισαν
406 3151 484 3211 αὐτὸν
495 3152 602 3233 διαψιιί-
656 3147 708 3208 suit
717 3149 806 3209 morbi
820 3170 900 3209 causa
907 3171 917 3225 ;
928 3148 977 3208 illo
994 3161 1085 3207 autem
1096 3146 1131 3206 ad
1142 3146 1192 3207 nei
1208 3147 1323 3229 gloriam
1341 3169 1406 3207 usus

70 3241 140 3315 Ἵνα,
151 3246 262 3303 ἐνταῦθα
282 3245 328 3302 οὔκ
348 3243 521 3323 αἰτιολογίας,
543 3246 602 3304 ἀλλ’
656 3253 704 3299 cst.
722 3243 752 3301 6.
766 3243 806 3301 Et
821 3262 888 3301 cum
901 3242 964 3301 iroec
978 3241 1110 3311 dixisset,
1127 3244 1236 3299 mansit
1249 3244 1282 3298 in
1296 3260 1331 3299 eo
1341 3241 1406 3301 ίοσο

61 3334 156 3408 &ridor
169 3333 217 3413 pir
227 3335 279 3416 γθρ
290 3335 441 3417 ίτίρωθενὴ
452 3337 601 3418 ἀρρωστία·
655 3333 729 3392 duos
737 3334 807 3393 dies.
821 3333 877 3391 Cur
890 3330 1007 3391 mansit?
1018 3332 1057 3390 Ut
1069 3329 1220 3411 exspiraret
1233 3329 1281 3389 ille
1294 3342 1322 3389 et
1330 3350 1406 3412 sepe·

61 3428 88 3505 ιῇ
110 3429 146 3493 εἰς
159 3426 235 3495 δόξαν
249 3430 330 3487 esst.
346 3427 401 3487 Καὶ
415 3434 498 3487 τοῦτο
511 3427 601 3504 εἰπὼν,
655 3423 751 3483 iiretur
767 3448 774 3482 ι
790 3444 823 3484 no
835 3423 898 3502 quis
910 3420 1022 3497 diceret,
1037 3420 1165 3480 Nondum
1186 3419 1346 3487 diiunctum
1360 3442 1406 3480 su-

61 3517 113 3579 δύο.
125 3521 151 3578 T
154 3519 204 3586 ίνος
224 3519 311 3579 ίνεκιν
323 3519 440 3597 ἔμεινεν·
454 3519 513 3579 Ἵνα
534 3525 602 3582 ἀπο-
655 3515 770 3591 scium,
780 3514 884 3596 sopitus
898 3527 1005 3573 tantum
1025 3526 1082 3572 erat
1087 3534 1096 3589 ;
1113 3513 1166 3590 rol,
1179 3514 1293 3575 Solutus
1304 3515 1406 3578 desece-

61 3608 164 3691 ρῇ,ἵνα
186 3611 277 3688 μηδεὶς
296 3610 346 3691 ἄγῃ
358 3612 453 3691 λέγειν,
473 3612 512 3672 δπι
527 3613 601 3673 οὔπω
619 3625 638 3674 c
655 3621 708 3682 rat,
720 3628 773 3667 nou
788 3619 936 3667 morserat.
951 3604 1017 3665 ideo
1032 3619 1106 3665 tanto
1122 3619 1241 3687 tempore
1252 3623 1351 3686 manet,
1365 3622 1404 3688 ut,

61 3703 124 3765 θεὸν
151 3703 307 3776 ἀνίστησιν·
330 3703 372 3765 δτι
395 3705 475 3784 κάρος
495 3696 537 3781 ἦν,
561 3705 601 3766 dri
653 3701 701 3761 itto
719 3703 778 3782 jam
802 3715 941 3782 corrupto,
956 3699 1047 3759 dicere
1076 3713 1191 3779 possent,
1212 3703 1285 3760 lam
1302 3705 1401 3782 sirtot.
1415 3727 1435 3756 v·
1464 3728 1489 3754 ι.

69 3794 213 3875 καταγωγὴ
237 3787 279 3868 ἤν,
293 3795 339 3855 καὶ
359 3799 388 3856 οὐ
410 3797 528 3863 θάνατος.
549 3798 600 3858 Διλ
652 3796 681 3853 t.
695 3795 813 3855 Deinde
822 3795 893 3853 dicit
905 3792 1202 3872 discipulis:Eamus
1214 3797 1246 3851 in
1254 3796 1402 3853 Judaeom.

61 3910 66 3943 ν
82 3885 222 3948 Ι’τοσοῦτον
234 3887 323 3967 μίνει,
337 3893 372 3955 ὡς
384 3888 429 3947 καὶ
441 3888 539 3969 φθορδιν
560 3915 601 3969 γε·
654 3886 711 3945 Cur
731 3905 794 3944 cum
813 3905 945 3964 nusquam
963 3883 1001 3943 ita
1022 3881 1188 3964 praedixerit,
1202 3883 1248 3943 hic
1263 3884 1404 3965 praedicit?

60 3987 108 4054 ιῑν,
123 3977 196 4050 Ἤδη
208 3980 269 4047 ὄζοι.
284 3970 353 4040 Εἶτα
365 3980 436 4059 λέγει
450 3990 503 4048 τοῖς
516 3988 600 4060 μαθη·
654 3977 744 4038 valde
757 3978 889 4037 timebant
902 4000 909 4034 ι
923 3989 949 4035 et
967 3975 1032 4055 quia
1046 3975 1085 4034 sio
1097 3975 1188 4034 affecti
1201 3990 1289 4052 erant,
1306 3976 1404 4058 praedi·

63 4070 147 4143 ίςτὴν
161 4071 299 4132 Ἰσοδαίαν.
314 4073 350 4132 Τί
368 4071 466 4144 δήποτε
486 4075 600 4153 οὐδαμοῦ
654 4070 701 4145 cit,
720 4091 752 4129 ne
774 4069 866 4129 statim
894 4068 1046 4128 turbentur.
1070 4064 1145 4136 Quid
1166 4087 1230 4126 vero
1254 4066 1404 4149 discipuli?

61 4167 111 4244 αδ,
126 4166 238 4223 ἐνταῦθα
252 4165 390 4246 προλέγει,
406 4163 601 4226 Ἐδεδοίκεισαν
654 4164 684 4223 8.
702 4167 791 4223 Nunc
807 4165 978 4244 quaerebant
992 4174 1021 4220 te
1032 4161 1132 4218 Judoei
1146 4159 1290 4238 lapidare,
1297 4174 1326 4221 et
1338 4183 1404 4221 rur·

61 4254 92 4315 αλ
105 4253 188 4336 ταύτῃ
202 4256 342 4330 διέκειντο,
357 4256 480 4337 προλέγει
490 4302 499 4330 ,
508 4258 551 4317 ίνα
562 4259 599 4336 μὴ
654 4276 703 4315 sus
717 4276 751 4314 eo
775 4255 882 4314 uadis?
896 4252 1043 4311 Timebant
1065 4249 1137 4308 enim
1150 4248 1231 4308 etiam
1244 4252 1277 4327 ei,
1286 4251 1336 4311 sed
1349 4251 1404 4312 sibi

61 4345 193 4427 ῃαῦταίς.
202 4347 239 4408 Τί
253 4347 280 4408 δὲ
290 4352 314 4407 σί
327 4349 457 4427 μαθηταί,
472 4352 527 4409 Νῦν
541 4350 600 4422 iii·
655 4347 755 4426 magis3
767 4345 889 4406 nondum
908 4343 979 4403 enim
1004 4340 1115 4424 perfecti
1134 4355 1218 4401 erant.
1233 4344 1404 4426 Quapropter

61 4462 79 4499 tt
93 4439 218 4515 λιθάσαι,
238 4440 284 4499 καὶ
305 4439 385 4500 πάλιν
404 4441 514 4519 ὑπάγεις
527 4446 598 4518 ἐκεῖ,
652 4440 750 4499 timore
762 4437 915 4518 exagitatus
926 4437 1047 4497 Thomas
1057 4432 1126 4494 dicit
1139 4433 1164 4492 ei
1175 4456 1182 4491 ι
1193 4438 1318 4512 Eamus,
1331 4452 1362 4499 ιιι
1374 4454 1401 4501 et
1412 4466 1434 4496 ι.
1450 4450 1487 4496 16.

61 4521 142 4591 ίνσῖν
156 4533 202 4591 καί
216 4531 282 4613 θπίρ
298 4536 391 4593 αὐτοῦ·
412 4533 443 4592 τὸ
463 4535 490 4592 δὲ
509 4535 598 4608 πλέον,
654 4553 706 4592 uos
718 4535 888 4591 moriamur.
897 4529 1036 4591 Infirmior
1049 4550 1166 4610 namquo
1177 4532 1300 4611 etmagis
1311 4533 1400 4595 incre-

61 4628 148 4685 υτῶν·
161 4624 235 4685 atio
248 4624 299 4706 γδρ
313 4617 380 4698 ἦσαν
394 4627 596 4708 ἀπηρτισμέναι.
617 4648 637 4695 ι)
652 4624 735 4684 dulus
744 4644 827 4702 qtram
841 4621 929 4682 caeteri
941 4634 1007 4681 erat.
1023 4621 1077 4683 sed
1091 4622 1157 4685 vide
1170 4624 1307 4703 quomodo
1320 4627 1401 4687 Chri·

72 4716 276 4795 κατασιιόμινος
295 4716 365 4797 λέγει
378 4721 496 4798 θωμᾶς·
515 4718 598 4799 Ἄγω-
652 4730 710 4776 stus
721 4715 803 4776 dietis
818 4715 874 4775 suis
887 4714 949 4775 illos
962 4716 1113 4775 oonfirmet.
1129 4719 1158 4776 9.
1171 4721 1278 4778 Νοηνεσ
1288 4722 1400 4780 duodo-

61 4816 110 4877 ιιίς
128 4808 310 4887 ἀποθάνοιμεν.
332 4807 526 4893 Ἀσθινέστερος
546 4810 597 4893 γὰρ
651 4816 709 4871 cim
727 4812 807 4870 koroe
828 4819 896 4869 suut
915 4808 997 4868 diei?
1008 4809 1060 4872 vet
1075 4808 1127 4869 hoo
1139 4808 1223 4890 dixit,
1236 4824 1265 4872 ot
1279 4811 1399 4872 declara·

61 5035 118 5069 σεει.
637 5013 933 5089 negebaturtuuimp]

61 5097 120 5147 ἄεν·
130 5096 171 5146 a«.
671 5100 684 5137 Ι)
701 5094 778 5149 savit.
792 5102 898 5151 πεσοῦσαν
908 5101 1000 5162 ipsius.

63 5170 188 5223 edidimus
210 5187 224 5223 ι
251 5171 327 5224 Soril.
342 5184 366 5224 σι
383 5173 466 5226 codd.
484 5179 585 5230 nostris.
672 5193 680 5215 2
700 5175 746 5228 ttii
759 5178 852 5247 σρθθρα.
865 5176 977 5228 uarium
988 5175 1102 5243 προλέγει.
