3750 5940
49 422 58 468 ι
86 420 236 469 aaaron.
264 419 389 468 sanato.
774 399 845 472 635

49 591 51 600 .
67 548 85 598 C
104 543 230 624 angelicae
244 542 335 624 gratie
346 563 382 602 ex
395 543 560 605 adolescente
572 546 698 638 splendor
707 547 842 607 emicaret.

49 628 52 682 ἰ
104 622 196 694 Quare
208 644 271 683 vero
281 621 377 682 taciem
385 623 493 703 angeli?
504 625 541 684 Ut
553 623 746 721 adimpleretur
758 647 845 688 sermo

49 729 53 770 ;
106 702 206 762 Christi
214 723 292 780 quern
302 701 424 762 dixerat:
433 704 473 761 In
482 707 845 787 resurrectionemquedu·
856 723 941 768 Maera.
955 736 992 766 η.

49 809 53 850 ;
105 785 896 866 cunturores,nequenubunt‚sedarentst'cutange·³⁰·

49 889 52 909 ·
106 862 129 918 li
142 866 174 919 in
187 863 276 920 coelis.
300 863 340 920 lta
351 861 513 920 refulserunt
525 865 633 944 Moyses
642 878 668 922 et
680 864 764 940 Elias,
777 864 846 924 dum
857 886 942 931 narrt.
962 898 997 944 ¹7·

49 978 54 987 -
104 940 133 998 in
155 955 244 1000 monte
255 962 317 999 cum
333 942 398 1000 Jesu
418 941 600 1020 loquerentur,
609 943 648 1002 sic
661 957 690 1002 ut
707 943 846 1025 discipuli,
856 947 879 993 6-

49 1055 53 1063 ·
106 1040 167 1078 curn
182 1042 225 1079 eos
239 1019 379 1094 vidissent,
399 1020 425 1079 in
445 1021 543 1080 saciem
556 1021 699 1083 ceciderint
716 1048 722 1080 :
743 1023 780 1082 ita
800 1024 845 1082 fu·
860 1049 999 1107 mmm,

49 1125 54 1167 ;
106 1113 198 1158 turum
205 1113 243 1158 est
251 1099 354 1179 utjusti
366 1121 456 1159 omnes
466 1100 493 1159 in
505 1122 588 1180 regno
599 1103 686 1162 Patris
693 1102 758 1163 efful
778 1117 847 1162 eant.

49 1205 54 1238 ε
108 1180 251 1238 Wderunt
257 1182 370 1261 sociem
383 1183 445 1261 ejus
458 1184 657 1262 sicutfacicm
678 1123 786 1265 angedi.
801 1183 850 1243 Di·
861 1205 913 1251 Aa.
922 1206 947 1254 6.
963 1204 999 1250 15.

50 1283 55 1326 ;
107 1257 149 1316 xit
169 1273 258 1317 autem
282 1258 407 1339 princeps
424 1258 654 1322 sacerdotum:Si
667 1264 730 1322 11111
752 1269 796 1323 ita
820 1285 851 1324 se

50 1374 55 1405 z
107 1340 215 1397 lrabeat
225 1339 270 1396 ΡΟ
279 1337 391 1428 plenum
399 1338 550 1419 hypocrisis
561 1341 724 1404 sermonem!
740 1363 757 1401 o
768 1343 851 1404 verba

50 1445 56 1487 ;
105 1417 201 1476 fraude
228 1416 385 1496 invidiaque
395 1417 499 1480 velata!
515 1420 547 1480 Si
561 1422 623 1480 lnec
633 1425 677 1481 ita
684 1443 715 1481 se
722 1424 851 1482 babent?
863 1439 924 1484 tutu.
938 1455 961 1498 7·
981 1449 1002 1481 1.

50 1534 55 1542 ·
107 1501 198 1556 Ausus
210 1517 251 1572 es,
266 1497 362 1577 inquit,
373 1517 390 1555 o
403 1496 494 1573 horno,
505 1498 654 1578 ignominia
673 1501 683 1560 l
718 1501 852 1562 islatorem

50 1615 54 1622 -
108 1578 223 1657 Moysen
236 1576 438 1636 afficereluum
448 1576 532 1636 aliurn
541 1581 685 1658 quemdam
721 1583 852 1642 eumDeo

50 1684 56 1716 ι
108 1668 246 1734 tamquam
260 1656 288 1715 in
302 1657 360 1715 acie
370 1656 537 1737 opposuisti?
548 1680 614 1718 nom
623 1660 853 1722 adversuslocuru

50 1765 56 1807 ;
109 1735 307 1795 sanctissimum
323 1758 351 1794 es
366 1734 537 1816 impudenter
560 1738 707 1817 loquutus?
727 1761 794 1800 num
817 1763 853 1802 ex

50 1845 56 1886 ;
109 1817 166 1874 Deo
180 1814 271 1874 datam
279 1815 367 1893 legem
381 1813 486 1874 irritam
494 1837 552 1875 esse
561 1817 853 1898 imaginatuseslnum

50 1924 55 1956 t
109 1916 138 1952 ca
153 1917 211 1974 quar
234 1897 339 1976 Moysis
366 1908 440 1968 sunt,
456 1896 622 1956 Nazarenum
645 1898 853 1959 immutaturum

50 2004 56 2046 ;
72 1994 91 2038 1)
109 1974 255 2033 censuisti?
272 1977 319 2034 Ma
340 1995 435 2034 norum
447 1974 496 2033 tibi
515 1976 649 2036 malorum
662 1991 756 2038 auctor
772 1979 850 2038 esla-

50 2103 54 2126 ,
109 2068 177 2112 ctus.
195 2055 268 2113 Turn
283 1995 387 2113 adbuc
399 2067 582 2138 protomartyr
595 2080 602 2112 :
614 2060 677 2117 Vtri
687 2061 804 2140 fratres
824 2066 988 2118 ettotam.
1014 2103 1017 2111 -

107 2147 216 2212 patrer,
226 2135 337 2193 audite.
351 2134 432 2192 Omni
441 2134 512 2193 retati
521 2135 640 2213 interim,
654 2137 752 2217 inquit,
766 2138 853 2199 honor

109 2213 207 2292 cuique
220 2213 381 2274 conveniens
395 2212 539 2274 deferatur.
558 2218 739 2298 Vrrr'sratras
752 2231 781 2278 et
798 2239 852 2300 pa-

50 2323 56 2356 «,
110 2306 177 2368 tres,
188 2294 298 2352 audite.
316 2293 438 2370 Audite,
454 2313 507 2353 non
520 2293 582 2354 dico
595 2294 718 2356 Credite:
733 2297 798 2360 novi
817 2298 853 2359 si·

109 2371 219 2450 quidem
233 2387 327 2432 vestrae
339 2373 436 2431 mentis
459 2371 694 2449 incredulitatem
713 2375 769 2454 scd,
785 2376 852 2438 Au·

51 2463 52 2469 ’
109 2453 177 2511 dite.
191 2454 274 2511 Dens
283 2452 386 2532 gloriae
401 2458 536 2533 apparuit
545 2459 625 2534 patri
639 2469 737 2516 nostro
752 2456 852 2517 Abra·
896 2464 899 2469 ’

51 2571 55 2579 -
109 2533 227 2591 taram
235 2545 308 2591 esset
314 2535 346 2589 in
357 2533 580 2612 Mesopotamia.
592 2535 653 2594 Non
662 2534 852 2613 inJerusalem,

51 2651 55 2660 .
108 2631 159 2669 non
175 2611 202 2670 in
214 2611 262 2670 illo
276 2610 375 2670 celebri
386 2610 496 2692 templo,
508 2612 567 2687 sed,
577 2617 616 2672 In
624 2617 848 2696 Mesopotamia,

51 2706 56 2715 ·
108 2690 155 2749 ubi
167 2690 275 2750 deditus
289 2689 448 2749 idololatriae
460 2690 536 2751 locus
556 2707 622 2769 erat,
647 2694 695 2753 ubi
711 2695 784 2775 regio
799 2695 851 2755 im-

51 2823 55 2844 ,
107 2769 214 2849 piorum
230 2770 343 2829 cutibus
358 2770 560 2851 opprimebatur
575 2796 581 2828 :
598 2772 626 2831 in
647 2775 851 2856 Mesopotamia,

51 2885 55 2911 .
109 2849 156 2908 nbi
171 2849 343 2940 sculptilibus
352 2849 440 2908 cultus
453 2849 643 2929 exhibebatur,
653 2852 700 2912 ubi
709 2853 850 2914 sanctissi-

51 2960 55 3001 ;
71 2936 90 2982 t:
108 2950 183 2988 mum
194 2931 245 2988 Der
255 2928 440 3018 nomenlignis
453 2949 484 2987 ac
499 2928 637 3011 lapidibus
650 2930 803 3008 indebatur,
818 2934 850 2994 il-

51 3061 55 3082 ,
106 3008 142 3066 lic
156 3008 281 3100 apparuit
290 3008 325 3066 ei.
347 3008 454 3067 Sciebat
480 3010 552 3068 enim
576 3010 646 3069 inter
663 3011 755 3092 spinas
777 3033 850 3074 rosas

51 3118 55 3159 ;
107 3109 189 3163 nasei,
202 3102 229 3147 et
247 3085 373 3147 inmedio
384 3087 545 3147 zizaniorum
566 3090 712 3169 genuinum
729 3091 851 3167 triticum

51 3198 55 3239 ;
106 3168 255 3247 germinare
271 3191 277 3224 :
290 3163 521 3246 quemadmodum
528 3168 574 3227 ille
584 3170 736 3230 multarum
746 3170 850 3253 palma-

51 3292 54 3299 .
107 3269 166 3305 rnrn
178 3247 265 3308 victur
289 3246 375 3307 Jobus
390 3246 417 3306 in
436 3246 577 3307 luxuriosa
594 3249 702 3329 regione
725 3250 849 3312 Ausitide

105 3340 242 3406 tamquam
254 3347 313 3385 rosa
329 3325 397 3386 inter
409 3325 500 3408 spinas
513 3329 649 3409 apparuit,
666 3343 803 3410 tamquam
815 3330 848 3392 li·

105 3406 173 3465 lium
183 3408 253 3465 inter
266 3405 390 3479 tribulos,
405 3419 460 3464 tam
481 3427 543 3467 uam
560 3407 665 3489 lampas
685 3409 849 3472 intenebris
898 3453 902 3471 ,

65 3526 88 3564 tr
105 3485 273 3576 ignorantiae,
282 3484 429 3545 virtutibus
441 3426 590 3564 rllncebat,
601 3503 628 3547 et
641 3502 779 3569 tamquam
789 3504 847 3551 tur·

69 3582 142 3626 nris
155 3566 183 3624 in
199 3565 405 3646 expugnationis
425 3566 528 3625 cunctis
550 3567 673 3648 supernis
698 3568 846 3629 virtutibus

104 3645 217 3726 insignis
230 3666 261 3704 ac
277 3658 356 3704 notus
367 3658 433 3721 erat,
448 3667 463 3703 a
476 3659 546 3704 terra
559 3645 588 3705 in
602 3647 696 3708 caelum
718 3648 847 3729 preclara

103 3725 222 3784 facinora
235 3723 381 3803 adaugens,
394 3746 408 3783 a
436 3725 549 3783 rolnndo
563 3726 590 3784 in
605 3727 721 3786 sublime
731 3728 844 3807 justitiae

102 3805 205 3864 fructus
218 3804 358 3863 emittens:
373 3746 445 3862 unde
457 3805 576 3863 fructum
594 3827 687 3865 eornm
694 3809 770 3868 Deus
780 3807 846 3869 odo·

102 3897 187 3956 ratus,
200 3885 269 3942 sicut
279 3898 304 3942 et
315 3883 393 3941 illurn
410 3884 466 3942 Noe
480 3898 539 3964 post
563 3883 700 3944 diluvium
719 3887 846 3960 (Odora-
857 3893 912 3938 Ger·
923 3892 947 3942 8.
958 3905 996 3938 ar.

104 3976 150 4021 tus
161 3963 232 4021 enirn
246 3975 288 4022 est
302 3964 448 4020 Dominus
463 3964 580 4021 odorem
600 3968 756 4024 suavitatis
763 3969 784 4040 ),
800 3965 845 4024 fa-

104 4043 178 4101 mulo
189 4064 237 4100 suo
251 4041 433 4100 testimonium
445 4040 564 4099 dicebat:
576 4042 646 4102 Ecce
655 4043 736 4103 homo
748 4045 844 4123 'ustus‚
855 4062 910 4110 lot.
933 4078 953 4110 ι.
976 4072 996 4104 r.

104 4143 197 4195 verax,
207 4123 296 4181 colens
309 4123 408 4195 Deum,
419 4119 554 4179 abstinens
566 4121 601 4179 ab
615 4122 688 4201 omni
702 4065 785 4201 malo,
799 4125 846 4215 qui

105 4215 167 4260 ante
180 4202 266 4280 legem
277 4222 306 4259 ea
314 4221 374 4280 quae
385 4213 448 4258 sunt
465 4199 532 4280 legis
545 4200 675 4282 adimplet
686 4226 693 4260 ε
704 4224 766 4262 cum
775 4225 846 4263 enim

105 4280 201 4341 habeat
215 4281 324 4341 insitam
338 4292 433 4338 natura
446 4279 542 4359 legem,
556 4280 655 4361 scripta
663 4302 715 4342 non
723 4282 825 4364 indiget
838 4307 845 4340 ε

106 4375 166 4419 nota
180 4361 252 4420 cnim
265 4363 322 4419 Deo
337 4367 398 4418 sun‘t
418 4379 433 4416 a
449 4359 548 4418 saeculo
566 4360 656 4419 omnia
680 4383 760 4443 opera
776 4364 845 4446 ejus.

107 4440 210 4500 Deinde
221 4440 256 4498 ad
273 4439 411 4498 Abraham
421 4437 487 4496 dicit
503 4441 582 4498 :Eri
592 4440 629 4498 111
644 4453 722 4502 terra
742 4455 805 4521 tua,
820 4454 848 4503 et
862 4456 917 4500 Gen.
931 4466 965 4498 12.
978 4464 999 4497 1.

107 4523 143 4579 da
159 4523 332 4601 cognatione
349 4531 412 4589 tua,
432 4530 460 4576 et
479 4523 550 4576 oeni
569 4522 739 4596 interram,
760 4544 850 4604 quam

108 4614 307 4660 monstravero
317 4601 379 4658 tibi.
396 4598 502 4656 Eride
512 4611 590 4658 terra
601 4611 662 4658 tna.
675 4600 740 4678 Cur,
754 4602 851 4682 inquit,

109 4681 194 4760 regio,
204 4679 248 4738 cui
263 4677 342 4737 molti
357 4675 478 4753 suntdii,
487 4679 608 4758 gentium
621 4679 853 4762 detinetpatrem?

109 4780 157 4818 eur
168 4758 326 4818 idololatria
342 4755 434 4816 dedita
459 4757 544 4837 patria
571 4760 767 4839 progenitorem
786 4761 853 4820 deti·

75 4858 90 4904 1
110 4855 154 4899 net
167 4838 273 4919 gentis?
289 4839 350 4897 Exi
367 4837 404 4895 de
417 4849 495 4896 terra
515 4851 576 4910 tna,
590 4849 617 4897 et
634 4839 671 4897 de
682 4844 855 4922 cognatione

125 5058 133 5078 ⁰
151 5045 240 5113 [Savil.
251 5045 320 5111 conj.
334 5039 425 5111 aleon]

128 5142 138 5165 ¹
157 5126 198 5177 stc
207 5125 269 5193 [leg.
281 5120 351 5174 Editi
360 5125 539 5193 napttrdltmr.
