3750 5940
862 334 866 343 r

422 481 990 698 SPURIA.

465 1339 953 1470 ADMONITIO

382 1646 1019 1747 1NSPUR1ASEQUENT1A.
1130 1671 1136 1677 ·

55 1919 92 1977 lus
115 1937 245 1997 umquam
263 1929 387 1978 veterum
400 1913 528 1975 Ecclesiae
538 1915 641 1976 Graeee
660 1915 823 1998 scriptorum
850 1916 912 1995 luit,
925 1916 973 1997 qui
993 1928 1033 1977 tot
1050 1915 1170 1978 emiserit
1188 1918 1285 1999 γνήσια
1306 1939 1399 2003 opera,
1414 1933 1481 2001 quot

55 2012 261 2095 hrysostomns:
273 2010 311 2070 ito
325 2010 418 2071 nullus
436 2010 499 2085 fuit,
514 2010 558 2070 cni
571 2022 613 2070 tot
623 2011 717 2093 spuria
732 2009 869 2092 adscripto
880 2010 998 2087 inerint3
1011 2030 1128 2090 ‹promm
1142 2024 1234 2072 tentus
1254 2033 1392 2093 numerus,
1405 2028 1479 2077 unta

58 2108 118 2166 utsi
125 2104 679 2183 caetemrumEeclesiaeGraecaedoctorum,
688 2105 838 2184 Athanasii,
844 2106 949 2185 Basilii,
959 2105 1087 2188 Gregorii
1094 2107 1254 2169 Natianmni
1261 2108 1362 2192 scripta
1368 2131 1479 2194 percur-

55 2225 82 2262 m
97 2198 294 2284 deprehendas,
306 2201 355 2282 qui
379 2214 419 2261 tot
439 2221 565 2282 germana
578 2222 660 2283 opere
672 2201 801 2277 emiserit,
814 2213 880 2281 quot
899 2200 993 2283 sputis
1008 2200 1112 2262 doctori
1131 2216 1224 2264 nostro
1243 2202 1380 2287 stlsoripta
1392 2206 1478 2275 fuere.

55 2319 70 2356 a
87 2311 179 2357 auum
192 2318 252 2377 quae
265 2295 301 2357 ed
315 2297 416 2357 calcem
429 2296 553 2380 priorum
569 2317 619 2356 sex
633 2298 784 2357 'l'omorum
797 2295 866 2357 bene
874 2295 962 2358 multe
972 2295 1117 2376 edidimus,
1135 2298 1203 2358 etin
1218 2298 1274 2359 line
1292 2298 1376 2382 hujus
1388 2302 1479 2364 octavi

55 2415 135 2453 umero
145 2392 253 2469 damus,
266 2392 385 2472 attpsein
400 2392 573 2472 sequentibus
583 2392 680 2453 Tomis
695 2391 832 2468 (labimus,
845 2391 981 2473 ingentem
997 2390 1089 2455 adhue
1107 2393 1264 2476 spuriorum
1284 2392 1480 2478 supellectilem

55 2489 96 2547 mi
110 2487 219 2548 nomine
229 2487 385 2568 insignitam
395 2486 424 2546 in
432 2486 609 2547 bibliothecis
620 2487 869 2570 manuscriptorum
882 2486 1097 2566 homusion,
1110 2501 1204 2570 utpote
1210 2488 1272 2549 luce
1282 2509 1395 2571 prorsus
1407 2490 1478 2552 indi·

55 2604 113 2641 mur
124 2581 205 2640 etiam
218 2601 267 2641 nos
287 2579 373 2640 multa
388 2580 481 2652 exiis,
496 2602 557 2661 quoe
577 2580 700 2642 Savilius
712 2594 742 2641 ut
756 2581 914 2658 νοθννόμινα
928 2579 1023 2659 edidit,
1035 2580 1063 2641 in
1077 2581 1195 2642 tenebris
1213 2581 1356 2644 relicunos
1374 2584 1478 2662 luissc3

55 2674 190 2736 sumentia
203 2673 272 2734 tanti
282 2673 378 2734 umde
387 2694 417 2734 re
425 2674 545 2735 literaria
557 2675 625 2735 benc
638 2674 725 2735 meriti
735 2673 789 2737 viri
799 2673 950 2754 ‹lucti‚tum
961 2676 1044 2736 etiem
1055 2696 1089 2736 ue
1101 2674 1129 2736 in
1141 2676 1289 2737 multorum
1298 2677 1479 2759 reprehensio

55 2790 192 2847 meremus,
205 2769 296 2829 omnia
305 2790 366 2849 (prae
379 2769 501 2830 Savilius
514 2769 605 2830 emisit
618 2767 756 2846 dabimus,
770 2768 852 2829 mam
870 2768 917 2831 illa
942 2791 1003 2849 pro
1027 2769 1086 2852 ipse
1107 2790 1161 2830 non
1174 2770 1232 2831 sine
1246 2771 1387 2853 scrupulo,
1401 2773 1478 2853 quusi

55 2864 212 2966 il'hffib
223 2878 253 2924 ut
262 2864 369 2926 monuit
382 2865 411 2925 in
419 2864 498 2925 Notis
507 2862 543 2924 ed
556 2865 678 2925 Tomum
690 2863 847 2947 septimum,
859 2885 886 2946 p.
897 2864 966 2926 ⁸5⁷.
975 2862 1057 2926 Illius
1069 2863 1115 2925 hic
1129 2864 1212 2928 verbs
1226 2864 1395 2948 proferimus.

291 3127 331 3188 IN
353 3124 512 3189 SCRIPTA
532 3124 794 3188 SUPPOSlTl‘llh
815 3122 1096 3186 cunusostoul.

55 3371 198 3454 θεινομένων
207 3375 308 3453 ingens
314 3372 426 3452 possim
437 3372 469 3428 in
478 3368 685 3449 omnibussere
696 3366 877 3429 bibliothecis
887 3378 949 3428 tam
957 3370 1083 3448 priuatis
1092 3386 1181 3451 quoru
1188 3367 1314 3451 publicis
1327 3389 1477 3446 numerus,-

55 3470 157 3552 cupide
167 3471 293 3552 exquiri,
311 3479 372 3526 tarn
386 3467 538 3524 ambitiose
548 3463 596 3523 edi
606 3484 627 3522 a
638 3466 714 3524 uiris
727 3463 821 3524 doctis
832 3466 933 3524 miror.
948 3461 1098 3524 Gnarum
1111 3464 1240 3544 Vossius,
1254 3468 1314 3540 uir,
1329 3478 1362 3526 ut
1371 3466 1472 3542 audio,

55 3567 220 3638 excellenti,
232 3586 269 3625 ex
287 3563 473 3623 Bibliotheca
484 3560 660 3621 Strozziana
679 3580 783 3619 novem
802 3562 949 3620 orationes
963 3562 997 3618 in
1008 3559 1221 3620 Ascensionem
1234 3561 1358 3621 Domini
1371 3565 1479 3626 Latine

55 3661 167 3743 rigant,
180 3679 289 3739 easque
300 3658 377 3728 δῆθεν
397 3658 430 3714 in
441 3676 544 3715 novem
553 3675 648 3715 annos
662 3658 844 3738 episcopatus
855 3655 984 3715 loannis
996 3659 1091 3715 nostri
1102 3658 1214 3730 tribuit,
1236 3659 1269 3715 in
1282 3659 1390 3740 quibus
1403 3659 1477 3720 eous

55 3778 121 3818 :sem
134 3756 211 3814 idern
222 3755 259 3812 de
269 3753 348 3822 aliis,
363 3752 418 3810 sed
427 3754 564 3811 contineo
574 3772 630 3810 me.
643 3751 736 3810 Nobis
748 3763 826 3810 certe
836 3753 938 3823 uenio,
954 3760 987 3810 ut
1003 3751 1242 3836 speropdcbitur,
1259 3764 1325 3834 post
1342 3764 1385 3811 tot
1397 3775 1477 3834 egre·

55 3851 233 3910 sedentibus
250 3849 311 3907 boeo
322 3866 421 3927 pauca
442 3845 567 3919 κίὸδηλα.
587 3848 628 3906 Et
649 3858 748 3905 tamen
770 3851 856 3917 scias,
873 3845 974 3918 lector,
998 3866 1052 3905 nos
1075 3846 1173 3905 multo
1186 3849 1335 3928 rejecisse,
1358 3859 1391 3906 ut
1410 3847 1477 3910 luce

55 3949 163 4028 idipso,
177 3966 242 4028 puae
256 3965 276 4002 n
285 3943 415 4002 librariis
427 3945 499 4001 meis
510 3945 543 4000 in
556 3961 653 4001 meum
666 3961 750 4001 usum
762 3941 1053 4023 descriptajuerant,
1068 3941 1174 4023 qualia
1186 3952 1256 4001 sunt
1278 3938 1347 4020 μετὰ
1359 3945 1412 4002 τῶν
1427 3943 1476 4023 ἆλ-

55 4045 95 4103 δι.

55 4173 75 4212 c
88 4165 179 4211 autern
188 4146 377 4231 septemdecim
389 4167 436 4206 scu
446 4167 601 4206 sermonum
612 4167 660 4206 seu
672 4143 849 4205 homiliarum
861 4143 954 4204 titulos
967 4143 1098 4223 initiaque
1111 4141 1231 4226 subjicit,
1244 4166 1305 4224 qum
1314 4166 1361 4205 nos
1370 4145 1475 4208 omnia·

55 4267 91 4305 un
105 4267 168 4304 vera
182 4264 264 4322 quam
287 4241 379 4323 spuria
398 4240 426 4300 in
440 4240 495 4299 line
504 4260 617 4320 operum
631 4237 819 4320 chrysostomi
832 4237 1005 4319 alphabetico
1019 4235 1114 4297 ordine
1123 4236 1303 4318 incipiendon
1317 4238 1413 4320 primis
1425 4260 1473 4300 ou-

55 4340 100 4399 uis
115 4339 215 4412 verbis,
230 4339 288 4396 Deo
301 4336 391 4410 dante,
405 4334 481 4416 typis
502 4332 616 4393 indicari
632 4332 797 4393 curabimus.
810 4331 879 4404 Quae
893 4330 978 4412 igitur
990 4329 1111 4392 savilius
1122 4329 1237 4412 protulit
1251 4330 1344 4413 spuria
1366 4353 1413 4392 seu
1426 4358 1472 4395 νο-

55 4434 101 4493 illa
114 4433 204 4492 omnia
217 4432 290 4513 typis
301 4452 358 4490 esse
369 4428 458 4489 danda
481 4428 644 4488 censuimus.
660 4427 705 4488 Ex
715 4427 934 4505 altioremque
947 4425 1077 4485 hactenus
1090 4422 1229 4506 publicato
1246 4444 1300 4485 non
1316 4425 1431 4506 inerant,
1441 4449 1473 4491 en

55 4528 155 4601 isimus,
165 4548 232 4606 quae
242 4525 358 4606 alicujus
365 4523 445 4605 pretii
456 4544 512 4583 esse
525 4521 697 4584 videbantur.

55 4636 76 4694 la
89 4656 154 4697 vero
162 4633 263 4715 spuria,
277 4653 338 4712 quae
346 4644 510 4713 postremam
521 4628 634 4708 hujusce
643 4625 725 4688 Tomi
737 4637 842 4708 partem
855 4636 1003 4709 occupant,
1019 4621 1157 4703 quaedm,
1170 4622 1233 4684 lioet
1246 4644 1342 4706 pauca,
1355 4625 1473 4710 alicujus

55 4733 108 4807 'tut
129 4729 207 4791 verbi
222 4729 308 4809 patin
327 4729 422 4789 Sermo
435 4727 462 4786 in
474 4739 596 4785 sanctum
610 4725 747 4785 Thomnm
766 4722 812 4802 qui
824 4733 982 4782 numeratur
1001 4718 1121 4800 quintus,
1133 4733 1159 4779 et
1173 4718 1293 4779 llomilin
1315 4721 1429 4802 septima
1443 4723 1472 4786 in

55 4847 94 4883 nte
104 4824 151 4882 hic
160 4821 380 4902 quinquagesima
393 4819 471 4879 tertia
485 4832 645 4892 recensetur,
660 4813 834 4893 formssisque
849 4812 911 4872 nlite
925 4810 1070 4894 quopiam.
1087 4810 1132 4871 Ex
1146 4810 1181 4870 iis
1196 4809 1288 4887 etiam,
1302 4811 1471 4891 queinfimae

55 4935 112 4980 ntur
124 4940 190 4996 esse,
200 4916 325 4998 quaedam
335 4913 472 4976 interdum
484 4935 527 4974 res
538 4912 682 4974 nonnullas
696 4909 832 4992 attingunt
845 4930 877 4970 ac
889 4920 1048 4985 memorant,
1066 4926 1127 4988 pru
1137 4905 1200 4967 usui
1220 4905 1302 4966 niam
1312 4906 1400 4968 doctis
1414 4927 1472 4970 esse

71 5145 154 5208 porro
179 5121 413 5205 spumosumque
428 5133 590 5202 postremam
612 5119 725 5200 hujusce
737 5115 819 5178 Tomi
833 5127 937 5198 partem
952 5125 1096 5195 occupant,
1117 5110 1256 5192 catalogus
1271 5131 1317 5171 scu
1331 5110 1415 5174 index
1428 5135 1471 5176 se-
