3750 5940
158 427 221 477 Vlll
851 422 1035 474 PRAEFthO.

158 557 187 615 in
202 557 259 616 Deo
272 567 322 631 est,
338 567 467 613 aternum
480 553 575 631 utique
586 563 633 610 est.
644 548 728 624 Quod
738 561 828 608 autem
842 548 871 608 in
883 549 941 608 Deo
954 548 1078 610 Verbum
1089 550 1124 610 sit
1135 550 1193 632 ipse
1203 551 1291 611 Filius
1299 549 1376 628 dicit,
1388 553 1454 632 Ego
1466 555 1497 610 ἰν
1511 552 1613 627 Patre,
1626 565 1656 612 et
1665 548 1727 611 Pa·

159 665 205 710 ter
215 655 247 710 in
260 671 306 710 me
319 664 370 710 est.
382 648 442 729 Ego
451 648 480 706 in
489 649 577 723 Patre,
591 659 617 706 et
626 646 746 708 vicissim
757 645 836 703 Pater
845 643 874 703 in
885 664 942 722 me,
957 664 1012 723 quo
1025 643 1100 705 dicto
1112 645 1214 726 paritas
1230 658 1256 706 et
1268 645 1418 726 equalitas,
1431 666 1463 705 ac
1472 646 1586 727 proinde
1594 645 1728 706 atunitas

160 745 225 805 Filii
237 745 385 804 clarissime
394 745 604 804 demonstratur.
1759 735 1764 744 '

199 839 274 899 Illud
286 841 385 918 itaque,
397 841 489 920 Apud
505 840 613 913 Deum,
627 838 659 898 ln
669 837 726 896 Deo
735 834 877 915 significat.
887 835 969 908 Quod
977 857 1052 913 vero,
1062 839 1107 911 *In
1116 838 1260 916 principio
1268 833 1386 914 dicatur,
1397 857 1431 896 ne
1443 835 1509 896 hinc
1519 849 1609 895 tamen
1617 833 1728 893 initium

158 934 314 1011 exsistendi,
327 949 374 993 aut
383 933 548 1015 principium
561 930 689 1013 temporis
701 929 746 989 vel
757 928 909 990 durationis
919 931 1011 993 Verbo
1021 929 1168 991 adscribas.
1185 932 1245 990 Non
1256 930 1329 990 enim
1341 931 1406 990 bine
1415 944 1512 1013 potest,
1521 928 1643 1011 quisquis
1656 949 1729 987 sanae

160 1028 257 1087 mentis
269 1027 365 1101 fuerit,
383 1026 436 1085 tale
451 1024 617 1106 principium
635 1023 706 1083 Filio
720 1022 772 1082 Dei
793 1022 919 1083 tribuere.
941 1023 1015 1082 lllud
1028 1024 1110 1101 enim,
1126 1028 1164 1083 In
1181 1027 1324 1104 principio
1338 1038 1409 1102 erat,
1423 1045 1477 1085 non
1491 1024 1520 1083 in
1531 1022 1667 1105 principio
1687 1020 1729 1080 fe·

158 1138 231 1182 ctum
245 1121 327 1181 fnisse
342 1121 465 1183 Verbum
480 1119 632 1199 significare
645 1131 740 1199 potest.
756 1118 848 1198 Neque
861 1118 934 1178 enim
942 1118 971 1178 id
986 1119 1068 1180 verba
1080 1119 1138 1200 ipsa
1152 1132 1254 1196 sonant,
1270 1132 1296 1179 et
1306 1119 1427 1199 alioquin
1447 1120 1522 1179 Deus
1530 1136 1668 1197 nunquam
1678 1135 1728 1196 po-

157 1218 210 1277 tnit
222 1238 277 1276 esse
288 1216 345 1276 sine
359 1216 461 1292 Verbo,
476 1215 507 1274 id
518 1214 592 1294 quod
605 1213 692 1294 magis
702 1234 736 1272 cx
751 1233 817 1273 roce
830 1214 926 1274 Graeca
942 1214 1018 1294 λόγος
1037 1213 1248 1295 deprehenditur
1255 1237 1264 1291 ς
1281 1214 1417 1296 significat
1430 1215 1503 1274 nim
1519 1226 1545 1273 et
1556 1212 1682 1276 Verbum
1701 1221 1729 1268 et

157 1313 300 1373 rationem.
315 1312 379 1374 Sine
392 1311 494 1371 ratione
506 1323 597 1369 autem
611 1321 639 1368 et
655 1309 747 1372 Verbo
760 1310 849 1368 Deum
862 1329 1001 1389 nunquam
1016 1309 1098 1369 fuisse
1111 1309 1291 1370 certissimum
1302 1324 1342 1370 est
1354 1334 1361 1368 r
1371 1310 1453 1390 idque
1467 1307 1610 1370 evidentur
1626 1303 1727 1365 asseri-

157 1422 203 1468 tur
214 1430 264 1491 per
278 1407 348 1467 illud
362 1405 436 1486 quod
445 1405 584 1484 sequitur:
600 1406 667 1463 Hoc
680 1417 745 1462 erat
758 1425 778 1463 a
796 1405 938 1483 principio
955 1405 1037 1485 apud
1047 1405 1159 1481 Deum,
1173 1418 1252 1484 atque
1266 1404 1332 1464 hino
1353 1405 1524 1485 consequitur
1542 1402 1666 1467 Verbum
1680 1420 1728 1458 seu

158 1503 262 1565 Filium
275 1519 405 1562 aeternnm
419 1521 474 1560 esse
493 1500 562 1560 sicut
577 1511 603 1558 et
618 1499 733 1558 Patrem.
757 1497 821 1558 llaec
836 1519 917 1579 porro
927 1521 988 1578 quae
1001 1500 1060 1581 jam
1072 1497 1194 1560 diximus
1212 1520 1266 1560 non
1289 1522 1324 1561 ex
1341 1500 1454 1560 homilia
1473 1499 1553 1559 tertia
1569 1496 1666 1578 modo,
1680 1496 1729 1559 sed

157 1597 237 1657 etiam
247 1619 282 1656 ex
292 1597 353 1656 aliis
367 1593 554 1676 Chrysostomi
565 1591 686 1653 homiliis
701 1606 826 1674 excerpta
837 1604 908 1652 sunt.

198 1691 316 1751 Humilia
331 1711 395 1752 vero
407 1704 503 1769 quarta
516 1689 599 1748 aliam
607 1692 799 1748 huomoeorum
811 1687 988 1769 objectionem
999 1686 1111 1769 depellit
1122 1688 1340 1770 chrysostomus,
1349 1710 1409 1768 quae
1419 1687 1531 1768 quidem
1542 1688 1656 1771 objectio
1666 1687 1730 1749 inde

157 1787 267 1868 petitur,
281 1785 355 1866 quod
374 1787 404 1845 in
422 1785 497 1845 hisce
510 1783 613 1844 Graecis
635 1783 777 1864 Evangelii
796 1783 915 1845 loannis
925 1783 1024 1859 verbis,
1036 1783 1084 1844 Ἔν
1096 1786 1167 1866 ἀρχῇ
1181 1777 1214 1858 ἦν
1229 1791 1243 1845 ό
1257 1784 1358 1865 Λόγος,
1371 1785 1416 1844 καὶ
1430 1790 1444 1845 ὁ
1457 1785 1541 1866 Λόγος
1554 1777 1587 1858 ἦν
1600 1784 1666 1866 πρὸς
1683 1784 1730 1845 τὸν

158 1883 237 1957 Θεὸν,
247 1883 292 1942 καὶ
303 1883 372 1949 Θεὸς
382 1874 439 1954 dui
452 1880 547 1960 Λόγος,
559 1878 691 1939 articulus
704 1879 749 1939 τόν
764 1892 825 1938 ante
837 1899 932 1939 vocem
944 1878 1013 1940 Θιόν
1033 1877 1207 1957 adhibeatur,
1219 1880 1267 1938 ubi
1277 1879 1312 1939 de
1330 1880 1388 1939 Deo
1403 1880 1484 1940 Patre
1498 1879 1634 1958 loquitur,
1646 1879 1693 1939 aul
1715 1883 1730 1940 ό

160 1976 244 2056 Λόγος
255 1969 288 2050 ἦν
301 1976 367 2057 πρὸς
377 1975 423 2034 τὸν
436 1975 521 2037 Θεόντ
535 1974 583 2033 ubi
596 1994 658 2033 vero
668 1972 703 2032 de
718 1973 790 2034 Filio
803 1973 894 2053 agitur
908 1986 934 2033 et
949 1971 984 2032 de
995 1973 1101 2051 Verbo,
1116 1974 1246 2034 articulus
1264 1997 1316 2035 non
1331 1989 1448 2056 ponatur
1460 1989 1521 2035 ante
1530 1996 1624 2036 vocem
1637 1975 1707 2043 Θεός
1720 1999 1728 2031 :

159 2071 213 2131 Καὶ
226 2071 294 2138 Θεός
307 2063 364 2143 {luo
376 2069 469 2149 Λόγος.
486 2068 556 2128 Hinc
572 2089 637 2128 run
653 2068 691 2128 sic
704 2070 900 2149 argutabantur
913 2067 975 2127 illi:
991 2071 1055 2132 Vox
1069 2069 1137 2138 Θεός
1151 2090 1213 2129 cum
1227 2070 1341 2131 articulo
1353 2071 1472 2150 aliquam
1483 2070 1566 2129 habet
1585 2071 1729 2151 ἐνέργειαν,

159 2187 213 2245 qua
225 2165 406 2245 significatur,
419 2163 499 2222 illum
512 2163 602 2243 ipsum
617 2184 673 2222 esse
682 2165 781 2240 Deum,
794 2161 824 2221 id
836 2175 884 2239 cst,
896 2184 992 2224 verum
1008 2165 1107 2240 Deum,
1123 2165 1196 2243 quod
1208 2165 1243 2224 de
1256 2165 1336 2225 Patre
1348 2165 1456 2246 legitur.
1476 2166 1541 2225 Sine
1550 2164 1665 2225 articulo
1678 2187 1731 2224 au-

160 2275 225 2338 teur,
240 2275 269 2318 ut
281 2259 316 2319 de
330 2259 401 2318 Filio
411 2257 528 2335 dicitur,
542 2278 595 2317 non
610 2279 703 2339 parem
717 2257 775 2318 vim
788 2257 879 2317 habet.
901 2257 971 2317 Hinc
983 2258 1168 2338 significatur,
1187 2259 1313 2335 aiebant,
1329 2281 1382 2320 non
1395 2259 1488 2320 eodem
1510 2259 1590 2320 modo
1608 2261 1729 2339 Patrem,

161 2355 308 2434 codemque
318 2354 419 2414 Filium
428 2375 483 2413 esse
496 2355 586 2412 Deum
599 2376 605 2410 ε
618 2354 698 2411 Pater
708 2352 781 2411 enim
794 2365 890 2412 natura
904 2355 978 2413 Deus
990 2367 1015 2413 ct
1027 2354 1100 2412 solus
1108 2375 1190 2438 verus
1201 2356 1275 2415 Deus
1286 2368 1334 2431 est,
1347 2355 1434 2416 Filius
1447 2368 1537 2415 autem
1551 2354 1731 2436 peradoptio·

162 2464 337 2510 nemtantum
350 2452 433 2521 Deus,
450 2469 499 2508 nec
511 2469 593 2509 verus
603 2450 684 2507 Dens.
699 2448 781 2507 Hora
792 2447 926 2529 principio
939 2447 1009 2507 inter
1023 2449 1159 2531 precipua
1173 2450 1334 2510 brianonum
1344 2464 1500 2530 argumenta
1514 2449 1730 2531 computabatur,

127 2551 130 2555 ’
162 2546 214 2606 hoc
223 2546 288 2605 item
301 2544 423 2604 hnomoei
435 2557 564 2625 perpetuo
577 2542 761 2602 venditabant.
773 2545 808 2602 tt
819 2542 901 2602 talem
914 2543 1091 2624 objectionem
1105 2566 1160 2604 non
1173 2545 1219 2605 hic
1230 2545 1321 2622 ruodo,
1333 2545 1379 2606 sed
1390 2546 1418 2606 in
1429 2545 1492 2605 aliis
1501 2545 1582 2606 etiam
1592 2544 1731 2626 opusculis

163 2656 270 2701 strenue
282 2641 380 2702 refellit
392 2654 419 2700 et
430 2640 549 2699 confutat
560 2637 781 2720 Chrysostomus,
795 2637 834 2696 ita
845 2651 875 2696 ut
889 2658 922 2697 ne
934 2639 1033 2697 mutire
1045 2639 1155 2718 quidem
1169 2654 1260 2700 contra
1273 2640 1363 2722 liceat,
1375 2640 1428 2700 nisi
1442 2662 1574 2701 suminam
1588 2639 1731 2721 impuden-

163 2736 229 2796 tiam
242 2735 438 2817 profitentibus.
455 2731 580 2793 Ostendit
593 2734 665 2791 enim
679 2733 707 2791 in
727 2733 821 2792 multis
834 2732 980 2813 Scriptura
1002 2755 1082 2794 sacrae
1097 2735 1164 2795 locis
1184 2733 1273 2795 Deum
1292 2736 1399 2795 Patrem
1413 2736 1471 2796 sine
1483 2735 1597 2795 articulo
1608 2734 1689 2817 poni,
1705 2747 1731 2794 et

163 2833 283 2896 vicissim
294 2834 382 2891 Deum
392 2830 494 2890 Filium
504 2849 565 2887 cum
574 2827 698 2904 articulo,
712 2827 784 2887 unde
797 2827 889 2886 statim
902 2827 963 2887 talis
979 2830 1130 2910 argumenti
1145 2830 1261 2890 futilitas
1277 2832 1475 2913 comprobatur.
1492 2831 1637 2893 Brevitatis
1648 2852 1732 2912 porro

162 2948 244 2989 causa
256 2927 323 2988 locis
332 2924 490 3007 hujusmodi
501 2922 645 2983 referendis
656 2923 868 3004 supersedemus.

201 3023 395 3085 Homtiarero
405 3021 512 3100 quinta,
532 3040 559 3099 p.
579 3019 630 3096 55,
646 3017 752 3078 eosdem
770 3018 909 3079 hereticos
929 3019 1044 3100 impetit,
1060 3020 1106 3100 qui
1121 3036 1221 3102 puncto
1237 3022 1374 3105 interjecto
1389 3023 1459 3084 banc
1479 3022 1628 3083 clausulam
1649 3021 1731 3083 vitia·

163 3120 240 3199 hant,
256 3118 311 3182 Καὶ
322 3117 405 3202 χωρὶς
418 3120 498 3176 αὐτοῦ
509 3114 611 3194 ἐγένετο
624 3112 683 3173 οὐδὲ
699 3111 727 3171 ἓν
740 3113 755 3173 ό
766 3112 882 3192 γέγονεν,
897 3115 939 3175 Et
952 3118 1017 3174 sine
1029 3118 1091 3194 ipse
1100 3116 1222 3197 factum
1237 3130 1283 3178 est
1301 3121 1378 3178 nihil
1387 3119 1468 3197 quod
1476 3119 1599 3201 sactum
1616 3130 1669 3177 est.
1686 3117 1733 3176 llii

164 3235 229 3277 vero
237 3228 299 3297 post
311 3211 370 3274 etet
381 3211 409 3271 lu
427 3223 557 3292 punctum
571 3207 739 3288 adjicientes,
757 3220 840 3267 totam
854 3209 1012 3268 sententiam
1032 3209 1227 3289 adulterabant,
1249 3212 1316 3272 dum
1331 3213 1370 3272 ita
1391 3213 1635 3294 interpunctionem
1649 3231 1732 3293 pone·

165 3323 224 3372 rmtt
233 3332 243 3369 a
252 3306 308 3371 Kal
316 3305 398 3394 χωρὶς
412 3309 491 3365 αὐτοῦ
501 3303 604 3383 ἐγένετο
614 3301 673 3362 οὐδὲ
687 3302 725 3362 όν.
739 3300 777 3363 Ὃ
791 3303 897 3383 γέγονεν
911 3305 938 3364 ἐν
952 3307 1025 3384 αὐτῷ
1036 3304 1090 3377 ζωὴ
1105 3297 1150 3378 ἢν,
1162 3308 1205 3366 Et
1211 3310 1274 3366 sine
1285 3310 1348 3386 ips‘o
1352 3306 1476 3388 sactum
1486 3320 1529 3366 est
1545 3308 1629 3365 nibil.
1645 3308 1734 3385 Quod

156 3407 278 3490 sactum
292 3417 335 3462 est
347 3405 379 3460 in
391 3405 453 3478 ipso
462 3402 529 3459 vita
544 3411 616 3458 erut.
633 3397 723 3470 Quam
737 3397 853 3458 absurde
866 3398 902 3458 ita
912 3397 1027 3478 legatur,
1041 3412 1067 3457 et
1079 3413 1146 3483 qupt
1164 3413 1319 3479 quantaque
1332 3422 1367 3460 ex
1383 3400 1541 3482 hujusmodi
1558 3401 1672 3460 lectione
1685 3402 1734 3462 ab·

165 3519 230 3560 sona
241 3510 387 3577 sequantur
399 3494 524 3576 pluribus
535 3491 650 3552 ostendit
665 3492 882 3574 Chrysostomus.
895 3491 949 3552 Sed
961 3492 996 3565 ab
1010 3493 1055 3571 iis,
1068 3491 1133 3572 quia
1144 3494 1266 3575 longiora
1277 3509 1349 3573 sunt,
1363 3494 1508 3555 referendis
1521 3494 1716 3556 abstinebimus
1723 3518 1733 3574 5

165 3596 254 3678 ipsam
265 3593 407 3654 homiliam
422 3589 500 3649 adeat
509 3587 645 3649 studiosus
658 3588 750 3648 lector.

206 3689 300 3766 Neque
322 3684 392 3744 solos
415 3687 557 3743 Anomoeos
569 3679 726 3762 aggreditur
731 3704 741 3759 ;
757 3703 851 3742 rerum
868 3682 962 3761 etiam,
988 3704 1074 3764 neque
1089 3706 1168 3762 raro,
1186 3684 1304 3745 Paulum
1317 3685 1539 3764 samosatenum,
1553 3686 1733 3766 Sabellianos,

167 3781 356 3843 Marcionistas
367 3792 393 3839 et
402 3777 579 3853 Manichacus,
595 3798 698 3836 necnon
711 3798 756 3836 eos
769 3777 816 3856 qui
829 3777 957 3839 dicebant
970 3779 1072 3839 Filium
1088 3780 1198 3853 δοκήσει
1211 3794 1317 3839 unnim
1331 3800 1439 3839 carnem
1450 3782 1622 3858 assumsisse,
1637 3781 1734 3862 idest,

166 3877 376 3939 incarnationem
390 3896 445 3934 esse
459 3872 629 3954 phantasiam
639 3886 718 3951 atque
732 3873 904 3952 figmentum,
916 3894 1002 3954 neque
1011 3895 1075 3935 vere
1087 3896 1209 3954 unquam
1226 3874 1331 3935 Filium
1344 3874 1513 3935 incarnatum
1524 3876 1620 3951 fnisse3
1630 3876 1676 3936 sed
1691 3877 1736 3936 in·

168 3973 329 4036 carnationis
338 3971 453 4052 speciem
466 3983 570 4028 tautum
583 3989 639 4049 pra
648 3990 676 4027 se
685 3969 786 4028 tulisse.
799 3970 866 4042 Quae
873 3969 981 4029 heresis
989 3970 1084 4051 primis
1094 3970 1222 4031 Ecclesia
1229 3970 1334 4030 seculis
1344 3970 1468 4048 suborta,
1479 3971 1667 4053 Chrysostomi
1675 3993 1735 4035 aero

167 4069 258 4129 adhuc
268 4067 387 4147 rigebat,
398 4077 428 4123 ut
439 4065 497 4145 ipse
507 4063 667 4122 testificatur
680 4063 780 4123 Homil.
796 4063 946 4142 undecima,
957 4086 983 4145 p.
997 4067 1046 4125 ot.

209 4166 306 4223 Contra
326 4160 488 4240 antiquiores
504 4157 644 4217 haereticos
663 4158 798 4219 auditores
819 4181 881 4219 suos
894 4181 948 4219 non
970 4181 1030 4219 raro
1046 4160 1134 4220 munit
1149 4176 1176 4221 et
1193 4176 1281 4222 armat
1304 4161 1522 4244 Chrysostomus,
1536 4162 1600 4241 quia
1623 4162 1738 4225 illorum

168 4257 276 4317 familiae
290 4256 379 4315 adhue
392 4277 449 4315 arn
464 4275 512 4315 suo
526 4267 683 4334 supererant
692 4268 718 4312 et
732 4275 795 4313 cum
813 4254 960 4314 Catholicis
970 4255 1121 4334 frequenter
1139 4256 1369 4316 conflictabantur.
1385 4258 1478 4337 Neque
1491 4279 1553 4317 cum
1569 4257 1624 4317 illis
1642 4257 1735 4336 medo,

168 4352 308 4414 sedetiam
324 4372 385 4410 cum
403 4349 558 4429 gentilibus,
580 4348 627 4427 qui
651 4348 741 4408 adhuc
759 4370 857 4429 magno
872 4371 982 4409 numero
998 4364 1164 4432 supererant,
1177 4350 1355 4433 pugnandum
1367 4352 1514 4412 Catholicis
1525 4367 1590 4412 crat.
1611 4352 1676 4412 Ideo
1699 4354 1740 4414 ad

171 4446 328 4530 hujusmodi
339 4444 483 4504 certamina
496 4443 558 4502 illus
572 4443 689 4502 instituit
706 4444 807 4504 Homil.
825 4446 877 4520 17,
890 4465 917 4525 p.
933 4447 1007 4521 101,
1025 4459 1051 4504 et
1069 4447 1138 4505 toa.
1161 4448 1225 4506 Non
1238 4446 1326 4506 solum
1344 4468 1379 4507 ex
1397 4447 1544 4526 gentilibus
1557 4447 1737 4529 popularibus

169 4546 250 4607 multi
261 4541 355 4603 ebrios
365 4538 532 4599 Christianos
541 4537 743 4616 adoriebantur3
753 4537 800 4598 sed
812 4539 892 4598 etiam
903 4538 1060 4621 philosophi
1070 4539 1182 4619 quidam
1195 4542 1337 4621 gentilium
1348 4541 1432 4602 libres
1446 4541 1598 4602 scribebant
1606 4541 1737 4605 adversus

170 4641 328 4720 religionem
342 4636 534 4710 Christianam,
549 4655 666 4713 quorum
678 4633 748 4694 duos
758 4648 948 4694 commemorat
958 4648 1066 4694 sanutus
1079 4635 1175 4695 doctor
1188 4658 1215 4717 p.
1231 4639 1297 4696 tua.

209 4740 316 4800 Verum
322 4730 446 4813 quamvis
457 4742 483 4789 et
492 4728 603 4809 gentiles
611 4742 638 4787 et
646 4728 707 4788 illas
717 4729 829 4788 haereses
844 4750 897 4788 non
907 4749 968 4788 raro
981 4743 1170 4790 commemoret
1178 4744 1204 4791 et
1212 4745 1313 4813 carpat,
1325 4733 1461 4794 Anomoeis
1470 4734 1640 4796 confutandis
1650 4738 1738 4797 maxi·

172 4854 244 4896 mam
260 4831 369 4891 adhibet
382 4847 500 4908 operam,
508 4825 589 4884 modo
602 4824 714 4883 iNorum
728 4825 891 4906 objectiones
899 4824 1034 4906 depellens
1043 4840 1069 4885 et
1079 4848 1154 4885 arma
1168 4826 1323 4886 ministrans
1333 4827 1514 4908 auditoribus,
1528 4829 1608 4890 modo
1625 4830 1737 4894 illorum

172 4925 352 5006 arrogantiam
366 4935 392 4981 et
407 4920 538 4979 insaniam
553 4917 705 4994 traducens,
721 4931 752 4977 ut
765 4919 865 4978 Homil.
883 4921 938 4996 16,
955 4941 982 5000 p.
999 4921 1050 4997 94,
1067 4922 1112 4980 D:
1126 4923 1260 4981 loannes
1282 4941 1314 4981 se
1327 4924 1481 5004 indignum
1503 4928 1546 4983 ait
1564 4929 1617 5006 qui
1639 4927 1738 4990 solvat

172 5023 326 5102 corrigiam
341 5017 544 5077 calceamenti.
562 5017 680 5074 Inimici
693 5026 790 5072 autem
806 5017 942 5075 veritatis
960 5018 993 5074 in
1007 5027 1120 5073 tautam
1137 5029 1330 5095 prorumpunt
1352 5021 1516 5090 insanium,
1532 5033 1564 5078 ut
1584 5021 1685 5082 dicunt
1706 5043 1737 5084 se

174 5137 257 5178 nosse
272 5116 357 5174 illum
371 5125 401 5171 ut
413 5114 474 5189 ipse
485 5130 516 5168 se
527 5114 615 5168 novit.
633 5110 700 5188 Quo
714 5111 843 5168 amentia
857 5112 931 5190 quid
944 5111 1069 5170 deterius
1080 5116 1093 5167 ?
1103 5131 1164 5192 qua
1175 5116 1347 5193 arrogantia
1357 5114 1431 5193 quid
1430 5114 1598 5194 furiosius?

213 5213 260 5271 Hae
271 5210 356 5289 igitur·
368 5206 529 5286 quotidianae
542 5204 708 5266 velitationes
721 5227 781 5283 quar
801 5206 901 5286 passim
921 5207 1075 5267 oriebantur
1091 5206 1159 5267 inter
1176 5208 1336 5288 populares,
1351 5221 1443 5270 eontra
1459 5211 1601 5274 hnomoeos
1619 5215 1741 5278 maxime
