3750 5940
77 448 205 502 curru.
233 428 281 500 ni.
309 452 427 505 exart.
775 430 846 529 519

101 574 246 636 verborum
259 574 413 639 doctrinm
424 578 491 661 ipsis
499 576 614 660 prebui,
628 576 849 659 operibusmba

100 668 259 731 confirmari
276 671 425 732 secundum
442 670 548 754 Moysis
567 671 664 751 legem,
673 670 720 750 qui
733 672 793 731 hec
807 671 850 731 ia-

101 759 181 820 cienti
196 776 222 820 et
234 760 337 823 dicenti
352 764 538 847 obtenperare
545 762 624 846 jubet
635 760 851 842 omnes,quendo

102 850 177 912 dieta
189 865 216 912 et
229 852 265 913 ad
278 855 404 935 pietatem
420 855 532 933 ducunt
544 868 571 916 et
583 851 689 934 magnis
706 867 769 914 sunt
782 852 851 914 fidu

103 944 250 1005 miraculis.
260 947 318 1007 Nec
332 947 492 1030 simpliciter
500 946 631 1008 muncula
640 942 852 1026 dixitsedqut·

65 1046 85 1095 ε
103 1034 140 1095 lia
151 1057 229 1097 nemo
242 1038 312 1098 alius
325 1039 443 1121 patrarit
454 1063 461 1097 ε
472 1039 550 1121 cujus
563 1039 603 1099 rei
619 1036 673 1120 ipsi
686 1050 766 1097 testes
776 1050 852 1097 erem

104 1147 167 1186 cum
180 1126 301 1189 dicerent
311 1153 318 1187 ε
329 1133 499 1213 Numquam
513 1133 601 1191 bomo
613 1134 656 1192 sic
668 1133 807 1212 appartet
818 1132 852 1188 in
859 1115 886 1227 ἐξ

105 1221 214 1292 Israil,·
228 1235 265 1300 et,
285 1221 319 1282 A
339 1225 447 1284 soeculo
472 1245 532 1283 nort
554 1237 597 1285 est
610 1224 754 1297 auditum,
772 1224 886 1306 quadra

105 1316 171 1394 quis
184 1319 332 1393 openterit
341 1316 441 1377 oeulos
453 1320 525 1376 eoeci
534 1315 685 1376 notititem
697 1314 732 1376 de
741 1317 851 1392 lamro,

105 1417 185 1482 atque
197 1404 298 1464 similia
315 1407 400 1467 multa
416 1407 530 1489 proferri
545 1422 665 1491 possent,
680 1428 783 1469 necnon
798 1407 853 1469 mi-

106 1496 261 1555 raculorum
271 1497 370 1559 modus
380 1521 387 1556 ι
396 1500 487 1559 omnia
496 1514 568 1561 certe
580 1514 695 1580 nova,et
707 1498 850 1583 stupende.

107 1588 164 1649 Cur
182 1609 259 1669 ergo,
283 1591 389 1670 inquit,
406 1606 434 1652 et
455 1606 483 1652 te
507 1607 535 1655 et
559 1614 608 1654 nos
636 1593 853 1675 persequuntur?

111 1686 188 1763 Quia
205 1686 242 1744 de
259 1687 369 1746 mundo
387 1708 448 1746 non
462 1692 541 1748 estis.
554 1688 587 1749 Si
603 1689 641 1748 de
654 1690 763 1748 mundo
778 1709 853 1750 esse·

109 1781 157 1850 tis,
174 1779 300 1839 mundus
314 1780 394 1860 quod
412 1799 498 1840 suum
518 1793 562 1840 est
576 1782 719 1862 diligeret.
732 1780 812 1842 Prius
824 1781 853 1840 in

62 1916 99 1957 ut
109 1870 265 1929 memoriam
279 1870 335 1931 illis
353 1884 462 1933 revocat
474 1873 568 1950 verba,
580 1895 641 1953 quar
654 1873 785 1934 iratribus
797 1874 854 1934 suis

72 1975 93 2019 Α
108 1961 215 2021 dixerat
231 1986 237 2019 :
253 1961 301 2022 sed
313 1963 372 2023 illic
379 1963 493 2042 quidem
503 1964 619 2044 cautius,
632 1985 666 2024 ne
678 1966 752 2048 ipsos
764 1966 854 2027 offen-

109 2055 196 2128 deret3
214 2054 341 2115 hierem
357 2068 450 2116 contra
467 2070 556 2117 totum
574 2057 717 2119 revelarit.
730 2058 767 2119 Et
782 2058 855 2120 unde

108 2147 194 2227 liquet
206 2167 255 2206 nos
270 2160 411 2229 propterea
431 2148 496 2209 odio
509 2150 625 2211 haberi?
640 2150 686 2211 Ex
704 2150 738 2211 iis
753 2151 855 2230 quein

110 2261 153 2299 me
171 2240 242 2298 facta
261 2253 334 2299 sunt.
350 2241 422 2300 Nam
436 2240 512 2321 quod
531 2242 667 2303 dictorum
685 2255 857 2324 geetommre

109 2353 232 2392 meorum
243 2352 389 2413 coarguere
407 2338 565 2416 potuerunt,
577 2348 608 2395 nt
621 2355 665 2395 me
681 2356 736 2396 non
754 2336 857 2419 recipe·

109 2429 186 2487 rent?
200 2426 308 2488 Deinde
321 2448 386 2487 cum
403 2448 446 2488 res
461 2428 595 2511 stupende
609 2429 688 2489 nobis
703 2444 782 2509 atet,
793 2452 857 2491 eau-

110 2540 168 2578 sam
179 2540 286 2598 quoque
296 2518 369 2580 dixit
374 2542 383 2596 5
391 2539 489 2602 nempe
498 2521 620 2602 ipsorum
634 2521 792 2601 nequitiam.
801 2523 856 2583 Ne-

110 2634 163 2692 que
175 2612 227 2672 hoc
235 2612 467 2692 sanababuit,sed
477 2613 558 2674 etiam
565 2615 725 2696 prophetam
734 2614 857 2693 adducit,

111 2704 252 2765 ostendens
274 2704 353 2765 illum
374 2704 433 2764 hac
449 2706 509 2787 jem
529 2706 596 2767 olim
617 2708 812 2787 praenuntiatae
826 2729 858 2768 ac

112 2797 215 2859 dixisse
226 2821 233 2855 ε
245 2799 296 2858 25.
315 2800 393 2878 Quia
413 2800 480 2858 odio
501 2801 666 2860 babuerunt
686 2822 734 2861 me
752 2784 886 2884 gratiss

113 2890 194 2964 Quod
219 2906 245 2950 et
268 2891 369 2951 Paulus
393 2891 466 2950 t'acit.
486 2891 585 2969 Multis
606 2892 679 2953 enirn
696 2893 860 2954 mirantibus

76 2989 95 3035 Β
114 2983 189 3062 quod
206 2981 296 3045 Judaei
318 3004 371 3043 non
389 2982 564 3063 crediderint,
579 2985 724 3066 prophetas
739 2987 817 3047 effert
830 2986 861 3048 id

114 3077 180 3135 olim
196 3076 418 3156 praenuntiantes,
431 3088 458 3134 et
471 3096 579 3135 causam
592 3078 755 3158 proferentes
767 3078 860 3139 incre·-

115 3170 249 3247 dulitatis,
265 3190 361 3251 nempe
373 3168 507 3229 malitiam
520 3182 547 3228 et
558 3171 740 3251 arrogantiam
753 3193 859 3233 eorum.

115 3262 191 3337 Quid
203 3263 288 3342 ergo?
302 3262 324 3322 si
335 3282 485 3322 sermonem
495 3275 574 3321 tuum
586 3283 640 3323 non
650 3278 804 3345 servarunt,
815 3284 862 3325 ne-

115 3378 168 3436 que
186 3367 308 3415 nostrum
319 3355 486 3415 servabunt:
501 3355 525 3415 si
543 3369 570 3415 te
586 3356 742 3438 persequmi
755 3370 864 3433 suntet

115 3471 164 3509 nos
173 3461 366 3530 persequentur
380 3471 387 3505 ε
403 3447 427 3508 si
433 3446 563 3509 viderunt
578 3449 655 3531 signa
666 3449 758 3530 qualia
771 3451 864 3511 nullus

61 3567 63 3576 ’
116 3544 185 3603 alius
199 3543 277 3619 secit;
292 3542 316 3602 si
334 3542 418 3604 verba
440 3542 585 3604 audierunt
599 3564 653 3604 non
667 3544 798 3605 hactenus
815 3566 864 3605 au·

116 3638 183 3713 dita,
198 3651 223 3698 et
243 3636 315 3697 nihil
335 3637 520 3718 proiecerunt3
535 3637 559 3697 si
577 3641 686 3700 Patrem
701 3652 779 3699 tuum
796 3653 823 3698 et
839 3652 866 3700 te

117 3731 251 3791 oderunt:
265 3751 314 3789 cur
333 3751 381 3789 nos
406 3729 434 3789 in
456 3729 559 3790 medios
578 3729 715 3813 injecisti?
728 3732 865 3811 quomodo

118 3845 166 3883 nos
180 3822 234 3882 fide
250 3821 328 3903 digni
346 3821 465 3881 eumue?
478 3821 541 3901 quis
554 3844 590 3882 ex
605 3822 804 3883 contribulibus
817 3844 866 3883 nos

118 3918 229 3978 audiet?

61 4033 63 4052 ·
159 4013 187 4070 5.
205 4012 246 4069 Ne
265 4008 356 4087 itaque
371 4007 428 4066 hare
441 4006 587 4087 cogitantes
599 4009 786 4087 turbarentur,
801 4006 867 4069 ride

61 4124 63 4143 ·
119 4124 201 4182 quam
214 4102 309 4161 afferat
335 4099 552 4159 consolationem.
576 4103 625 4160 96.
651 4102 725 4161 Cum
751 4105 868 4161 vemt

61 4199 63 4244 ἰ
82 4194 101 4240 C
122 4195 308 4265 Paracletus,
327 4213 413 4274 quem
427 4214 480 4274 ego
491 4198 618 4265 mittam,
636 4193 775 4273 Spiritum
788 4197 868 4252 ueri·

61 4331 64 4344 .
121 4291 202 4357 tatis,
219 4290 270 4366 qui
289 4307 309 4344 a
322 4287 415 4344 Patre
427 4286 570 4365 procedit,
596 4286 649 4345 ilie
670 4289 870 4347 testimonium

61 4384 65 4434 ἰ
119 4382 282 4461 perhibebit
298 4380 335 4437 de
361 4399 416 4436 me.
437 4380 487 4438 nt.
514 4380 556 4436 Et
576 4397 632 4437 uos
658 4382 867 4451 testimonium,

61 4505 65 4512 ·
120 4474 319 4553 perhibebitis,
338 4473 410 4551 quia
428 4472 466 4528 ab
489 4474 574 4528 initio
589 4492 702 4530 mecum
724 4475 802 4531 estis.
821 4470 872 4531 Ille

61 4598 68 4607 -
123 4564 178 4623 fide
191 4563 291 4642 dignus
305 4562 355 4620 erit
368 4584 375 4617 a
390 4582 453 4620 nam
475 4561 595 4643 Spiritus
610 4562 732 4623 veritatis
743 4576 791 4623 est.
807 4562 872 4623 ideo

61 4680 69 4723 ς
124 4678 176 4715 non
189 4654 322 4736 Spiritum
344 4667 481 4730 sanctum,
500 4652 549 4713 sed
570 4644 709 4734 Spiritum
733 4661 872 4716 veritatis

61 4784 68 4795 -
124 4747 215 4828 ipsum
224 4748 340 4806 vocavit.
350 4746 425 4805 Illud
436 4766 511 4823 vero,
527 4746 585 4824 Qui
598 4767 618 4806 a
628 4749 720 4806 Patre
726 4749 869 4828 procedit,

61 4878 69 4888 ·
124 4839 241 4899 ostendit
255 4839 344 4919 ipsum
358 4838 448 4897 omnia
461 4851 585 4897 accurate
597 4858 683 4916 nosse,
697 4838 771 4919 quod
789 4838 872 4900 etiam

61 4970 69 4981 ·
124 4934 159 4994 de
179 4934 267 5014 seipso
288 4931 357 4991 dicit
377 4931 517 4991 Christus:
530 4932 597 4992 Scio
619 4933 698 4992 unde
720 4937 821 5007 uenio,
845 4946 873 4992 et

61 5053 72 5111 ρ
127 5048 184 5109 quo
200 5027 294 5101 uado,
310 5039 336 5084 et
348 5024 393 5085 hic
406 5025 441 5085 de
452 5024 564 5087 veritate
576 5025 694 5104 loquens.
714 5026 805 5104 Qtem
820 5045 873 5106 ego

61 5148 73 5191 ς
127 5124 251 5180 mittam.
263 5116 336 5177 Ecce
349 5139 402 5178 non
425 5121 505 5178 Pater
525 5118 608 5195 solus,
622 5116 669 5177 sed
692 5117 773 5177 etiam
788 5117 874 5176 Filius
