3750 5940
325 430 359 478 ttt
384 430 624 480 annuntientur
651 430 878 496 nsuontnnts,
900 428 975 479 me.
1362 404 1430 482 661

58 551 158 613 δλθάνν·
172 542 285 633 λλθιγδ
312 553 357 613 ἐπὶ
369 557 418 626 τῆς
448 559 491 622 ”ς·
507 544 590 631 ἀλλδζ
600 554 640 616 Σίν
658 561 675 608 tt
692 554 837 633 ignoraret,
849 552 897 632 qui
910 563 1043 634 spectator
1057 549 1200 613 descensus
1211 552 1247 613 de
1259 555 1326 615 caelo
1347 556 1436 637 Spiri-

57 658 74 702 ις
94 633 192 707 (δῆλον
206 632 257 713 γὰρ
271 576 312 691 dir
332 637 358 693 δν
374 638 413 713 τῷ
428 580 504 714 idq),
519 634 537 706 ἢ
553 635 641 716 ίτερον
691 647 736 692 tus
745 634 830 693 sancti
837 632 899 707 fuit,
910 645 937 692 et
951 644 1068 713 patcruae
1075 631 1149 691 vocis
1158 631 1275 707 auditor,
1283 633 1319 695 de
1326 635 1386 717 ipso
1392 636 1437 695 di·

61 737 70 786 ;
692 712 859 772 centisrllic
867 724 910 771 cst
921 712 1019 771 Filius
1030 712 1288 786 meusdilcctus,in
1296 736 1354 794 quo
1363 719 1437 775 mili

691 793 875 872 complacui?
887 792 992 854 Verum
1010 792 1164 871 interrogat,
1175 814 1229 870 quo
1239 795 1337 874 pacto?
1351 796 1396 853 Tu
1408 816 1437 856 cs

693 871 740 949 qui
750 871 834 947 venis,
848 892 883 929 au
894 871 983 930 alius?
996 871 1056 930 Nou
1071 869 1203 948 dixit,Tu
1217 894 1245 932 cs
1260 872 1307 952 qui
1317 873 1435 934 venisti:

692 971 756 1009 narn
769 951 833 1010 etin
849 963 946 1010 terram
962 951 1053 1011 venit:
1068 951 1123 1025 sed,
1147 953 1191 1010 Tu
1217 973 1258 1024 es,
1284 957 1336 1034 qui
1351 959 1438 1014 uenis

692 1030 834 1104 (sciliceta
856 1029 894 1089 ud
906 1029 1024 1106 inferos),
1046 1052 1087 1089 an
1097 1031 1193 1089 ulium
1209 1046 1409 1112 exspectamus
1423 1039 1533 1098 istaut.
1545 1051 1570 1101 1.

57 1134 69 1192 p
82 1112 109 1169 ἐν
120 1112 208 1190 ἑαυτῷ
221 1113 235 1168 δ
250 1106 388 1182 Ἰωάννης,
401 1109 445 1170 δτι
458 1110 561 1188 μήποτε
577 1109 641 1188 βοά·
731 1113 760 1168 2.
775 1111 843 1169 Dice
877 1123 889 1168 1
902 1110 973 1169 enim
988 1109 1062 1190 apud
1084 1131 1113 1169 se
1130 1113 1246 1172 loannes
1261 1135 1267 1168 :
1284 1114 1356 1172 Num
1369 1114 1438 1174 lorte
1450 1127 1485 1174 Ι7·

57 1214 64 1249 ι
85 1188 269 1264 ἐνδυναμιίισας
290 1191 325 1254 εἰς
349 1188 393 1247 τδν
410 1188 475 1270 ᾅδην
489 1189 641 1271 ἐκπέμψαι,
690 1208 724 1246 an
744 1189 818 1247 elum
864 1189 945 1248 tentia
956 1190 1117 1249 instructum
1130 1212 1146 1248 a
1157 1211 1185 1249 se
1198 1213 1229 1250 ac
1242 1192 1439 1268 munitum-ad

57 1293 93 1348 γον
109 1271 296 1352 ἐπιτελοῦντας
311 1267 329 1339 ἢ
344 1268 448 1347 μήποτε
464 1269 568 1340 θελήσει
583 1269 642 1339 τοὺς
692 1209 946 1328 inlemsadbmus
960 1291 1039 1328 suum
1052 1268 1255 1348 exsequendum
1276 1272 1337 1333 vult
1351 1276 1439 1334 mitto·

57 1354 126 1430 ρωνῆ
143 1353 307 1422 ἀναστῆσαι,
327 1352 363 1414 ὡς
384 1349 428 1408 ἐπὶ
450 1355 495 1408 τοῦ
517 1349 640 1430 Λαζάρου
690 1348 786 1407 retan
802 1360 864 1408 tero
887 1362 997 1408 cunctos
1012 1370 1065 1408 una
1088 1370 1153 1408 voce
1165 1351 1439 1429 exsuscitaturusest,

57 1428 80 1488 ιδ
88 1415 165 1487 τοῦτο
175 1428 213 1506 μὴ
223 1429 391 1508 δυνάμενοςν
411 1427 529 1502 ίνιινπλν
543 1429 640 1508 βουλὴν
692 1426 760 1486 utin
776 1429 878 1487 Lazaro
891 1428 978 1489 iecit?
1000 1428 1184 1500 Quamobrem
1195 1451 1258 1489 cum
1270 1429 1304 1489 de
1327 1434 1440 1492 oonsilio

57 1536 77 1581 ι,
90 1509 251 1568 πυνθάνεται
264 1509 364 1585 λέγων·
380 1453 420 1567 lib
435 1499 487 1568 εἶθ
501 1509 641 1590 ἐρχόμενος
692 1507 802 1567 Domini
826 1507 950 1589 judicare
973 1526 1025 1567 uon
1045 1522 1143 1589 posset,
1158 1509 1302 1589 interrogat
1326 1510 1439 1572 dicens:

57 1589 189 1666 τδοκῶμεν
204 1591 280 1647 ἐντῶ
295 1589 361 1660 tem
372 1590 474 1647 Τοῦτον
489 1589 640 1649 ἀπέκτεινεν
695 1587 739 1645 Tu
752 1607 783 1646 cs
803 1591 856 1668 qui
870 1591 966 1661 venis,
978 1609 1019 1647 an
1034 1588 1129 1647 alium
1143 1604 1343 1669 exspectamus
1365 1593 1441 1673 apud

57 1666 85 1725 αλ
95 1672 152 1735 πῶς
164 1690 319 1742 απεκτεινε;
330 1652 458 1727 ίίνεσίιον
469 1667 536 1768 γὰρ,
551 1669 640 1750 ρηοὶν,
692 1665 812 1726 inferos?
827 1667 906 1727 Hunc
919 1667 1017 1727 occidit
1026 1667 1153 1727 Herodes.
1164 1668 1226 1740 Quo
1237 1683 1315 1750 pacto
1326 1671 1439 1731 occidit?

58 1747 177 1827 ρχήσατο
190 1752 207 1819 ἡ
219 1747 336 1828 θυγάτηρ
362 1752 409 1819 τῆς
429 1747 592 1831 Ἱλρυιοιάδος
613 1751 640 1807 ἐν
693 1746 764 1804 Cum
775 1747 892 1807 natalem
906 1768 985 1808 suum
999 1747 1071 1807 diem
1087 1748 1243 1817 celebraret,
1258 1749 1366 1810 saltavit
1382 1752 1440 1810 filia

57 1827 117 1896 ιξιον
142 1825 261 1906 παίγνιον
286 1831 334 1897 τῆς
355 1825 477 1900 τοιαύτης
499 1829 640 1908 τραπέζης.
693 1823 856 1885 Herodiadr's
869 1827 897 1887 in
912 1826 1012 1887 medio.
1034 1827 1156 1906 Dignum
1169 1828 1287 1908 prolecto
1303 1829 1439 1891 ludicrum

57 1907 126 1986 utilit<
146 1906 193 1965 καὶ
214 1905 294 1986 χλιδὴ
309 1906 354 1964 καλ
371 1905 449 1985 μέθαι
471 1906 516 1966 καί
536 1913 640 1987 κῶμοι,
692 1904 741 1963 tali
763 1926 863 1964 mensa.
887 1906 942 1966 Ubi
969 1907 1040 1965 enim
1069 1906 1232 1966 effeminatio
1256 1923 1282 1967 et
1304 1908 1387 1969 luxus
1413 1924 1440 1970 et

57 2013 72 2060 ν,
87 1984 157 2045 ἀλλὰ
174 1986 263 2046 πάντα
277 1987 456 2065 σεσαλευμένον
470 1987 641 2048 καὶάνάοτα-
691 1982 831 2044 ebrietates
862 1999 889 2045 et
912 1986 1055 2060 convivia,
1080 1985 1152 2045 nihil
1176 1987 1286 2046 firmum
1311 2003 1360 2062 est,
1391 1990 1440 2049 sed

57 2090 116 2126 οντα
129 2065 179 2137 τλν
191 2064 311 2145 Ἡρώδου
325 2067 489 2148 παραρυράν.
500 2065 639 2127 Ἀκούσατε
692 2064 781 2122 omnia
795 2064 949 2145 perturbata
957 2080 983 2125 ct
990 2087 1090 2140 eversa,
1103 2086 1164 2144 qua
1179 2066 1295 2127 Herodis
1306 2066 1439 2129 insaniam

57 2169 90 2212 νις
108 2147 160 2203 τῶν
179 2147 331 2225 ὀρχηστῶν,
345 2149 369 2204 οἱ
379 2156 433 2213 τοῖς
451 2147 641 2228 πολυστρόροις
692 2141 819 2203 indicant.
841 2143 940 2204 Audite
950 2145 998 2223 qui
1012 2145 1169 2204 saltatorum
1184 2147 1335 2226 spectacula
1354 2170 1372 2206 u
1405 2170 1440 2209 uc

57 2224 189 2303 ιλυμίνων
202 2226 345 2304 μειρακίων
358 2224 418 2292 τοὺς
430 2229 530 2285 ἑαυτῶν
539 2230 639 2307 ὀρθαλ-
656 2231 674 2280 C
691 2220 761 2281 adeo
778 2224 887 2296 amatis,
922 2225 949 2283 ul
963 2224 998 2283 ad
1011 2224 1146 2284 flexibiles
1166 2225 1360 2285 dissolutorum
1373 2170 1440 2287 {do-

57 2315 132 2378 ῑντες,
151 2306 197 2364 καὶ
216 2304 263 2372 τὰς
277 2308 377 2364 ἑαυτῶν
401 2304 511 2385 καρδίας
523 2314 578 2373 τοῖς
590 2308 638 2366 λε·
691 2301 847 2363 lescentium
866 2246 948 2384 podes
968 2318 1070 2364 vestros
1084 2303 1177 2364 oculos
1199 2307 1440 2383 accommodantes,

57 2408 132 2444 κασιν
156 2387 242 2443 αὐτῶν
269 2383 466 2452 συνεκλύονεες·
493 2385 639 2459 ἀκούσατε,
691 2395 797 2440 νοεῖται
814 2383 918 2445 animos
930 2382 1013 2442 simul
1027 2404 1089 2442 cum
1100 2404 1193 2443 eorum
1214 2385 1335 2445 infractis
1359 2401 1441 2466 atquc

57 2465 165 2545 ρόνουὴ
183 2463 328 2544 πολθγυρος
343 2464 452 2546 ὄρχησις
465 2463 588 2538 ἤνθησεν.
604 2465 639 2526 Ἥ
690 2460 818 2521 emollitis
833 2462 992 2543 corporibus
1012 2462 1186 2537 effeminatis3
1199 2463 1291 2524 audite
1309 2464 1345 2525 ad
1360 2467 1441 2545 quale

57 2552 121 2603 Ιεῖσα
135 2543 246 2614 ὑπὸτῆς
260 2543 359 2624 μητρός
392 2567 452 2615 ησς·
467 2544 517 2612 Δός
530 2567 577 2621 μσς
589 2535 640 2604 ὦδε
690 2539 832 2601 obsonium
853 2540 933 2601 caedis
958 2541 1074 2602 effloruit
1099 2543 1157 2603 baec
1179 2544 1297 2604 flexuosa
1322 2545 1437 2609 saltatio.

57 2647 75 2696 p
90 2647 120 2683 κε
142 2623 208 2695 αλὴν
220 2623 354 2684 Ἰωάννου.
433 2630 518 2696 κακῆς
536 2625 640 2698 λεαίνης
690 2619 816 2681 lllavero
832 2621 1179 2702 praemonitaamatreait:
1195 2626 1247 2683 Da
1261 2627 1336 2683 milti
1349 2628 1507 2692 iticinlttd.
1522 2643 1589 2708 ¹4⁸·

57 2727 87 2763 ov
104 2646 213 2763 τίκνον·
234 2705 264 2762 οὐ
285 2704 382 2784 χρυσὸν
400 2705 572 2777 ἐπεζήτησεν,
593 2708 641 2765 οὐκ
691 2701 772 2759 disco
782 2714 870 2780 caput
884 2704 1021 2761 Ioannis.
1039 2704 1063 2761 Ο
1079 2701 1209 2783 improbar
1221 2703 1310 2763 leaena
1321 2727 1355 2764 cx
1367 2707 1439 2787 aspi·

57 2784 131 2850 άθοις
140 2781 261 2861 τιμίους,
278 2783 346 2844 ἀλλὰ
357 2782 406 2855 την
417 2783 534 2864 κεραλὴν
546 2784 641 2844 Ἰωάν-
689 2777 724 2838 de
738 2780 860 2857 genitum
872 2781 991 2840 foetum?
1007 2783 1069 2841 Non
1085 2803 1190 2857 aurum,
1215 2803 1267 2842 non
1288 2800 1438 2863 argentum,

57 2863 84 2923 ὲν
99 2865 143 2922 διδ
156 2863 244 2922 πίστιν
259 2865 421 2936 ἐπεζήτησε,
434 2862 502 2927 πολὺ
515 2864 640 2942 τιμιωτέ-
690 2879 742 2918 non
760 2859 865 2940 lapides
874 2861 1015 2941 pretiosos,
1030 2860 1079 2920 sed
1096 2875 1178 2941 caput
1200 2862 1311 2923 loannis
1330 2866 1437 2946 petivit.

57 2944 197 3015 r'lutu‘wou
213 2943 312 3010 παντὸς
329 2942 438 3026 χρυσίου
453 2943 497 3002 καλ
515 2942 639 3026 ἀργυρίου
690 2942 729 2996 Ac
744 2939 767 2996 si
781 2939 893 3017 quidem
918 2954 1028 3021 propter
1055 2940 1138 2999 fidem
1156 2942 1325 3031 postulasset,
1353 2946 1440 3006 multo

57 3025 250 3083 turnucum
265 3025 313 3082 οὐκ
327 3024 472 3096 ἐπεζήτησε
485 3022 527 3081 διδ
540 3023 639 3096 πίστιν,
690 3038 754 3076 sane
764 3019 908 3100 pretiosius
921 3033 961 3078 est
975 3034 1055 3101 eaput
1068 3023 1180 3082 loannis
1191 3043 1257 3082 auro
1268 3023 1376 3100 quovis,
1392 3048 1437 3085 ar-

72 3105 131 3165 ἆλλ’
151 3100 194 3160 ἵνα
213 3103 257 3162 τὸν
274 3102 381 3184 ἔλεγχον
399 3102 639 3185 άττοκτείνασα,τῇ
710 3111 781 3172 ento,
791 3099 878 3189 lapilli
912 3120 945 3158 tte
958 3100 1072 3158 maximi
1088 3100 1176 3181 prelii.
1190 3101 1272 3180 Atqui
1289 3123 1341 3162 11011
1358 3103 1394 3162 ob
1407 3106 1439 3164 ll-

57 3205 109 3254 ηται
120 3182 220 3251 ἄδειαν,
230 3181 279 3255 τὴν
292 3184 353 3242 ’ἐπὶ
374 3187 427 3242 τῶν
449 3186 538 3241 κακῶν
553 3185 640 3283 ἁμαρ·
691 3116 755 3236 dem
764 3180 851 3259 petirt,
864 3120 1005 3239 ulbonore
1015 3179 1145 3251 alliceret,
1155 3179 1203 3240 sed
1212 3194 1242 3240 ut
1251 3182 1441 3262 reprehensore

57 3286 82 3329 ις
102 3261 130 3320 δὲ
152 3261 187 3321 ‘0
203 3261 326 3340 βασιλεὺς
340 3262 475 3335 ἐλυπήθη,
491 3263 520 3320 οὐ
540 3263 583 3322 διὰ
596 3287 641 3322 τον
689 3257 785 3332 occiso,
796 3258 870 3317 omni
885 3258 982 3319 timore
992 3273 1104 3319 matrem
1115 3259 1250 3336 liberaret,
1260 3283 1314 3340 quo
1329 3262 1440 3344 impunc

57 3343 166 3424 οφητου,
182 3341 250 3401 ἀλλὰ
264 3344 308 3401 διὰ
326 3341 371 3400 τὸν
390 3342 470 3422 ρόὸον
484 3350 530 3402 τοῦ
541 3343 641 3424 δγλοο,
690 3357 719 3394 se
740 3340 815 3397 omni
838 3338 937 3398 scelere
960 3340 1175 3399 commacularet.
1195 3343 1236 3400 lit
1250 3346 1440 3404 contristatus
1452 3372 1578 3435 mast„

57 3446 73 3489 ς
94 3422 235 3502 προφήτην
249 3423 326 3482 αὐτὸν
343 3413 423 3501 εἶχον,
441 3424 475 3482 Et
488 3420 540 3503 γὰρ
552 3411 585 3481 δῖ’
600 3426 642 3483 εὖ.
656 3435 675 3481 n
690 3429 734 3475 est
748 3438 812 3494 rex,
828 3439 890 3477 cum
903 3417 957 3478 boc
970 3418 1098 3497 audisset,
1108 3420 1205 3480 nonob
1213 3419 1313 3480 caedem
1324 3423 1441 3504 prophe-

57 3511 129 3575 εῖτο,
143 3501 231 3562 οὐκᾶν
244 3500 376 3582 παρδτὴν
394 3501 481 3581 ἀρχὴν
496 3502 641 3580 δεσμώτας
690 3509 733 3570 ta,
747 3496 794 3556 sed
807 3497 843 3557 ob
854 3512 955 3558 metum
989 3498 1066 3575 lebis,
1085 3500 1214 3579 quoniam
1229 3522 1319 3561 omncs
1332 3517 1361 3561 ut
1375 3525 1440 3584 pro-

57 3584 124 3654 λακῆ
146 3582 273 3642 ἀπέθετο·
298 3583 356 3640 ἀλλ’
384 3582 504 3655 ἐλυπήθη
528 3582 570 3640 διδ
596 3584 640 3640 τὸν
691 3575 800 3657 phetam
810 3577 890 3637 illum
900 3521 1045 3638 habeliant.
1060 3579 1170 3639 Etenim
1180 3581 1202 3641 si
1212 3580 1249 3640 ob
1263 3583 1440 3644 reverentiam

57 3648 136 3722 ννόὲε
148 3666 165 3732 ἡ
178 3661 250 3757 ψνρὴ
266 3659 386 3742 Ἡρώδου
401 3660 493 3744 ὥσπερ
506 3664 532 3720 ἐν
548 3667 582 3733 τῆ
597 3666 642 3720 θα.
691 3655 904 3737 modestiamque
914 3660 1086 3719 contristatus
1103 3674 1179 3734 esset,
1194 3681 1246 3719 non
1258 3683 1318 3721 curn
1329 3684 1345 3721 a
1358 3664 1438 3743 prin-

68 3743 275 3820 άπειλημμενον,
287 3741 332 3800 καλ
346 3740 411 3821 πρὸς
421 3743 542 3821 ἑκάτερον
553 3728 641 3821 τὀῑχον
691 3734 762 3816 cipio
777 3739 900 3799 vinctum
915 3739 943 3798 in
964 3760 1097 3799 carcerem
1112 3739 1244 3814 misisset3
1261 3741 1309 3799 sed
1329 3758 1439 3832 prqpter

60 3822 92 3881 τδ
111 3827 220 3893 ποιῆσαι
233 3820 278 3880 τὸν
293 3823 370 3901 φόνον
390 3820 434 3880 διὰ
447 3822 491 3881 τὸν
507 3821 585 3900 ὄχλον
597 3845 642 3958 ρο·
691 3814 797 3895 plebem
811 3819 981 3879 contristatus
996 3833 1043 3878 est.
1053 3818 1119 3878 Erat
1128 3833 1193 3878 tunc
1205 3820 1321 3879 Herodis
1331 3843 1438 3881 animus

57 3902 69 3960 i
82 3902 114 3961 τὸ
128 3900 166 3977 μὴ
188 3904 299 3972 ποιῆσαι
310 3900 355 3959 τὸν
366 3899 441 3982 qinon
456 3899 508 3960 Διδι
520 3900 580 3968 τοὺς
614 3925 642 3983 ρ-
691 3896 768 3974 quasi
779 3898 856 3957 navis
877 3897 987 3957 inmari
1004 3899 1148 3979 intersepta
1171 3900 1437 3969 alluctibus‚et'in

57 4007 77 4050 t<
103 3980 335 4060 συνανακειμένους
359 3979 396 4059 μὴ
418 3979 641 4061 ννγχωρρύμςνος,
691 3987 838 4054 utrumque
861 3976 932 4036 latus
959 3977 1091 4037 vacillans
1107 4002 1114 4034 :
1130 3978 1178 4056 qui
1203 3977 1304 4037 cadem
1329 3993 1437 4069 patrare

61 4066 75 4121 6
92 4061 180 4127 astro<
196 4061 248 4121 ὑπὸ
259 4065 307 4132 τῆς
325 4062 390 4140 πρὸς
403 4061 452 4132 τὴν
466 4069 577 4140 γυναῖκα
591 4084 642 4120 πρ-
690 4068 801 4135 propter
822 4056 930 4136 plebem
944 4056 1067 4132 timebat,
1082 4071 1109 4115 et
1123 4057 1168 4116 cui
1187 4079 1239 4117 non
1259 4059 1434 4138 permitteba-

57 4147 119 4214 νῆς,
132 4140 300 4220 γρησάμενος
315 4141 391 4211 δῆθεν
409 4145 443 4212 τῆ
457 4140 564 4220 εὐορκίοι
575 4143 640 4220 πρὸς
691 4146 747 4208 tur,
762 4148 794 4193 ut
808 4157 824 4193 a
838 4134 910 4194 ratde
919 4135 1050 4217 patranda
1064 4136 1218 4213 abstineret,
1234 4139 1309 4196 Cum
1318 4152 1436 4219 propter

57 4245 80 4280 ςν
96 4210 248 4301 ποῦ’ράνου,
271 4219 380 4300 πέμψας
403 4199 580 4301 ἀπικεράλιίεε
594 4222 639 4280 τὸν
684 4216 907 4294 jusjurandum,
927 4228 989 4275 tum
1000 4230 1119 4306 propter
1132 4237 1190 4288 cos,
1205 4221 1256 4297 qui
1277 4220 1365 4278 simul
1375 4221 1436 4279 dis·

57 4325 81 4360 τι
97 4300 178 4359 κακόν
190 4302 247 4359 loru
265 4301 296 4360 τὸ
316 4299 432 4377 ὀμνύειν,
445 4305 489 4358 νῦν
512 4299 559 4378 μὲν
573 4324 638 4378 μνη-
689 4297 873 4354 cumbcbant.
901 4295 956 4356 Sed
970 4317 1062 4372 miser,
1079 4317 1224 4387 oppressus
1235 4311 1261 4358 ct
1280 4296 1387 4358 illectus
1400 4300 1436 4359 ab

67 4380 152 4452 ἡδέως
165 4379 318 4458 ὀμνύοντες·
335 4380 463 4440 ἀκούσατε
476 4385 521 4439 τοῦ
542 4380 637 4460 Κυρίου
689 4373 795 4433 ardenti
811 4374 840 4432 vi
856 4374 966 4451 amoris,
983 4396 1037 4453 quo
1059 4377 1199 4434 muherem
1210 4379 1434 4456 prosequebatur,

57 4457 270 4538 reposcuntur.
287 4462 320 4520 Et
330 4459 383 4541 γὰρ
397 4458 434 4539 μὴ
447 4459 535 4537 ὤμοσε
550 4458 638 4519 τόνρρ
655 4461 671 4506 Ε
688 4473 750 4511 cum
776 4468 802 4513 et
825 4454 983 4534 religionem
1004 4455 1163 4514 sacramenti
1181 4456 1345 4517 observandi
1365 4458 1432 4518 caedi

61 4540 92 4599 δν
108 4537 236 4620 ἠνάαγετο
252 4538 304 4603 ,τὸν
327 4538 403 4620 ράνον
427 4544 546 4611 ποιῆσαι.
560 4539 637 4599 Ἔδει
688 4534 940 4614 sacramencum,
953 4537 1048 4607 Misit,
1064 4547 1093 4593 et
1103 4537 1262 4595 decollavit
1274 4539 1432 4599 Ioannem.
1447 4567 1506 4611 lm,
1517 4583 1538 4612 ν,
1550 4579 1587 4612 ,Q

57 4619 155 4716 Um&
175 4608 241 4719 ρλωξ
254 4624 377 4692 ²⁸0²?th
388 4621 447 4679 ἀλλ,
458 4619 516 4716 ἐπεὶ
530 4618 636 4718 ὤμοσε,
690 4615 779 4703 Quam
796 4613 976 4706 perniciosum
989 4614 1025 4673 sit
1032 4615 1224 4707 μιαρά-ουτος
1235 4617 1348 4710 quidem
1358 4620 1436 4680 vobis

57 4697 635 4862 uitat:catilinianis
688 4696 1532 4857 transsumimusillicitat?m
1545 4806 1570 4853 ι.

57 4858 98 4918 ola
114 4858 175 4939 χεὶρ
185 4858 340 4955 ἐτόλμησεν,
359 4859 492 4937 ἀγαπητοὶ
503 4905 510 4931 ,
521 4864 560 4940 τῷ
569 4858 636 4941 ἁγίῳ
688 4854 758 4911 Nam
768 4853 791 4911 si
802 4854 983 4935 nonjurasset
993 4854 1088 4914 int'elix
1102 4855 1162 4929 iste,
1178 4877 1328 4934 numquam
1343 4857 1377 4917 ad
1388 4881 1437 4940 pa·
1447 4871 1486 4930 32.

57 4938 127 4998 ίννου
141 4961 315 5019 προοενιγιιαι
328 4939 359 4998 τὸ
371 4938 461 5018 ξίφος,
477 4938 505 4998 ὃν
522 4943 554 5010 os
574 4963 600 5007 ες
609 4944 635 4998 ἐν
688 4941 813 5000 trandam
826 4941 929 5003 σπάσαι
940 4943 1044 5026 impelli
1055 4943 1197 5025 potuisset.
1210 4945 1361 5026 Oportebat
1374 4947 1437 5024 qui·

57 5017 185 5093 ῖίσθησαν,
199 5018 227 5078 δν
241 5018 343 5087 λίοντις
361 4962 579 5099 θὲτρδμαξανάν
592 5043 637 5080 κι-
692 5019 766 5099 dem,
778 5036 809 5081 ut
819 5023 930 5084 omnino
945 5024 1140 5107 conjurassent
1157 5046 1254 5087 verum
1267 5025 1315 5087 ubi
1324 5026 1436 5107 jurarit,

66 5187 136 5243 κακῷ·
678 5181 847 5244 raparationem

57 5274 133 5305 τασαν.
156 5249 225 5302 infra
244 5250 323 5303 Savil.
339 5257 515 5325 καμαρτὺσυοαε.
536 5252 624 5307 blotcl.
