3750 5940
57 457 60 472 .
87 424 260 477 exuetur..
283 403 332 477 al.
361 426 513 480 mnvn.
787 407 859 509 599

57 575 59 609 :
111 563 206 612 terem
218 565 349 631 vamme,
361 566 389 613 ee
399 552 489 614 adhue
502 551 581 612 totio
596 552 785 634 interrogatus,
800 569 859 618 tur.

57 681 59 691 ›
109 642 189 703 batus
201 658 279 724 esset,
291 645 328 706 ob
340 645 433 727 priora
446 644 560 705 timidus
572 644 682 706 dfeotm
695 651 780 721 (nrm
793 662 859 709 tune

56 771 61 782 ·
109 736 244 797 affirmate
262 737 402 818 loquutus,
424 751 517 820 postea
537 750 679 819 superatus
701 745 759 817 est)
773 764 781 798 e
794 741 857 803 ideo

57 834 58 845 ¹
109 829 342 891 rursusadillum
352 831 485 912 confugit.
499 830 734 910 Nemeumdieit,
746 835 795 893 17.
811 836 857 895 Tu

57 969 59 988 .
111 926 212 983 omnia
233 927 307 997 scis,·
324 922 416 1000 idest,
437 922 579 1006 prasentia
590 938 618 985 et
630 923 734 985 futrum.
752 925 854 988 Viden'
928 975 947 1020 1>

57 1038 60 1080 ῑ
109 1033 209 1097 quanto
226 1019 322 1080 melior
336 1021 424 1080 faeno
444 1021 491 1097 sit,
506 1032 607 1099 quanto
626 1019 787 1098 modestior,
801 984 1008 1099 mapaliiiiii

57 1139 60 1151 ·
108 1125 264 1191 arroganter
279 1112 480 1189 sonu-adieens,
499 1125 531 1172 ut
545 1112 628 1172 ante?
643 1110 709 1172 ldso
730 1112 856 1174 turbatus
864 1105 1009 1212 ffi'uoe‘¹

57 1235 58 1240 κ
110 1204 251 1264 est:Nnm
274 1205 343 1265 forte
355 1225 418 1266 cum
435 1225 527 1264 amne
545 1225 590 1264 me
608 1216 713 1286 putem,
725 1224 779 1266 non
794 1227 856 1268 amo
988 1197 995 1210 ⁰

57 1317 58 1327 ¹
109 1307 211 1355 tamen:
223 1309 254 1356 ut
263 1311 325 1357 ante
335 1299 422 1358 altum
435 1298 542 1379 sapiens
551 1311 578 1358 et
587 1317 755 1376 asseverans,
763 1313 857 1380 postea

57 1420 61 1430 =
77 1399 94 1446 Β
109 1400 251 1467 superatus
263 1389 347 1449 sum?
360 1390 417 1450 Ter
429 1389 587 1471 interrogat,
601 1402 629 1449 et
642 1404 683 1449 ter
696 1389 790 1451 eadem
800 1392 856 1452 im-

57 1501 60 1526 ·
110 1492 195 1559 perat,
211 1493 242 1540 ut
263 1482 403 1560 ostendat,
423 1483 519 1562 quanti
537 1481 620 1543 faeiat
634 1483 730 1544 ovium
743 1504 856 1564 curam,

57 1604 59 1613 ·
110 1573 205 1634 ethos
226 1576 380 1637 maximum
395 1598 453 1638 esse
471 1577 573 1638 amoris
593 1596 657 1657 erga
671 1598 700 1639 se
712 1598 858 1659 argumen-

57 1687 61 1721 t
109 1677 178 1727 tum.
194 1669 237 1727 De
249 1690 341 1730 amore
358 1691 420 1751 erga
436 1690 464 1730 se
476 1668 557 1729 illum
567 1667 739 1747 alloquutus,
751 1685 857 1754 marty·

109 1756 182 1817 rium
195 1759 270 1840 quod
286 1782 416 1842 passumus
436 1774 493 1821 erat
513 1760 658 1842 praedicit:
672 1760 811 1823 decimans
827 1784 858 1824 se

57 1883 59 1893 ·
110 1868 162 1909 non
178 1851 251 1931 quod
266 1853 405 1916 diffideret
425 1853 464 1914 itu
484 1853 628 1934 loquutnm
642 1874 710 1932 esse,
731 1854 780 1916 sed
797 1876 856 1915 ma·

57 1975 60 1984 ·
110 1941 184 2003 xime
196 1944 315 2006 eredere.
331 1947 370 2007 Ut
384 1959 474 2006 autem
488 1946 588 2011 amoris
602 1947 758 2028 exemplum
768 1961 856 2008 ostem

57 2068 59 2077 ·
109 2034 198 2113 deret,
212 2037 373 2118 dooeoerqm
391 2038 528 2119 quomodo
540 2040 634 2121 ipsum
645 2061 737 2101 amare
748 2055 856 2124 oporte·

57 2171 59 2182 .
109 2141 158 2204 ret,
174 2130 231 2189 ait:
244 2131 292 2193 18.
309 2134 384 2192 Cum
399 2153 475 2193 esses
486 2135 601 2214 junior,
619 2135 756 2213 cingebas
772 2146 811 2206 te,
826 2145 856 2194 et

57 2255 58 2262 .
109 2224 284 2283 ambulabas
299 2227 349 2284 ubi
362 2225 485 2284 volebas
498 2248 505 2282 ε
518 2244 585 2284 eum
599 2237 699 2284 autem
712 2230 859 2301 senueris,

109 2315 164 2372 alii
177 2328 205 2375 te
214 2319 342 2396 cingent,
355 2329 385 2375 et
396 2318 504 2376 ducent
514 2337 572 2399 quo
586 2329 619 2376 tu
629 2337 690 2375 non
702 2320 759 2378 vis·
771 2316 856 2397 Atqui

74 2409 92 2457 C
108 2405 161 2465 hoc
173 2408 282 2468 volebat
295 2422 321 2468 et
333 2407 506 2468 desiderabat
518 2407 598 2468 :ideo
618 2420 645 2468 et
661 2407 714 2468 hoe
727 2409 781 2490 ipsi
793 2430 855 2469 ma-

108 2498 236 2558 nifestum
256 2499 329 2559 fecit.
360 2499 431 2559 Cum
453 2499 525 2559 enim
546 2499 699 2579 loquentes
722 2498 854 2578 dixisset,

109 2590 252 2651 Antimam
270 2615 363 2653 meam
375 2614 428 2665 pro
440 2606 468 2653 te
476 2613 604 2673 ponam
618 2607 655 2671 et,
673 2593 705 2653 Si
718 2605 852 2673 oportue·
864 2631 934 2681 ,m
951 2636 989 2683 ¹3·

107 2688 146 2741 rit
163 2706 209 2744 me
229 2689 303 2743 mori
317 2697 422 2757 tecum,
447 2704 507 2743 non
522 2697 550 2744 te
565 2687 686 2765 negabo,
701 2683 853 2745 desiderata
862 2694 902 2755 ³7.
919 2701 1004 2745 uaria.

107 2773 161 2855 ipsi
175 2776 313 2835 aneson.
329 2775 406 2848 Qun
423 2775 476 2835 sui
491 2775 551 2836 vm
570 2774 651 2851 unu
668 2777 732 2854 Quo
745 2787 778 2836 a
794 2796 854 2837 non
864 2759 904 2809 ²⁶·
917 2761 957 2812 ³⁶·

107 2871 178 2927 vis?
191 2870 300 2927 Natura
313 2869 441 2928 affectum
460 2881 487 2928 et
507 2867 596 2927 menis
608 2867 791 2955 mussitarem
810 2869 853 2929 in-

105 2959 188 3036 dicat,
204 2960 346 3039 innuitque
359 2960 478 3019 animam
492 2959 607 3019 invitam
617 2981 634 3019 a
644 2979 757 3042 corpore
777 2981 855 3043 sepa·

105 3052 168 3111 rari.
178 3053 280 3129 ltaque,
291 3050 355 3110 lieet
368 3051 493 3112 voluutas
504 3050 584 3110 firma
592 3064 617 3110 et
629 3065 753 3111 oonsuns
759 3052 854 3114 effectu

103 3158 169 3220 erat,
190 3158 308 3203 attamen
322 3156 419 3203 natura
437 3155 494 3203 erat
509 3141 657 3203 imbecille.
680 3144 766 3204 Neruo
778 3144 853 3206 euim

103 3240 160 3300 sine
169 3239 263 3299 dolore
274 3260 372 3321 eorpus
386 3239 509 3320 deponit,
521 3238 560 3298 ita
566 3241 635 3315 Deo,
644 3252 675 3299 ut
687 3238 760 3320 dixi,
773 3241 853 3302 utili·

103 3350 144 3395 ter
155 3336 336 3418 dispensante,
346 3356 381 3394 ne
390 3333 502 3415 plurimi
515 3334 661 3394 violentum
671 3333 725 3395 sibi
735 3349 853 3398 mortem

103 3430 240 3489 inferrent.
259 3431 328 3489 Nam
349 3427 373 3487 si
388 3427 469 3487 rebus
488 3426 527 3486 ita
544 3426 697 3508 dispositis,
709 3428 800 3510 potuit
811 3443 852 3489 ta·

67 3539 86 3585 1)
103 3544 163 3582 men
177 3521 304 3582 diabolus
322 3519 352 3580 id
372 3520 492 3597 effioere,
506 3533 533 3579 et
544 3519 699 3580 innumeros
708 3518 746 3580 ad
759 3521 853 3603 preci-

103 3617 169 3697 pitia
181 3630 207 3676 et
224 3614 367 3695 voragines
380 3613 519 3695 impellere
534 3637 540 3671 :
554 3613 606 3673 nisi
621 3614 676 3675 tale
685 3612 852 3675 desiderium

102 3730 165 3789 erga
177 3730 276 3790 eorpus
286 3706 382 3766 animae
394 3706 506 3766 insitum
521 3720 600 3782 esset,
613 3706 693 3766 multi
707 3706 752 3767 vel
766 3728 802 3766 ex
812 3707 851 3766 le-

102 3801 214 3862 vissimo
228 3821 341 3859 moerore
354 3799 407 3858 sibi
422 3813 537 3858 mortem
556 3799 696 3858 inferrent.
713 3798 786 3858 lllud
799 3798 853 3879 igi-

103 3908 158 3973 tur,
179 3897 291 3972 Quota
306 3913 366 3950 non
386 3896 444 3964 vis,
461 3891 613 3951 naturalem
631 3891 797 3951 demonstrat
811 3892 851 3952 af·

102 3989 211 4047 sectum.
235 3986 290 4045 Cur
308 4006 372 4046 vero
389 4005 452 4043 cum
472 3983 597 4062 dixisset,
614 3986 689 4045 Cum
711 4005 787 4045 esses
799 3989 850 4067 ju·

104 4088 179 4156 nior,
195 4080 288 4157 addit,
304 4081 377 4140 Cum
394 4092 493 4137 autem
509 4081 638 4138 senueris
649 4085 663 4136 t
674 4078 733 4138 Hoc
744 4078 851 4158 siguifi-

103 4189 190 4253 catur,
202 4176 293 4255 ipsunt
303 4193 351 4231 nec
361 4171 508 4251 juniorem,
520 4191 569 4229 nec
581 4191 669 4229 senem
679 4183 745 4229 tunc
755 4169 851 4243 fuisse,

103 4269 150 4328 sed
172 4269 264 4330 virum
291 4265 452 4347 perfectum.
473 4263 531 4321 Cur
553 4262 672 4343 priorem
692 4261 778 4322 vitam
796 4261 851 4342 ipsi

103 4359 342 4420 commemoravit?
351 4358 388 4415 Ut
400 4353 551 4414 ostenderet
560 4354 597 4412 ita
607 4374 636 4413 se
646 4374 704 4412 rem
712 4352 849 4417 habuisse.

103 4457 133 4514 ln
149 4451 322 4513 saecularibus
336 4447 408 4509 enim
422 4447 531 4528 juvenis
543 4446 633 4524 utilis,
648 4467 731 4506 senex
744 4445 851 4505 inutilis

102 4562 160 4609 est:
173 4546 247 4628 apud
260 4566 304 4604 me
323 4564 377 4602 non
393 4542 443 4617 ita,
458 4539 546 4600 sedin
561 4553 695 4600 senectute
714 4540 849 4601 fortitudo

102 4643 189 4722 major
199 4653 252 4713 est,
268 4634 412 4697 strenuitas
424 4633 603 4714 prestantior,
616 4645 694 4693 aetate
706 4632 777 4692 nihil
789 4631 850 4692 ohi-

67 4724 86 4772 ss
102 4736 140 4794 cis
151 4734 285 4794 afferente.
300 4730 364 4788 Haec
374 4747 455 4808 porro
466 4725 549 4804 dixit,
564 4745 618 4785 non
632 4739 663 4785 ut
675 4725 756 4784 illum
765 4737 848 4784 terre-

102 4829 208 4903 faceret,
222 4824 268 4885 sed
283 4836 314 4882 ut
331 4821 460 4881 excitaret
472 4843 479 4876 :
489 4832 602 4880 noverat
616 4819 689 4878 enim
701 4817 761 4899 ejus
773 4837 848 4876 amo-

102 4942 170 4996 rem,
197 4919 330 4996 illumque
354 4915 391 4974 ad
412 4913 469 4974 hmo
492 4925 597 4993 promte
620 4909 848 4989 tarimimulqne

119 5165 128 5186 ⁰
147 5146 212 5198 dilus
225 5149 312 5199 ἔδωκεν.
