3750 5940
153 403 228 500 δύο
492 433 523 483 s.
550 430 693 485 noturus
724 428 907 480 cuaisosr.
937 429 1092 479 κιοιιιιιν.
1120 426 1395 480 αοιιεικιιιινοι.
1506 414 1510 419 ’

152 559 310 619 resurrectio
324 572 438 621 mortem
450 564 668 642 sequanorum
683 564 740 622 uui
748 580 811 620 sum
832 579 895 640 ego,
950 559 1039 642 ρηοὶν,
1057 560 1122 639 πρὸς
1143 558 1293 634 κινδύνοις,
1309 558 1375 639 πρὸς
1395 555 1518 629 θάνατον,
1538 554 1593 637 πρδ

152 651 251 730 inquit,
262 652 326 712 illic
339 667 367 714 et
382 658 516 716 minister
525 677 615 715 nceus.
633 654 689 715 Ubi
700 665 739 713 est
753 651 898 713 Christus?
951 653 1014 733 μίαν
1027 653 1075 727 τλν
1091 657 1216 714 ἐντεῦθεν.
1233 644 1301 713 Εἶτα
1316 648 1409 723 ἐπειδὴ
1423 649 1459 710 τδι
1472 647 1586 730 ρορτικδ

152 744 183 802 ln
198 743 279 804 caelis.
290 745 365 826 Ergo
374 747 457 807 etiam
467 761 529 807 ante
548 747 768 808 resurrectionem
782 745 848 804 illuc
871 757 898 803 et
949 747 980 807 τδ
993 746 1106 806 ἔπαθλον
1119 746 1219 818 τίθησι.
1233 748 1315 807 Ποῖον
1330 743 1449 805 stratio
1461 735 1513 816 ἦνς
1526 743 1593 802 Tou

152 835 242 896 anima
252 851 279 896 et
293 851 381 898 mente
391 840 592 900 transferamur.
602 840 708 922 Siquis
722 839 796 898 miti
811 841 897 896 mitti·
949 841 1064 917 λουθεῖν,
1081 839 1128 899 καλ
1149 829 1216 899 εἶναι
1233 837 1295 898 ἔνθα
1313 835 1384 897 ἐστί·
1407 834 1512 902 δεικνὺς
1524 835 1567 894 ὅτι
1585 837 1593 890 τ’

151 934 299 1003 straverit,
322 932 426 1012 diliget
448 954 514 992 eum
535 935 638 992 Pater.
663 932 720 992 Cur
737 951 788 992 non
816 929 896 989 dixit.
940 931 994 990 τὸν
1009 932 1119 991 θάνατον
1131 930 1285 1000 διαδέξεται.
1298 928 1389 991 Ὅπου
1404 928 1457 1009 γὰρ
1471 926 1546 1008 εἰμὶ,
1560 948 1593 1008 or

152 1019 234 1100 Ego?
246 1021 319 1093 Quia
333 1023 453 1083 nondum
479 1037 683 1084 consentaneam
703 1023 738 1083 de
752 1022 811 1104 ipso
838 1021 898 1103 opi·
950 1026 1004 1083 ἐκεῖ
1025 1024 1072 1084 καλ
1086 1030 1100 1084 δ
1114 1023 1231 1093 διάκονος
1247 1028 1262 1082 θ
1284 1022 1356 1102 ἐμός.
1370 1025 1429 1082 Ποῦ
1444 1019 1474 1082 δὲ
1498 1025 1513 1080 δ
1534 1020 1593 1101 Χριι

152 1113 260 1174 nionem
280 1114 429 1195 habebant,
453 1115 500 1177 sod
525 1117 654 1198 majorem
678 1115 713 1175 de
732 1118 820 1176 Patre.
842 1113 899 1186 Qui
950 1117 1074 1194 οὐρανοῖς.
1090 1115 1145 1175 Καὶ
1158 1117 1210 1196 πρὸ
1224 1121 1272 1188 τῆς
1288 1114 1457 1181 ἀναστάσεως
1476 1111 1593 1172 ταῖνυνέ

152 1207 225 1267 enim
238 1208 358 1269 nondum
373 1210 492 1270 sciebant
503 1210 593 1291 ipsum
606 1231 662 1269 esse
675 1218 898 1281 resurrecturum,
951 1211 1055 1288 στῶμεν
1069 1213 1102 1288 τῇ
1116 1212 1189 1289 ψυχῇ
1208 1208 1254 1268 καλ
1266 1212 1307 1288 τῷ
1325 1211 1375 1289 νῷ.
1389 1206 1457 1267 Ἐάν
1470 1228 1511 1274 τις
1525 1204 1588 1284 ἐμοὶ

153 1301 289 1377 quomodo
298 1303 465 1384 magnamde
474 1303 521 1363 illo
532 1302 686 1384 opinionem
695 1299 898 1382 concepissent?
950 1301 1084 1379 ἀγαπήσει
1112 1303 1189 1362 αὐτὸν
1209 1304 1224 1360 δ
1246 1300 1352 1381 Πατήρ.
1377 1296 1458 1359 Διατί
1484 1300 1533 1358 obt
1552 1287 1593 1358 uta

29 1441 78 1471 arc.
120 1461 124 1470 ,
154 1393 336 1465 Quamobrem
361 1395 428 1455 filiis
451 1395 573 1456 Zebodaei
592 1395 729 1455 aiteNon
747 1407 790 1453 est
803 1411 899 1451 meum
951 1391 1061 1467 Ἐπειδὴ
1075 1394 1176 1454 οὐδέπω
1195 1394 1243 1468 πλν
1267 1392 1454 1475 προσήκουσαν
1467 1392 1532 1474 περὶ
1553 1391 1593 1450 αθ

37 1519 43 1532 ·
154 1488 237 1564 dare,
250 1489 422 1570 sedenibus
441 1502 581 1570 paratum
602 1501 645 1548 est
668 1509 689 1547 a
708 1489 801 1547 Patre
822 1505 896 1544 meo.
917 1502 935 1549 c
951 1476 1033 1566 εἶχον,
1047 1487 1117 1547 ἀλλὰ
1139 1487 1245 1567 μείζονα
1263 1486 1386 1566 περὶτοῦ
1406 1484 1584 1563 Πατρός.οῖ

153 1670 256 1730 Filium
270 1671 398 1732 declarat.
413 1672 479 1733 Illos
494 1672 564 1732 enim
576 1686 607 1731 ut
620 1670 730 1751 genuini
741 1682 768 1729 et
782 1669 839 1730 veri
854 1670 875 1728 F
876 1670 900 1727 i·
952 1671 1030 1730 αὐτοῦ
1050 1672 1288 1750 ιἐραντοῖσθηααν;
1310 1673 1359 1732 Διδ
1371 1671 1418 1730 καλ
1432 1678 1488 1738 τοῖς
1501 1673 1572 1736 υῖσῖς
1586 1670 1593 1728 2

152 1762 185 1822 lii
198 1758 335 1824 ministros
344 1765 468 1845 excipiet.
479 1767 527 1824 97.
543 1753 632 1823 Nunc
641 1767 743 1822 anima
757 1783 824 1822 mea
838 1775 899 1821 tur-
950 1764 1044 1843 ρησίν·
1059 1768 1118 1824 Οὐκ
1139 1763 1209 1825 ἔστιν
1234 1764 1296 1844 ἐμὸν
1311 1766 1416 1838 δοῦναι,
1432 1761 1492 1822 ἀλλ”
1508 1752 1549 1828 οἷς
1568 1764 1593 1834 ἡ

154 1857 225 1914 bata
233 1870 277 1916 est
290 1901 297 1915 .
314 1859 356 1916 Et
367 1858 441 1939 quid
452 1858 570 1916 dicam?
583 1859 686 1928 Pater,
701 1855 839 1937 salvifica
853 1876 899 1913 me
950 1857 1023 1938 παρὰ
1044 1866 1089 1918 τοῦ
1109 1857 1215 1940 Πατρός
1229 1881 1294 1937 μου·
1310 1856 1397 1918 καίτοι
1411 1880 1444 1938 γε
1462 1854 1542 1922 αὐτός
1557 1857 1593 1916 ὅσ·

89 1986 95 1996 ·
153 1968 190 2005 ex
203 1948 260 2006 tac
274 1949 357 2007 horo.
375 1948 456 2028 Atqui
472 1947 531 2007 haec
544 1968 598 2007 non
613 1961 674 2007 sunt
694 1961 808 2007 mortem
823 1944 899 2007 adire
950 1973 1009 2009 νων.
1022 1948 1154 2011 Ἐνταῦθα
1167 1949 1194 2010 δὲ
1208 1950 1253 2010 καλ
1271 1950 1416 2028 τδγνόοιον
1431 1947 1593 2028 παρίστησιν

6 2063 113 2092 uomoo
153 2038 300 2116 suadentis,
311 2040 365 2099 imo
378 2038 511 2100 hortantis
531 2041 632 2120 utiquc.
648 2038 815 2101 Nedioerent
826 2038 898 2098 enim
949 2043 1057 2123 γνησίου
1081 2044 1174 2112 παιδὸς
1195 2044 1343 2117 διακόνους,
1366 2042 1449 2110 οὕτως
1464 2047 1479 2102 δ
1492 2040 1592 2120 Πατὴρ

11 2124 38 2154 ¹⁸³
103 2141 111 2155 ⁶
152 2152 224 2207 eum,
240 2132 366 2193 humanis
376 2147 508 2193 carentem
521 2132 672 2207 doloribus,
683 2132 803 2193 facilede
813 2146 898 2193 morte
949 2136 1188 2217 ταωΝῦνὴψυχή
1202 2136 1436 2218 μουτετόρακται.
1456 2133 1512 2194 Καὶ
1531 2132 1593 2194 sid

150 2222 349 2306 philosophari,
370 2239 396 2283 et
409 2226 466 2284 sine
487 2245 536 2284 suo
558 2225 678 2306 periutlo
705 2246 754 2285 nos
776 2223 895 2303 hortari3
949 2251 1012 2308 περ,
1026 2229 1111 2290 σῶσόν
1134 2253 1168 2308 με
1190 2231 1221 2288 ἐκ
1235 2234 1283 2302 τῆς
1295 2228 1367 2311 ὥρας
1383 2227 1492 2299 ταύτης.
1509 2225 1593 2305 xa*

151 2314 268 2376 ostendit
279 2316 382 2392 se,licet
397 2337 457 2376 eam
468 2316 635 2394 formidaret,
643 2317 730 2400 ipsam
743 2331 836 2400 utpote
843 2317 897 2376 uti·
949 2319 1017 2383 Ιὀιόοι
1032 2320 1072 2380 ἔοι
1082 2321 1298 2404 προερςπορέυοο
1312 2320 1356 2382 ἐπὶ
1367 2321 1412 2381 τὸν
1427 2321 1542 2380 θάνατον
1556 2320 1593 2380 lit

150 2405 204 2466 lem
218 2428 271 2466 nou
281 2428 410 2469 recusare.
420 2409 485 2467 Haec
494 2430 575 2489 ροιιο
581 2407 616 2467 ad
623 2423 771 2469 assumtam
780 2430 896 2486 carnem,
949 2418 1028 2476 λοοοο
1042 2414 1089 2493 μὲν
1111 2404 1155 2475 obv
1169 2414 1393 2495 προτρεπομένου,
1405 2411 1467 2474 Ἵνο
1485 2411 1542 2496 γὰρ
1556 2411 1593 2493 μὴ

150 2519 204 2560 non
218 2499 253 2559 ad
264 2499 435 2560 divinitatem
454 2501 596 2582 pertinent.
615 2500 720 2561 Idcirco
739 2502 792 2561 ait:
810 2504 898 2561 Nune
949 2509 991 2571 ὅτι
1007 2510 1083 2576 αὐτὸς
1098 2508 1148 2578 ἔξω
1159 2510 1212 2567 τῶν
1221 2506 1322 2566 ὠδίνων
1338 2506 1375 2566 ὢν
1388 2511 1443 2566 τῶν
1454 2505 1593 2588 ἄνθρωπόν

150 2596 253 2651 anima
262 2614 328 2652 meo
335 2596 519 2654 turbatoestc
534 2593 604 2668 (nisi
612 2593 683 2653 enim
695 2594 748 2654 hoc
759 2607 836 2669 esset,
843 2616 896 2673 qua
950 2604 1002 2669 λος
1019 2602 1081 2680 πορθ
1102 2600 1214 2661 θανᾶτου
1235 2603 1385 2680 ριλοσορεῖ,
1404 2598 1452 2659 καὶ
1466 2603 1534 2678 ἡμῖν
1551 2596 1593 2667 ἐξ.

150 2683 218 2742 serie
237 2683 429 2764 haecoeflseqlfi
444 2698 561 2766 P⁰⁵⁵²¹¹b
574 2687 677 2759 ΡΜ)
694 2686 834 2768 ⁵⁶l⁹ifl⁶⁰
852 2707 898 2744 ’Μ
949 2703 1088 2775 παραινεῖ,
1107 2693 1236 2754 δείκνυσιν
1249 2692 1291 2752 ὅτι
1304 2693 1392 2753 καίτοι
1413 2695 1538 2771 ἀγωνιῶν
1556 2693 1593 2752 ot

149 2798 187 2835 ‘³5
201 2778 258 2836 ¹⁸⁰⁶
279 2778 388 2853 immi)
402 2789 428 2836 0²
441 2776 478 2835 5¹⁸
492 2776 666 2858 Perturbatus
679 2791 720 2838 0⁵2
743 2791 776 2838 ⁸¹1
787 2777 897 2838 liberari
915 2815 935 2862 γ)
950 2785 994 2846 διὰ
1008 2787 1039 2847 τδ
1049 2787 1182 2868 χρήσιμον
1197 2788 1227 2844 ὠ
1239 2794 1419 2868 παραιτεῖται.
1434 2786 1532 2845 Ταῦτα
1548 2782 1593 2846 bi*

149 2868 613 2951 θθΡθὸἲῦῙθΝῑιθῑθῖῘῦῧθΝΡθδδθῖ·
949 2879 1042 2959 νομίας
1061 2879 1182 2954 {ocimi
1203 2885 1251 2952 τῆς
1265 2878 1396 2952 θεότητος.
1417 2876 1593 2960 Διδτῶιιόρ

948 2977 965 3045 ἡ
980 2972 1053 3055 ψυχή
1069 2994 1119 3051 μου
1130 2970 1306 3053 τετάρακται·
1318 2970 1387 3045 (ἐπεὶ
1401 2973 1426 3031 εἰ
1436 2969 1474 3051 μὴ
1487 2968 1593 3030 τῶτόῖι

948 3066 1103 3127 ἀκολουθίαν
1110 3065 1168 3146 ἔχει
1181 3066 1213 3125 τὸ
1222 3064 1326 3145 λεχθὲν,
1336 3063 1383 3123 καλ
1395 3063 1426 3123 τὸ
1437 3067 1540 3123 εἰπεῖν·
1553 3064 1593 3123 lli

950 3157 995 3220 σόν
1010 3183 1042 3238 pe
1059 3161 1149 3231 ἐκτῆς
1166 3156 1387 3239 &peccaui-1153)
1404 3155 1593 3216 καὶοῦτωτετ

355 3309 357 3311 ,
950 3257 986 3320 ὡς
997 3252 1042 3312 καλ
1056 3250 1214 3328 ἀπαλλαγὴν
1229 3254 1328 3325 ζητεῖν,
1340 3249 1366 3308 εἴ
1377 3272 1408 3328 γε
1424 3253 1489 3322 ἐνῆν
1505 3251 1593 3330 διαρυγ

187 3351 218 3407 θ.
241 3346 305 3407 Haec
332 3346 456 3405 bumanae
483 3359 583 3404 natnrae
609 3343 753 3404 infirmitas
773 3356 823 3402 est.
843 3341 897 3401 Sed
991 3347 1085 3405 Ταῦτα
1104 3349 1152 3415 τῆς
1166 3342 1333 3424 ἀνθρωπίνης
1356 3341 1459 3423 ρύοεως
1486 3342 1523 3402 τδι
1548 3347 1593 3403 tes

147 3438 216 3518 qnid
238 3439 327 3498 dicam
352 3460 405 3498 uon
433 3439 603 3513 babeo,cum
628 3450 742 3496 mortem
761 3436 896 3517 deprecer.
950 3438 1020 3498 Ἀλλ’
1037 3440 1085 3496 οὐκ
1101 3437 1155 3517 ἔχω
1175 3436 1201 3495 τί
1225 3435 1409 3515 simoneis,
1425 3434 1589 3515 ἀπαλλαγὴν

148 3533 309 3612 Propterea
328 3535 400 3590 voni
413 3533 563 3590 initorum
579 3532 658 3590 lianc
671 3553 680 3586 :
691 3551 723 3588 ac
738 3529 761 3588 si
775 3526 875 3587 diceret
890 3551 897 3585 ε
950 3555 1000 3598 νος.
1015 3530 1067 3590 Act
1083 3531 1136 3611 γδιρ
1147 3535 1223 3588 τοῦτο
1238 3521 1318 3601 ἦλθον
1333 3531 1371 3596 εἰς
1383 3526 1432 3600 τλν
1444 3526 1519 3608 ὥραν
1539 3527 1593 3588 ταύ

148 3623 263 3683 Etiamsi
285 3625 442 3700 turbemur,
460 3638 487 3684 ct
507 3637 715 3697 consumemur,
735 3635 847 3680 mortem
866 3641 899 3680 ne
916 3643 935 3691 Ε
951 3624 1007 3683 αναλ
1028 3622 1118 3704 ἔλεγε·
1130 3623 1180 3681 κᾶν
1194 3619 1387 3703 θορυύιύμεθα,
1401 3620 1452 3680 κᾶν
1465 3619 1593 3701 ταραττόι

148 3717 293 3796 fugiamus.
308 3718 378 3776 Nam
397 3718 433 3776 ita
452 3715 624 3798 perturbatus
643 3735 705 3794 ego,
719 3735 772 3774 non
794 3713 898 3792 fugien-
951 3715 1089 3796 φεύγωμεν
1112 3715 1237 3773 θάνατον·
1249 3713 1307 3773 ἐπελ
1325 3711 1400 3792 κάγὼ
1415 3719 1460 3771 νῦν
1471 3711 1593 3793 ταραττό

147 3808 214 3868 dum
227 3809 289 3868 ‹lioo
301 3833 307 3866 ι
319 3808 458 3868 serendum
469 3806 645 3889 quippeillud
655 3820 694 3866 cst
704 3805 776 3885 quod
790 3805 897 3864 accidit.
950 3810 1020 3889 λέγω
1038 3809 1107 3868 ὥστε
1130 3815 1219 3889 φυγεῖν
1231 3831 1237 3843 ·
1249 3808 1289 3865 δεῖ
1306 3804 1357 3885 γὰρ
1371 3805 1459 3886 ρέρειν
1479 3806 1512 3865 τὸ
1535 3803 1593 3864 ἐπιύ

147 3903 208 3977 Non
219 3901 292 3979 dico,
305 3902 402 3960 Libera
416 3899 657 3974 meexbacbora3
669 3897 782 3973 sedus.
794 3899 895 3968 Pater,
951 3927 1006 3984 ρω,
1023 3900 1172 3970 &afflatio
1196 3925 1230 3979 με
1253 3901 1283 3958 ἐκ
1307 3902 1355 3969 τῆς
1375 3897 1447 3977 ὥρας
1467 3897 1584 3970 ταύτης·

147 3993 283 4075 clarifica
304 4013 411 4059 nomen
432 4005 524 4052 tuum.
546 3990 662 4049 Etiamsi
679 3987 846 4071 perturbatio
863 3985 899 4045 ad
952 3995 1058 4075 Πάτερ,
1073 3991 1181 4061 δόξασόν
1207 4016 1252 4050 σου
1275 3991 1305 4050 εδ
1329 3991 1421 4067 ὄνομα.
1438 3990 1593 4061 Καύτοιτῆς

146 4089 205 4148 hacc
214 4089 328 4149 dicenda
340 4089 494 4169 compellat,
502 4087 667 4147 eontrarium
676 4086 748 4164 dico,
755 4085 899 4166 Clorijica
951 4094 1028 4146 τοῦτο
1042 4084 1238 4165 ἀναγκαζούσης
1249 4082 1347 4163 λέγειν,
1364 4083 1395 4142 τὸ
1416 4083 1536 4143 ἐναντίον
1551 4082 1593 4162 λὲγ

148 4202 254 4241 nomen
276 4195 372 4252 tuum;
387 4181 415 4240 id
435 4195 483 4256 cst,
499 4183 559 4240 Duc
574 4179 602 4237 in
613 4200 721 4238 crucem
732 4201 740 4235 :
751 4176 826 4256 quod
846 4176 898 4234 hu·
953 4179 999 4238 σόν
1020 4202 1067 4237 σου
1082 4178 1112 4236 τὸ
1126 4177 1222 4255 ὄνομα·
1236 4176 1380 4247 τουτέστιν,
1398 4175 1483 4255 οῗγαγε
1502 4175 1593 4234 λοιτδν

148 4295 258 4333 manum
270 4275 397 4334 affectum
411 4273 521 4349 indicat,
533 4287 711 4351 naturamque
721 4271 791 4331 mori
802 4270 897 4329 nolon·
908 4330 944 4372 m
952 4270 1080 4351 σταυρόν·
1095 4269 1186 4329 θπολὺ
1202 4268 1232 4327 τὸ
1244 4266 1405 4347 ἀνθρώπινον
1418 4267 1593 4326 ἐπιδεῖκνυτω

147 4378 212 4443 tem,
226 4366 273 4425 sed
286 4367 370 4426 vitam
384 4386 491 4426 servare
505 4365 675 4446 cupientem
690 4362 859 4441 ostenditque
871 4382 899 4420 se
917 4361 1027 4442 Αρύσιν
1041 4361 1078 4439 μὴ
1095 4358 1257 4440 βουλομένην
1273 4363 1423 4431 ἀποθανεῖν,
1438 4357 1509 4418 ἀλλὰ
1531 4363 1580 4431 ’.η”ς

148 4477 201 4515 non
213 4472 289 4516 extra
296 4458 430 4517 humanos
440 4458 552 4517 affectus
566 4477 631 4516 esse.
642 4457 718 4517 Sicut
731 4455 803 4516 enim
814 4473 899 4532 neque
951 4453 1130 4536 ἀντεχομένην
1145 4457 1231 4523 ζωῆς·
1247 4450 1347 4519 δεικνύς
1354 4495 1364 4522 ,
1378 4449 1421 4511 δτι
1436 4454 1484 4509 οὐκ
1496 4450 1547 4519 ἔξω
1561 4453 1593 4510 τῦ

148 4549 250 4609 esurire
270 4571 355 4630 neque
377 4550 496 4611 dormire
517 4550 625 4610 crimini
645 4549 737 4623 datur,
751 4548 790 4609 sic
813 4567 899 4625 neque
951 4548 1035 4609 πίνειν
1047 4552 1137 4605 παθῶν
1146 4537 1188 4617 ἦν.
1202 4545 1310 4625 Ὥσπερ
1319 4544 1371 4626 γδιρ
1384 4544 1415 4604 τὸ
1424 4548 1520 4624 πεινῇν
1534 4547 1582 4605 obt

148 4657 304 4726 praesentem
318 4644 403 4703 vitam
418 4658 519 4725 optare.
529 4644 654 4704 Christus
667 4665 731 4703 vero
743 4663 839 4723 otirpus
850 4641 899 4699 ha·
954 4639 1013 4701 ούδδ
1025 4641 1056 4699 τὸ
1068 4638 1219 4699 καθεύδειν·
1235 4637 1317 4704 οὕτως
1331 4634 1390 4697 οὐδὲ
1403 4637 1436 4695 τδ
1452 4640 1504 4708 τῆς
1515 4642 1593 4718 παροῖ

147 4736 210 4797 buit
222 4758 237 4794 a
252 4736 367 4818 peccatis
380 4736 505 4812 liberum,
515 4757 568 4795 non
579 4759 595 4795 a
607 4735 777 4795 naturalibus
787 4732 900 4794 necessi-
954 4733 1079 4815 ἐρύεσθαι.
1091 4731 1125 4791 Ὁ
1139 4731 1165 4792 δὲ
1177 4729 1291 4811 Χριστὸς
1306 4732 1384 4807 σῶμα
1395 4729 1513 4808 καθαρὸν
1529 4731 1593 4809 ἁμαρ

149 4827 250 4889 tatibus
264 4827 403 4908 :alioquin
428 4848 525 4909 eorpus
546 4848 600 4887 uon
620 4828 725 4888 suisset.
747 4827 798 4886 His
818 4825 898 4884 etiam
954 4818 1034 4907 εἶχεν,
1051 4824 1111 4905 οὐχὶ
1137 4828 1254 4905 φυσικῶν
1280 4825 1402 4901 ἀναγκῶν
1424 4820 1593 4901 ἀπηλλαγμόι

148 4919 225 4982 aliud
248 4920 352 4982 docuit.
365 4920 510 4992 Quodnam
531 4919 622 4979 illud?
634 4922 672 4980 Ut
689 4919 713 4979 si
726 4938 857 4999 nmquam
870 4917 898 4975 in
954 4918 1009 4980 οὐδ’
1025 4919 1056 4976 δν
1072 4921 1150 4995 σῶμα
1169 4908 1211 4989 ἦν.
1223 4915 1275 4974 Διδι
1290 4914 1322 4988 δὴ
1335 4912 1435 4973 τούτων
1449 4914 1495 4972 καλ
1510 4913 1593 4995 trapa

149 5012 277 5076 moestitia
287 5029 314 5075 et
330 5027 403 5076 metu
417 5014 511 5092 simus,
522 5033 555 5073 ne
570 5012 633 5073 ideo
646 5033 662 5072 a
675 5012 814 5094 proposito
828 5009 898 5072 msi-
954 5014 1041 5073 δευοε.
1059 5014 1139 5072 Ποῖον
1155 5011 1187 5081 δὴ
1203 5014 1292 5082 τούτω
1306 5007 1380 5081 Ἵνα,
1402 5005 1427 5068 ci
1440 5029 1506 5068 ποτε
1525 5008 1552 5066 ἐν
1574 5009 1593 5067 θ

149 5250 152 5261 ’
181 5250 421 5321 1ΑΙίίῖρτιντάζσνιο.
953 5242 1051 5296 bsavit.
1067 5248 1104 5295 oia
1124 5248 1169 5294 ἔττι
1182 5236 1270 5290 Metel.
1283 5242 1320 5289 ούκ
1334 5243 1378 5290 ἔτι.
