3750 5940
56 424 90 472 te
115 422 205 473 muro
231 421 394 470 reuerso.
784 396 855 496 657

57 574 63 608 i
114 546 316 628 sanctificetur
329 566 435 605 nomen
445 559 537 607 tuum.
554 547 678 608 Hicvero
691 546 802 607 aoeoeait
822 547 859 609 ad

57 653 64 688 ι
116 647 159 685 me
165 625 369 703 condemnatus,
394 625 474 686 vultu
486 625 588 708 pudore
602 627 714 702 suffuso,
723 640 749 687 et
759 625 789 686 in
800 640 856 687 ter·

57 707 64 767 i
115 727 174 765 ram
189 705 328 783 inclinato,
339 705 543 767 cordeeontrito
557 728 590 766 ae
600 728 667 768 voce
677 707 749 766 tristi
759 706 858 767 elama-

57 813 62 860 p
114 785 172 844 vit:
187 788 280 845 Pater
291 791 411 866 peceavi
425 791 457 846 in
466 788 570 847 caelum
586 800 726 847 eteorum
739 790 857 867 te,·1‘am

57 893 62 919 ι
116 886 174 924 non
185 887 250 924 sum
265 867 370 948 dignm
382 871 487 927 uocum
489 868 579 961 filius
593 879 660 927 tuus
664 891 677 937 ,-
690 868 743 946 sae
754 888 801 927 me
814 871 856 926 si·

57 984 63 994 ·
82 969 99 1014 tt
114 958 163 1004 eut
174 967 265 1005 unum
276 949 312 1006 de
325 951 514 1009 merecnariis
526 951 593 1007 tuis.
616 945 692 1018 Quid
709 946 859 1026 potuissem

58 1056 63 1086 i
114 1026 210 1102 facere,
225 1025 327 1088 auditis
335 1030 380 1089 his
391 1027 526 1088 vocibus?
540 1026 651 1108 potuine
666 1047 720 1086 non
736 1025 858 1086 misereri
921 1093 924 1100 .

58 1135 63 1160 t
114 1104 166 1163 tilii
181 1106 234 1164 mei
244 1105 279 1166 ad
293 1132 336 1168 me
358 1106 529 1171 aecedentis?
544 1105 638 1188 judica
657 1120 685 1165 tu
703 1104 751 1184 qui
773 1105 858 1165 iratus

58 1194 61 1210 '
98 1187 149 1242 'es
166 1185 248 1263 Atqui
268 1209 321 1248 non
340 1190 392 1249 sert
415 1201 510 1246 natura
531 1207 601 1263 mea,
636 1206 699 1245 eum
722 1184 858 1247 humanus

58 1315 62 1338 ‚
114 1262 176 1337 sim,
192 1278 221 1322 ut
235 1264 414 1328 inhumanum
427 1265 493 1356 quid
521 1279 688 1347 perpetrem,
715 1285 769 1325 non
795 1287 855 1346 pos·

58 1385 62 1393 -
115 1365 174 1402 sum
186 1365 240 1403 non
254 1347 313 1427 ejus
327 1349 456 1423 misereri,
469 1367 550 1425 quem
560 1345 710 1438 procreavi,
726 1366 779 1406 non
795 1366 859 1426 poe-

58 1462 62 1472 ·
114 1445 174 1482 sum
190 1444 242 1483 non
268 1428 438 1487 miseratione
455 1425 521 1485 duci
543 1446 611 1506 ejus,
640 1446 721 1504 quem
739 1446 775 1485 ex
792 1425 860 1485 meis

59 1533 62 1556 ι
114 1502 263 1563 visceribus
287 1508 378 1586 genui.
401 1506 474 1577 Fili,
497 1519 529 1567 tu
553 1526 665 1586 semper
684 1525 796 1564 meeum
815 1526 857 1579 es,

59 1613 62 1652 ς
114 1595 140 1640 et
155 1589 255 1643 omnia
267 1609 332 1647 mea
349 1601 401 1646 tue
411 1598 489 1645 sunt.
502 1585 595 1643 Tuum
608 1597 647 1644 est
662 1585 770 1662 caelum,
781 1598 860 1644 tuum

114 1662 326 1743 firmamentum,
339 1667 380 1727 sol
394 1663 554 1725 laternarius
576 1678 649 1735 tuns,
669 1665 734 1724 luna
761 1663 860 1724 aneilla

59 1781 61 1789 ·
114 1754 169 1818 tua,
185 1743 267 1803 stellae
282 1760 344 1806 sunt
356 1747 426 1805 faces
434 1758 500 1819 tuae,
508 1765 553 1802 aar
565 1743 695 1804 nutritius
707 1757 782 1819 tuus,
794 1757 860 1802 tua·

59 1875 61 1880 .
114 1843 165 1898 que
182 1823 272 1882 omnia
285 1847 346 1904 quae
366 1826 394 1884 in
417 1845 478 1883 aere
490 1837 647 1883 versantur:
658 1837 706 1882 tua
719 1837 759 1882 est
775 1836 857 1902 terra,

113 1913 139 1957 et
152 1902 240 1960 omnia
255 1924 315 1981 quae
328 1904 356 1963 in
369 1926 398 1963 ea
413 1917 491 1978 sunt;
506 1916 584 1962 tuum
594 1917 633 1962 est
642 1925 727 1979 mare,
745 1924 860 1981 queque

60 2035 61 2040 ,
113 1979 140 2037 in
153 2002 183 2039 eo
198 1996 260 2041 sunt
271 1999 381 2058 euneta;
391 1981 771 2059 tuusmundus,ecclesintua,
780 1996 859 2042 tuum

113 2059 207 2132 altare,
226 2076 288 2121 tuns
303 2062 566 2141 vitulnssaginatus,
586 2075 664 2121 tuum
686 2061 859 2139 sacrificium,

85 2152 95 2198 ἱ
114 2139 154 2196 tui
167 2141 267 2218 angeli,
278 2142 318 2200 tui
333 2141 460 2225 apostoli,
476 2141 671 2223 tuinmrtyres,
684 2155 730 2201 tua
745 2162 860 2223 praesen·

114 2217 161 2290 tia,
172 2233 218 2278 tua
228 2220 330 2293 sutura,
344 2236 391 2281 tua
404 2221 573 2295 resurrectio,
595 2235 641 2280 tua
656 2220 857 2300 immortalitas,

114 2311 158 2356 tua
175 2299 350 2381 incorruptio,
377 2314 455 2360 tuum
472 2320 585 2379 reguum
607 2301 745 2374 caelonm
769 2299 861 2360 omnia

112 2381 650 2469 qrraecernunturoculis‚quaequemente
693 2430 696 2435 .
729 2379 860 2461 'piuntur,

113 2472 175 2516 sunt
203 2472 258 2518 tua.
286 2463 360 2520 Num
386 2475 432 2520 tua
457 2459 579 2550 abripui,
610 2473 635 2519 et
657 2481 666 2518 ι
692 2459 698 2471 ’
724 2459 861 2541 apposui?

112 2559 179 2596 num
209 2553 235 2598 te
256 2539 332 2615 exui,
359 2554 385 2599 et
408 2539 488 2598 illum
515 2539 611 2598 rodni?
637 2561 723 2599 nonne
740 2561 775 2599 ex
793 2539 861 2599 meis

112 2618 238 2696 operibus
254 2619 466 2678 misericordiam
480 2619 596 2698 largitus
607 2620 686 2679 sum?
709 2640 796 2679 nonne
807 2642 858 2700 pa·

112 2711 177 2754 riter
191 2715 287 2757 sumet
301 2713 363 2758 tuus
373 2714 398 2759 et
409 2700 482 2758 illius
514 2699 589 2758 ater?
604 2699 639 2758 Et
651 2714 676 2758 te
685 2699 786 2759 honore
799 2701 859 2758 affi-

112 2776 154 2834 cio
169 2778 278 2837 virtutis
295 2781 413 2847 nomine,
430 2792 455 2836 et
471 2721 546 2868 iliius
565 2800 606 2837 me
628 2778 736 2838 miseret
749 2794 859 2859 propter

111 2855 243 2932 insignem
258 2859 459 2918 conversionem
474 2881 480 2912 z
498 2871 524 2916 te
534 2857 620 2936 diligo
632 2871 742 2939 propter
762 2858 859 2935 vitam,

110 2936 223 2993 erilium
237 2952 347 3018 propter
360 2938 624 2996 transmutationem:
637 2950 663 2996 te
671 2951 780 3019 propter
793 2959 857 2997 eon·

110 3014 297 3091 versationem,
313 3017 393 3076 ilium
407 3030 517 3099 propter
526 3017 711 3097 paenitentiam
724 3041 731 3073 ε
745 3031 771 3076 te
789 3039 856 3098 prro-

110 3109 169 3174 pter
196 3095 438 3174 longanimitatem,
471 3096 549 3154 iilum
572 3110 683 3178 propter
705 3098 857 3157 couversio-

109 3174 206 3234 nemin
222 3197 273 3235 me.
291 3178 418 3256 Epulari
431 3179 510 3235 enim
524 3189 552 3234 et
562 3177 690 3256 gaudere
701 3189 730 3235 te
743 3190 856 3257 oporte·
868 3198 1006 3248 euersae.

109 3257 169 3321 bat,
182 3259 253 3335 puio
262 3259 360 3334 frater
382 3269 447 3314 tuus
461 3257 509 3314 hic
524 3269 654 3315 mortuus
676 3268 750 3328 erat,
768 3270 795 3315 et
811 3278 855 3316 re-

74 3349 91 3394 t)
110 3339 199 3402 vixit;
208 3340 345 3414 perierat,
360 3348 387 3394 et
396 3339 530 3394 inventus
540 3348 594 3394 est.
605 3334 675 3404 Quis
684 3356 747 3393 cum
756 3335 858 3397 viderit
871 3346 876 3357 '

108 3414 855 3494 mortuumexcitatumabinferis‚nonoblectatur?quis

107 3514 169 3551 cum
178 3493 309 3554 invenerit
322 3516 364 3569 ea,
381 3516 442 3573 quae
456 3493 622 3575 perdiderat,
637 3494 737 3572 gaudio
748 3515 800 3554 non
816 3496 854 3554 es·

107 3573 289 3634 tercurtvcni
306 3591 331 3633 et
347 3587 388 3649 tu,
411 3573 450 3631 iili
472 3573 521 3647 mi,
547 3573 680 3633 oblectare
702 3574 855 3651 nobiscum,

106 3654 211 3710 exsulta
222 3676 282 3712 cum
295 3653 406 3734 angelis,
419 3653 853 3734 complecterenobiscumfratrem

107 3745 195 3807 tuum,
207 3747 232 3791 ct
247 3755 309 3792 cum
325 3734 430 3792 Davide
446 3733 532 3813 psalle
546 3732 617 3792 illud
628 3734 749 3814 spiritale
770 3735 855 3793 canti·

107 3833 177 3881 cum,
192 3814 264 3890 qnod
276 3814 339 3871 huie
353 3813 477 3872 convenit
493 3813 634 3872 festivitati
650 3837 657 3869 ε
670 3816 767 3883 Beati,
783 3835 854 3894 quo-
865 3840 930 3884 ραι,
948 3843 987 3888 31.

106 3913 170 3949 resne
182 3897 309 3951 remissie
321 3907 389 3951 sunt
404 3896 585 3972 iniquitates,
604 3906 631 3951 et
646 3906 854 3972 quorumtectu
869 3915 887 3945 ι.
901 3916 924 3948 a.

106 3976 434 4050 srrrrtpecenta.Beatus
456 3976 516 4044 vir,
544 3977 592 4032 cui
614 3993 674 4029 non
698 3977 854 4051 imputavit

106 4054 249 4109 Dominus
262 4066 425 4131 peecatum.
453 4051 574 4111 Audistis
597 4050 719 4110 divinam
736 4052 853 4132 parabo·

106 4130 169 4203 lam,
183 4146 207 4188 ct
221 4131 278 4210 ejus
287 4153 398 4212 scopum
409 4130 532 4206 novistis,
541 4130 650 4209 vimque
663 4131 852 4212 perspexistis:

104 4232 186 4287 quam
203 4211 351 4288 benignum
366 4211 514 4269 Dominum
528 4211 686 4286 habeamus,
705 4231 789 4289 quam
800 4233 853 4290 pa-

68 4322 86 4368 p
108 4290 216 4349 tientcm
237 4290 382 4350 didicistis.
397 4290 510 4349 Adeum
524 4312 587 4369 ergo
609 4312 670 4348 cum
710 4310 759 4348 uro
774 4290 855 4350 eorde

105 4370 298 4447 corisuginmus.
311 4371 420 4445 Venite,
438 4370 574 4428 communi
586 4313 772 4429 voeeadeum
791 4369 851 4429 ela-

104 4472 229 4508 memus:
251 4451 328 4522 Here,
353 4451 469 4509 Domine
493 4450 618 4530 benigne,
641 4449 778 4529 unigenite
800 4452 852 4510 Dei

105 4531 169 4601 Fili,
181 4530 351 4608 peccavimus
366 4530 393 4589 in
406 4530 512 4605 caelum,
526 4543 552 4588 et
563 4551 653 4589 coram
666 4542 700 4604 te,
713 4550 763 4588 nee
774 4528 852 4609 digni

104 4632 196 4669 sumus
210 4610 256 4687 qui
272 4609 322 4668 filii
336 4610 376 4669 tui
388 4631 524 4682 vooemur,
536 4609 582 4669 sed
595 4609 623 4670 in
632 4609 852 4670 miserationibus

104 4691 158 4748 tuis
172 4689 346 4765 confidimus,
358 4690 491 4748 habemus
504 4688 627 4748 obsidem
636 4703 688 4748 tuae
699 4688 853 4769 benignita-

105 4771 137 4827 tis
162 4770 304 4849 pretiosam
321 4790 438 4840 crucem,
455 4790 537 4847 qnam
553 4784 643 4828 nostra
660 4791 738 4828 causa
760 4783 853 4859 pertu-

105 4850 176 4908 listi:
191 4849 321 4906 habemus
336 4847 521 4930 fidejussorem
536 4863 589 4907 tuae
602 4847 794 4907 misericordie
815 4848 851 4906 il-

102 4930 157 4988 lam
166 4928 231 4987 olim
247 4930 423 5006 meretricem,
432 4943 457 4987 et
466 4928 545 4987 illum
554 4927 691 5007 quondam
703 4928 850 4991 latronem:

121 5135 133 5170 b
151 5128 214 5196 [Atii
229 5133 286 5181 eiras
296 5129 354 5191 rael]
