3750 5940
166 392 241 487 '492
485 412 515 461 s.
542 413 681 463 ιοειιιιιε
704 400 894 464 cunusosr.
923 412 1077 464 tucatur.
1106 415 1378 467 oonsraurtttor.

169 556 284 616 arguens
293 535 441 596 humanam
451 549 575 596 naturam
588 558 636 618 per
645 559 673 598 so
684 535 755 597 nihil
769 535 912 610 esseQuia
963 543 1024 609 σοῦ,
1034 537 1078 597 ἵνα
1094 538 1132 617 μή
1148 537 1256 619 δκλείπη
1270 543 1288 611 ή
1302 537 1391 608 πίστις
1404 560 1467 598 σου·
1482 539 1620 616 τουτέστιν

170 628 241 687 enirn
259 625 410 689 dilectionis
426 629 469 691 vis
482 627 511 688 id
525 628 670 707 efficiebat,
690 643 720 689 nt
730 627 765 688 ad
778 627 913 689 contradi·
962 628 1000 696 εἰς
1014 628 1088 698 τίλας
1105 629 1192 710 ἀπόλῃ
1204 652 1211 666 ·
1224 628 1268 688 tut
1284 629 1392 690 πόντων
1405 631 1620 712 ταπεινοφροαίκ

171 718 284 778 cendum
295 733 403 801 paratus
413 734 489 795 esset,
500 720 579 780 illum
586 718 623 781 ad
634 719 843 801 resipiscendum
855 740 913 779 mo·
964 720 1105 792 διδάσκων,
1127 723 1172 782 καλ
1191 721 1240 796 τήν
1261 721 1428 804 ἀνθρωπίνην
1443 721 1562 803 ἐλέγχων
1578 722 1620 804 φύι

169 827 234 890 net,
257 833 292 871 ne
308 826 399 894 postea
419 811 579 896 inidipsum
591 812 738 889 incideret,
755 832 819 873 cum
837 811 913 872 orbis
964 811 1045 886 αὐτήν
1060 817 1119 873 καθ’
1133 814 1229 889 ἑαυτήν
1239 808 1328 876 οθσαν.
1343 814 1457 889 Ἐπειδὴ
1471 815 1526 895 γάρ
1537 820 1555 888 ή
1568 818 1620 876 πολ

168 904 252 964 totius
261 905 518 966 administrationem
528 905 694 987 susciperet3
710 902 758 964 sed
766 917 797 964 ut
809 925 911 965 memor
964 929 1002 979 πη
1014 908 1176 989 ἀντιλογικδν
1189 909 1266 969 αὐτὸν
1280 907 1388 981 ἐποίησε
1392 954 1402 983 ,
1416 906 1573 990 σωφρονίζει
1585 913 1620 970 λα

169 1018 262 1055 eorum
278 997 399 1077 quaesibi
413 997 582 1076 acciderant,
598 996 716 1080 seipsum
731 1009 909 1077 cognosceret.
963 996 1018 1071 τδν,
1032 997 1075 1058 ἵνα
1090 999 1128 1077 μή
1140 999 1294 1068 recideret<
1307 999 1374 1077 μιτδ
1386 1005 1475 1060 ταῦτα
1486 1000 1620 1061 τοῦτοπόί

169 1088 207 1147 Et
220 1088 283 1150 vide
301 1106 418 1171 quantus
433 1091 469 1150 sit
482 1092 580 1172 lapsus.
597 1092 656 1151 Nou
671 1089 743 1149 enim
762 1088 844 1149 semel
864 1101 911 1147 aut
918 1093 1012 1170 ,ωτῆς
1028 1090 1184 1171 οἰκουμένης
1203 1091 1252 1165 τήν
1266 1091 1418 1171 οἰκονομίαν
1431 1090 1605 1164 ἀναδέξηται·

71 1241 72 1244 ς
167 1179 231 1255 bis,
247 1180 295 1240 sed
306 1182 587 1266 comquegproccssit‚
602 1180 764 1242 utbreviter
781 1192 908 1260 negaret,
926 1184 947 1232 Α
964 1182 1226 1262 ἀναμιμνησκόμενοι
1235 1175 1272 1244 {io
1284 1183 1379 1245 ἔπαθεν
1391 1183 1557 1265 δπιγινῶσκῃ
1568 1189 1620 1245 ictu

169 1285 200 1330 ut
212 1271 426 1334 disceretscuon
440 1276 477 1333 ita
495 1272 672 1352 dilexissent
686 1271 802 1332 dilectus
814 1272 908 1331 sucat
962 1272 1012 1351 δρα
1034 1275 1200 1354 σφοδρότητα
1216 1275 1368 1355 πτώματος.
1394 1280 1437 1339 ot
1457 1277 1512 1359 γδρ
1535 1275 1607 1346 ἅπαξ

168 1369 294 1426 Attamen
311 1364 395 1446 eiqui
416 1367 453 1426 ita
466 1367 558 1449 lapsus
576 1367 678 1442 fuerat,
692 1385 800 1425 rursum
821 1364 908 1425 dicit:
961 1369 1038 1426 τοῦτο
1049 1366 1153 1443 ἔπαθεν,
1163 1370 1220 1428 ἀλλ’
1230 1367 1312 1436 etro<
1321 1367 1425 1445 ίξίστη,
1440 1373 1617 1450 ὡςένβραρεῑ

170 1458 277 1538 Diligis
294 1479 341 1518 me
356 1460 424 1540 plus
443 1461 508 1519 leis?
520 1459 613 1536 ltaque
632 1478 685 1516 non
704 1455 776 1537 quod
792 1456 909 1536 frigidus
960 1455 1048 1533 τρίτον
1068 1458 1194 1519 εἶπεῑντδ
1215 1464 1288 1541 ρῆμα
1308 1461 1340 1521 τδ
1357 1458 1620 1541 ricimerem-lor

167 1565 243 1629 osset,
253 1552 301 1612 sed
314 1551 388 1632 quod
401 1572 514 1634 superna
528 1551 645 1610 nudatus
654 1564 721 1610 esset
733 1571 793 1632 ope,
803 1549 906 1610 cecidit
960 1546 1001 1607 ότι
1015 1552 1064 1630 οὐχ
1078 1549 1160 1620 οθτως
1169 1552 1319 1631 ήγοίπησεν,
1328 1555 1366 1620 ὥς
1375 1551 1517 1632 ἠγαπήθη.
1531 1549 1620 1612 Ἀλλ’ί

167 1643 344 1706 Dilectionem
365 1667 430 1727 ergo
455 1644 529 1705 Petri
559 1643 745 1724 amplectitur,
770 1642 907 1702 cunundi·
959 1639 1026 1700 οθτω
1041 1641 1148 1703 πεσόντι
1161 1643 1242 1703 πόλιν
1251 1644 1341 1725 λέγει·
1354 1643 1620 1726 ἰθγατιᾳςμεπλίοι4

165 1735 279 1797 ctionem
292 1758 357 1800 vero
369 1737 433 1799 iude
444 1752 549 1819 partam
564 1733 688 1796 succidit.
702 1734 732 1793 Si
743 1732 848 1814 diligis,
860 1732 908 1794 de·
960 1731 1052 1802 Οὕτως
1069 1737 1117 1794 οιίκ
1129 1735 1182 1795 ἀπὸ
1195 1736 1311 1817 ψύξεως,
1327 1740 1385 1798 ἀλλ’
1400 1741 1432 1797 ἐκ
1441 1744 1490 1798 τοῦ
1501 1738 1620 1816 γυμναθῖ

163 1828 210 1888 bes
231 1829 331 1889 dilecto
352 1830 543 1911 obtemperare.
559 1826 639 1886 Dixit
655 1825 701 1885 ille
719 1838 745 1886 et
762 1824 852 1885 tibiet
865 1847 906 1885 so·
958 1824 1057 1885 ιίνωθεν
1074 1826 1195 1907 βοηθείας
1209 1827 1310 1908 γίγονι.
1333 1827 1392 1902 Τήν
1413 1827 1462 1908 μίν
1477 1821 1522 1888 ob
1544 1828 1620 1906 ἀγόι

162 1919 227 1999 ciis,
243 1923 312 1981 Nou
322 1934 426 2002 potes:
449 1919 517 2000 quid
536 1915 693 1979 contendis?
704 1937 758 1977 non
777 1916 906 1998 intelligis
958 1915 1064 1996 δέχεται
1076 1924 1122 1979 τοῦ
1135 1918 1253 1998 Πέτρου,
1264 1920 1312 1994 τήν
1328 1917 1356 1981 di
1370 1918 1399 1989 ἐξ
1412 1924 1496 1992 αὐτῆς
1512 1918 1620 1999 τικτομί

160 2011 227 2090 quid
242 2013 277 2073 sit
288 2012 339 2074 Dei
352 2012 479 2095 negatio?
487 2012 560 2086 Quia
569 2032 633 2072 vero
646 2010 698 2070 huc
711 2009 740 2069 lu
753 2029 784 2070 re
795 2029 849 2070 nott
862 2011 904 2071 vis
957 2010 1073 2089 τιλυγίαν
1095 2012 1258 2092 περικόπτει.
1283 2015 1319 2072 El
1344 2012 1397 2095 γδρ
1419 2014 1544 2093 ἀγαπᾷς,
1563 2011 1620 2093 ded

159 2102 270 2184 discere,
284 2127 337 2166 non
351 2104 508 2189 possequod
522 2123 572 2185 ego
584 2102 646 2163 dioo
659 2100 802 2180 nonfieri3
816 2101 845 2161 in
857 2122 903 2162 ne-
956 2102 1121 2184 ἠγαπημένῳ
1141 2103 1287 2166 πείθεσθαι.
1309 2095 1379 2165 Elec
1395 2104 1442 2164 καὶ
1462 2103 1505 2164 eoi
1526 2103 1573 2165 καλ
1590 2114 1620 2165 τι·

159 2198 265 2276 gatione
278 2213 325 2259 tua
338 2198 367 2257 id
377 2199 450 2259 dices
459 2223 469 2278 ρ
486 2199 536 2259 etsi
551 2198 604 2256 hoc
616 2197 668 2256 tibi
684 2193 842 2257 incredibile
859 2195 901 2257 vl·
919 2195 936 2242 Β
955 2198 1015 2269 etii,
1037 2196 1078 2254 Ού
1100 2194 1223 2256 δύνασαι·
1243 2193 1270 2255 τί
1284 2197 1452 2277 φιλονεικεῑςς
1468 2198 1518 2256 ote
1531 2188 1620 2266 older*

158 2310 219 2348 snm
232 2289 275 2349 sit.
286 2289 345 2350 Hoc
356 2289 465 2369 quidem
476 2290 612 2350 nesciebas
621 2311 631 2366 ρ
641 2287 725 2370 hujus
737 2308 802 2349 vero
810 2288 900 2367 cogni·
953 2289 1024 2346 iere
1038 2287 1214 2370 ἀπαγόρευσις
1227 2292 1315 2364 Θεοῦ,
1326 2287 1439 2363 Ἐπειδὴ
1451 2287 1481 2349 δὲ
1497 2291 1526 2348 ἀν
1537 2288 1620 2371 eosq

157 2380 255 2440 tionem
269 2381 297 2440 iu
308 2382 398 2442 animo
408 2380 547 2460 habebas3
561 2379 608 2440 sed
619 2394 706 2439 tamen
718 2391 900 2459 contraquam
953 2381 983 2437 οδ
998 2377 1080 2448 θέλεις
1098 2379 1139 2440 ότι
1157 2384 1208 2462 οὐχ
1224 2374 1320 2442 οἷόντε
1334 2382 1372 2461 μή
1386 2381 1509 2461 γενέσθαι
1526 2380 1620 2463 δλίγιι

155 2473 328 2553 exspectabas
347 2473 453 2534 accidit.
464 2473 609 2533 Animam
621 2492 717 2531 meam
732 2490 786 2551 pro
809 2483 837 2531 te
846 2489 899 2550 po·
953 2470 1064 2551 ἀρνήσει
1075 2477 1087 2505 ⁸
1097 2471 1160 2532 αύτδ
1178 2473 1301 2554 μαθήσῃ·
1320 2473 1407 2534 καίτοι
1426 2473 1497 2533 πολύ
1519 2499 1562 2534 σοι
1574 2478 1620 2535 τῶ

156 2586 236 2624 nam.
248 2566 320 2639 Quia
332 2566 403 2625 euim
415 2564 537 2625 audierat
550 2564 680 2645 majorem
695 2563 748 2623 bac
760 2561 898 2622 caritatem
953 2563 1125 2645 ἀπιστότερον
1139 2564 1270 2645 ἐφαίνετο.
1296 2569 1384 2627 Τοῦτο
1414 2564 1463 2644 μδν
1484 2566 1540 2647 γὰρ
1562 2565 1620 2628 ottt

153 2655 286 2716 nemiuem
299 2656 406 2734 habete,
416 2655 520 2716 insiluit
539 2655 641 2731 statim,
654 2652 816 2714 insatiabilis
835 2674 898 2712 cum
952 2653 1052 2714 ixeiroo
1066 2654 1094 2716 δὲ
1108 2653 1177 2729 ὴτήν
1191 2661 1288 2736 γνῶσιν
1303 2657 1381 2724 αθτδς
1394 2648 1465 2738 εἶχες
1478 2662 1505 2719 ἀν
1518 2664 1555 2740 τῇ
1568 2661 1620 2740 ψεχ

153 2762 220 2808 esset
233 2763 260 2810 et
272 2769 399 2830 suprema
415 2748 546 2828 attingere
558 2747 649 2807 vellet.
669 2748 703 2806 lt
723 2744 847 2805 Gltn'stus
867 2759 898 2805 ut
952 2747 1023 2823 ὅμως
1036 2745 1136 2825 ἐγίνετο
1155 2747 1187 2807 τθ
1202 2747 1270 2826 μηδὲ
1288 2750 1479 2832 προοδοκηθίν.
1500 2749 1563 2823 Τὴν
1575 2753 1620 2833 ψη

153 2843 285 2920 ostendat,
299 2843 375 2904 adse
391 2858 495 2904 tantum
509 2841 641 2924 pertinere
659 2840 718 2900 baec
731 2860 794 2900 cum
804 2853 897 2899 aucto-
951 2835 1019 2920 ὑπὲρ
1038 2846 1084 2899 σοῦ
1102 2840 1185 2912 θήσω.
1205 2841 1336 2913 υἘπειδὴ
1354 2842 1407 2923 γὰρ
1419 2843 1548 2918 ήκωσεν,
1567 2842 1620 2915 ὅτι

153 2933 232 2993 ritate
240 2935 325 3014 loqui,
331 2935 415 2995 dicit:
428 2937 477 2995 59.
487 2933 660 3015 Antequam
666 2931 766 3013 gallus
776 2944 896 3001 eantet;
950 2927 1049 3002 ταύτης
1062 2931 1169 3010 ἀγάπην
1182 2932 1266 3000 οὐδεὶς
1276 2932 1347 3014 ἔχει,
1361 2935 1533 3007 ἀπεπήδησεν
1543 2933 1620 2996 ate&

151 3026 203 3086 hoe
213 3040 264 3104 ost,
277 3048 356 3088 nunc
372 3025 641 3107 Nequeenimlonge
660 3023 770 3083 aberat:
794 3023 895 3084 intem·
952 3043 1040 3100 ρεστος
1065 3020 1170 3083 ὤνκαὶ
1197 3029 1249 3084 τῶν
1270 3025 1358 3105 ἄκρων
1380 3029 1547 3106 ἐφικνεῖσθαι
1562 3028 1620 3106 βοιλ

153 3133 227 3198 posta
245 3120 347 3203 quippo
362 3134 441 3182 nocte
453 3119 634 3199 loquebatur,
654 3118 749 3199 etjam
768 3117 856 3199 prima
871 3131 897 3176 et
951 3113 1019 3173 Ἀλλ’
1031 3117 1045 3172 θ
1057 3115 1187 3196 Χριστδς,
1202 3115 1303 3184 δεικνὺς
1323 3116 1365 3178 ότι
1377 3121 1457 3180 αὐτοῦ
1473 3119 1556 3198 μόνου
1571 3118 1620 3181 ἐστί

66 3230 71 3240 ·
123 3214 145 3247 v.
154 3210 270 3271 secunda
280 3212 376 3291 uigilia
389 3210 561 3293 praeterierat.
577 3212 603 3268 1.
621 3211 689 3267 Νοιι
704 3212 835 3268 turbetur
845 3229 896 3268 eor
951 3206 1019 3283 μετά
1031 3208 1167 3277 αθθεντίας
1179 3211 1403 3291 ἐπαγγέλλεσθαι,
1416 3212 1500 3293 φησί·
1513 3214 1620 3296 Πρλεθλ

156 3317 296 3362 oestrum.
305 3304 363 3362 Hoc
373 3302 449 3380 dicit,
461 3303 524 3381 quia
536 3301 682 3360 verisimile
692 3315 748 3359 erat
758 3300 830 3382 ipsos
845 3301 896 3359 ista
951 3303 1089 3377 φωνῆσαι·
1109 3301 1245 3375 τουτέστι,
1264 3311 1319 3363 νῦν.
1340 3302 1411 3362 Οὐδὲ
1425 3305 1479 3385 γάρ
1491 3296 1527 3377 ἦν
1541 3305 1620 3366 πολθι

88 3403 99 3429 ⁰
112 3403 148 3432 ’θ’
154 3394 292 3453 audientes
307 3394 429 3453 turbatos
441 3392 531 3451 luisse.
546 3392 575 3451 Si
589 3392 661 3451 cnim
681 3392 841 3472 coryphaeus
859 3390 896 3450 ita
913 3401 932 3449 C
951 3414 1056 3470 στημα·
1072 3395 1139 3473 ἀωρλ
1160 3394 1212 3476 γδιρ
1226 3398 1280 3453 τῶν
1294 3400 1394 3456 νυκτῶν
1408 3397 1561 3476 διελέγετο,
1573 3399 1617 3458 καί

4 3459 51 3508 Μ’
90 3465 141 3494 aeus.
153 3490 376 3551 scrvousaudivit
394 3501 593 3568 negaturumse
609 3508 665 3546 esse
677 3500 820 3565 autequam
838 3485 897 3565 gal·
950 3484 995 3542 >tel
1014 3485 1124 3566 δευτέρα
1139 3478 1172 3558 ήν
1186 3486 1291 3567 φυλακή
1313 3489 1462 3548 διελθοῦσα.
1488 3490 1539 3562 Μὴ
1555 3515 1589 3548 τα

153 3583 196 3642 lus
211 3597 252 3642 ter
264 3595 397 3660 cantaret,
410 3579 539 3639 credibile
551 3591 608 3640 crat
625 3578 697 3659 ipsos
715 3599 840 3658 magnam
853 3599 894 3637 ca·
948 3575 1022 3651 ὓμῶν
1036 3581 1052 3648 ή
1068 3576 1174 3658 καρδία.
1188 3581 1274 3638 Τοῦτο
1287 3578 1377 3658 λέγει,
1391 3581 1484 3653 ἐπειδή
1505 3513 1620 3655 sinici:

152 3676 299 3736 lamitutom
310 3696 435 3758 passuros
445 3696 509 3749 csso,
518 3694 577 3752 quae
587 3685 675 3754 posset
688 3671 733 3731 τοί
745 3670 894 3731 adamanti·
948 3665 1110 3737 ἀκούσαντας
1121 3671 1307 3751 ταράττεσθαι·
1318 3674 1352 3731 Εἰ
1362 3672 1439 3752 rip&
1450 3684 1593 3755 κορυφαῖος
1600 3698 1620 3734 u

151 3791 201 3829 nos
221 3769 327 3843 animos
345 3765 558 3839 cve1·tere.Quia
578 3764 663 3845 igitur
680 3785 729 3845 par
752 3777 809 3824 erat
833 3764 893 3823 illos
948 3757 1073 3840 διάπυρος
1097 3762 1149 3842 πρὸ
1170 3769 1258 3843 φωνῆς
1278 3763 1419 3844 ἀλέκτορος
1442 3766 1499 3847 τρὶς
1524 3771 1620 3849 irrepet

152 3864 208 3921 buc
222 3864 368 3943 cogitantes
380 3861 484 3937 terreri,
496 3859 558 3919 vido
568 3857 703 3936 quomodo
717 3857 789 3939 ipsos
801 3878 893 3917 oonso·
947 3850 1053 3922 ἤκουσα·
1070 3855 1187 3933 μεγάλην
1208 3855 1268 3915 τινὰ
1284 3857 1433 3937 προσδοκᾷν
1454 3858 1551 3927 αὐτοὺς
1569 3881 1620 3939 σοί-ο

148 3956 240 4032 lotor,
260 3957 327 4014 Non
349 3957 480 4013 turbetur
493 3973 544 4012 cor
564 3963 695 4010 oestrum
709 3975 716 4008 :
732 3950 785 4009 hoc
804 3948 893 4030 primo
947 3945 1142 4017 ὑποστήσεσθαι
1162 3947 1230 4012 εἰκὸς
1244 3939 1286 4019 ἦν,
1300 3947 1395 4019 ἱκανήν
1407 3949 1454 4007 καὶ
1468 3950 1518 4018 τὰς
1531 3953 1620 4030 ἀδαμα

149 4047 300 4107 divinitatis
315 4026 376 4106 τοιού
392 4046 521 4106 virtutem
539 4043 745 4120 demonstrans,
766 4041 840 4122 quod
862 4063 892 4102 ea
946 4036 1103 4119 περιτρέψαι
1113 4037 1208 4119 largit·
1219 4038 1297 4097 Ἐπεὶ
1310 4030 1354 4097 odo
1366 4047 1450 4099 ταῦτα
1460 4042 1620 4121 λογιζομίνα

148 4162 208 4218 quae
228 4140 269 4198 illi
285 4139 313 4198 in
326 4153 414 4198 mente
430 4137 575 4212 habebant,
586 4136 644 4217 ipse
665 4135 744 4195 sciret
759 4149 784 4194 ct
802 4134 892 4215 palam
945 4119 978 4200 lv
993 4129 1086 4197 αὐτοὺς
1102 4130 1147 4189 καλ
1163 4133 1306 4202 ἐκστῆναι,
1317 4130 1366 4211 θρα
1378 4135 1436 4198 πῶς
1447 4132 1544 4201 αὐτοὺς
1556 4156 1620 4215 παρα

148 4235 252 4292 laceret.
269 4234 394 4292 Creditis
408 4236 440 4288 in
450 4233 558 4302 Deum,
576 4242 604 4287 et
619 4233 651 4286 in
661 4250 707 4286 me
721 4229 830 4287 credite
836 4252 849 4297 ;
863 4226 892 4286 id
945 4245 1005 4297 ται,
1015 4222 1247 4303 Μήταρασσίσθω
1258 4226 1359 4302 θμῶνή
1372 4225 1486 4304 καρδία,
1498 4227 1585 4306 λέγων
1595 4249 1602 4264 ·
1614 4233 1620 4258 ¹

147 4339 206 4403 est,
222 4347 313 4385 omnes
331 4344 457 4383 aerumuae
471 4321 682 4403 pertransibunt.
696 4323 767 4380 Nam
780 4319 848 4380 fides
862 4321 890 4380 in
908 4330 928 4377 n
944 4314 1043 4396 πρόπιρ
1060 4321 1108 4388 τῆς
1123 4315 1245 4388 θεότητος
1263 4319 1342 4376 αὐτοῦ
1358 4316 1407 4388 τήν
1423 4317 1540 4397 δύναμιν
1554 4321 1620 4379 iudea

147 4438 191 4476 mc
203 4430 229 4475 ot
239 4417 265 4475 in
276 4421 382 4475 Patrem
395 4414 490 4473 fortior
502 4427 541 4472 est
550 4412 677 4471 aerumnis
687 4412 811 4471 omnibus
821 4457 831 4488 ,
843 4434 891 4472 nec
944 4431 1002 4483 νος,
1016 4408 1058 4468 ότι
1074 4409 1092 4466 θ
1105 4408 1174 4467 κατά
1187 4407 1276 4488 ψυχὴν
1294 4399 1375 4489 εἶχον,
1386 4415 1472 4469 ταῦτα
1486 4402 1543 4470 οἶδε
1562 4410 1620 4471 καλι

146 4508 216 4567 sinot
228 4528 278 4566 vos
290 4505 369 4563 malis
379 4505 466 4563 obrui.
477 4504 582 4563 Deinde
594 4502 688 4562 subdit
699 4526 706 4559 ε
718 4508 745 4562 2.
756 4507 795 4562 In
803 4505 890 4563 domo
944 4525 989 4562 σον
1004 4502 1072 4580 ἄγει.
1097 4501 1243 4561 Πιστεύετε
1266 4504 1303 4569 εἰς
1324 4502 1369 4560 τὸν
1390 4503 1472 4576 Θεὸν,
1494 4504 1543 4563 καλ
1564 4505 1620 4572 del

146 4602 247 4659 Patris
259 4601 315 4655 mei
332 4600 498 4654 mensiones
512 4595 613 4653 rnultoe
631 4606 709 4653 sunt.
722 4596 761 4653 Ut
778 4616 891 4655 moeren-
944 4594 1061 4655 στεύετε·
1075 4593 1213 4665 τουτέστι,
1234 4594 1321 4654 πάντα
1333 4593 1533 4674 παρελεύσεται
1544 4596 1618 4656 τάδι

145 4705 199 4751 tom
214 4691 323 4749 Petrum
346 4686 499 4746 consolatur
514 4685 617 4757 dicens,
634 4687 767 4765 Sequeris
790 4700 888 4746 autem
942 4686 993 4767 γὰρ
1007 4691 1044 4754 εἰς
1058 4687 1106 4766 ἐμὲ
1119 4685 1207 4754 πίστις
1221 4687 1266 4745 καὶ
1286 4688 1330 4746 τδν
1353 4687 1535 4766 γεγεννηκότα
1556 4690 1620 4748 dm

141 4796 245 4864 postea
258 4805 267 4838 .·
282 4780 321 4840 sic
333 4776 453 4838 eamdem
473 4776 528 4836 illis
543 4798 618 4857 spem
631 4778 759 4856 suggerit.
776 4780 817 4838 Nc
835 4800 887 4859 pu·
941 4784 993 4838 τῶν
1008 4779 1133 4840 ἐπιόντων
1144 4779 1210 4852 ἐστὶ,
1223 4779 1270 4837 καλ
1283 4777 1356 4838 οὐδὲν
1365 4778 1440 4838 ἐάσει
1451 4785 1620 4861 κρατῆσαιτί

143 4890 229 4938 tarent
242 4873 313 4934 enim
333 4870 368 4933 ad
381 4870 461 4930 illum
480 4870 567 4930 solum
587 4869 790 4950 promissionem
804 4872 886 4952 perti-
939 4876 1034 4954 χερῶν.
1051 4863 1121 4933 Εἶτα
1136 4873 1248 4949 ἐπαγει·
1270 4872 1307 4929 Εν
1331 4894 1363 4948 ιῃ
1390 4873 1464 4951 οἰκιφ
1484 4880 1535 4933 τοῦ
1550 4876 1620 4955 Πατρ

175 5077 189 5106 ³¹
200 5076 283 5146 [app
292 5069 407 5122 additum
419 5066 518 5121 eSartl.
531 5078 558 5120 et
568 5064 653 5122 Codd.
663 5068 779 5134 nostrie]
987 5085 997 5108 e
1008 5067 1097 5121 Morel.
1108 5071 1236 5150 ιπιιδηγιιρ,

173 5155 244 5206 ιΑΙίἰ
254 5157 310 5206 αὐτὸ
320 5157 376 5222 εἴση.
985 5148 1137 5214 θΙιιεετρντεκ
1147 5146 1234 5213 legisse
1241 5145 1341 5199 videtur
1353 5151 1429 5214 τούτῳ
1436 5158 1472 5216 τῷ
1484 5160 1620 5220 emmo

173 5238 187 5275 ο
199 5231 246 5286 Alit
256 5239 283 5287 τθ
293 5233 393 5288 συνειδὸς.
405 5225 482 5280 Paulo
491 5237 550 5295 port
560 5225 649 5277 Murci.
659 5233 694 5295 μή
702 5227 862 5296 προοδοκηθίν.
953 5225 1000 5279 itoe
1007 5238 1099 5295 paeto,
1108 5224 1151 5277 sed
1167 5226 1252 5277 omnia
1263 5221 1415 5290 exemplaria
1426 5230 1507 5298 τούτῳ
1519 5227 1620 5299 ψῃ]
