3750 5940
132 510 135 515 ‚
245 433 278 481 ru
304 433 423 501 imno,
452 435 600 485 sorrtcrr
627 437 693 485 ruu
718 435 847 486 ouu'rtu
873 438 965 504 unu,
993 442 1073 490 σεο.
1372 419 1446 520 639

49 555 63 615 :l
76 556 107 615 τὸ
119 554 213 657 ίδαρος
223 558 418 639 exspetim-
434 560 515 641 ῆγδρ
538 559 648 640 δύναμις
700 573 754 619 tur.
766 559 860 622 δειλοί
870 575 981 635 tectum,
993 574 1020 623 et
1034 563 1121 624 solum
1133 583 1185 623 non
1198 565 1345 646 apparebat
1359 590 1365 622 ι
1380 588 1443 629 nam

49 635 122 698 ιε’νον
141 658 231 695 ποντα
256 638 399 719 διεκράτει.
424 638 457 699 'E
476 639 491 663 ''
532 663 577 700 οον
602 641 647 701 τὸν
664 651 682 697 tt
701 639 818 721 Opificis
840 654 957 722 potestas
983 655 1071 703 totum
1092 641 1255 703 continebat.
1280 644 1443 707 Haereticam

49 715 91 806 ίπί
116 738 179 794 μοι,
194 722 252 784 πῶς
268 722 287 788 ἡ
312 718 396 799 στίγη
421 661 538 799 ἕγῆίίῃτό,
553 719 598 781 καὶ
617 721 648 782 τδ
699 718 852 800 interroga:
868 720 930 796 Die,
944 742 1042 801 quaeso,
1053 723 1131 797 mibi,
1143 721 1277 801 quomodo
1289 737 1388 784 tectum
1402 727 1440 785 la·

49 793 182 872 νπίκειτος
197 796 256 856 stul
268 821 313 876 μοι
324 799 369 858 τόν
377 798 518 877 λογισμόν,
532 800 591 859 alui
602 824 647 878 μοι
699 812 773 859 dum
786 812 834 876 ert,
847 813 875 860 et
887 801 974 861 solum
991 822 1044 861 non
1058 803 1208 883 subjectum
1224 802 1297 861 fuit?
1310 804 1440 866 rationem

54 874 133 935 Ἀλλδ
144 883 238 1018 cappe,
251 878 297 937 καί
319 877 407 938 πίστει
431 883 534 961 σεαυτῷ
556 903 645 960 παρα-
699 877 768 938 mibi
781 879 899 971 explica,
912 881 958 941 dic
973 880 1095 941 modum.
1111 881 1168 943 Sed
1179 882 1253 956 siler,
1268 895 1296 941 et
1307 882 1340 941 ad
1358 883 1442 944 lidem

49 978 75 1020 ις
88 954 190 1023 άξιοςε
223 957 398 1036 συγγνώμης,
414 956 449 1015 τὰ
462 957 510 1036 μίν
531 957 647 1037 κοσμικίι
699 971 726 1016 te
737 958 846 1039 reciprs.
862 959 965 1034 Quadi
987 982 1037 1021 nus
1052 983 1080 1020 es
1095 961 1184 1034 venia,
1194 960 1262 1022 dum
1277 962 1348 1021 circa
1360 984 1441 1023 mun-

49 1035 187 1112 τῇπίστιι
196 1041 298 1116 σεαυτῷ
308 1041 490 1118 παραχωρῶν,
501 1037 536 1097 τό
550 1037 578 1097 bl
590 1045 647 1098 θεῖα
699 1036 769 1096 dana
783 1051 925 1100 etterrena
942 982 1072 1100 scindens
1088 1056 1115 1101 te
1127 1040 1234 1123 recipis,
1248 1055 1274 1100 et
1284 1040 1377 1101 divino
1391 1063 1441 1101 cre-
1503 1048 1508 1056 '

50 1136 77 1172 ια
90 1126 166 1192 περιε
202 1116 327 1194 αζόμενος
337 1117 383 1176 καί
402 1118 646 1198 πολυπραγμονῶν,
698 1116 828 1196 lectioque
844 1119 948 1179 curiose
960 1141 991 1178 ac
1003 1134 1100 1181 temere
1108 1120 1442 1181 scrutaristFeriteaetum

49 1201 72 1250 'u
85 1139 251 1272 adparlixal
267 1195 317 1268 τὴν
330 1201 395 1275 γῆν·
409 1195 518 1268 ἐποίησε
536 1197 585 1269 τὴν
596 1202 646 1276 γῆν
699 1211 725 1256 et
739 1209 836 1256 terram
852 1199 935 1259 :lecit
947 1213 1045 1261 terram
1063 1202 1161 1274 solum,
1175 1214 1201 1260 et
1215 1221 1298 1279 aquas
1310 1200 1442 1260 subdidit.

49 1272 128 1332 ὗδατα
143 1277 208 1354 αὐτῇ
224 1275 362 1349 ὑπέθηκεν.
376 1265 453 1343 Elea<
469 1276 588 1354 θεμέλιον
599 1283 646 1338 τοῦ
699 1275 803 1337 Vidisti
825 1276 1031 1339 fundamentum
1048 1279 1177 1340 adifiefi?
1199 1280 1328 1360 Superior
1351 1294 1441 1353 terra,

49 1352 222 1424 τος;Ἄνωθτν
231 1357 278 1433 γῆ,
289 1355 335 1415 καί
346 1355 463 1416 κάτωθεν
474 1354 646 1424 staretst-
699 1354 838 1416 iuferiores
856 1379 943 1436 aquae.
965 1360 1048 1438 utqui
1068 1381 1143 1419 secus
1159 1359 1296 1419 architecti
1314 1360 1440 1419 faciunt:

49 1432 147 1510 ιοδόμοι
160 1434 255 1515 ίτίρως
268 1435 438 1514 ἐργάζονται,
450 1434 601 1503 ίξαντλοθσι
612 1436 646 1496 τὰ
699 1456 783 1514 aqum
799 1436 976 1513 exhauriunt,
991 1452 1018 1499 et
1032 1453 1096 1498 tunc
1110 1438 1313 1499 fundamentum
1323 1440 1440 1531 jaciunt.

49 1512 106 1571 τότε
127 1513 172 1571 τόν
187 1514 306 1593 θεμέλιον
327 1513 549 1574 καταόάλλονται.
564 1515 598 1576 ‘0
618 1517 646 1577 ll
699 1515 774 1574 Deus
787 1536 852 1575 vero
861 1517 939 1595 aquis
953 1518 1159 1578 fundamentum
1170 1533 1353 1600 superposuit,
1369 1533 1398 1578 ut
1410 1540 1443 1578 ue

63 1596 115 1650 τῶν
130 1593 231 1652 ίνδάτων
245 1595 324 1665 ἔθηκε
335 1595 380 1654 τὸν
394 1593 526 1671 θεμέλιον,
542 1593 584 1653 ίνα
607 1596 645 1673 μὴ
698 1593 867 1655 fundamenti
879 1597 947 1674 vim,
960 1597 1007 1657 sed
1020 1598 1135 1679 Opificis
1151 1612 1308 1679 potestatem
1325 1598 1440 1658 mireris.

49 1676 113 1731 ιτοῦ
128 1673 266 1749 θεμελίου,
289 1673 359 1733 θλλδ
385 1673 433 1747 τὴν
458 1673 577 1742 θξουσίαν
600 1680 645 1734 τοῦ
699 1672 764 1749 Sed,
775 1687 807 1732 ut
820 1674 955 1753 dicebam,
968 1676 1112 1757 diligenter
1123 1677 1274 1738 auscultate
1280 1701 1289 1755 ρ
1304 1699 1366 1737 nam
1398 1677 1443 1736 bi·

72 1753 220 1834 θαυμάσῃς.
244 1753 326 1825 Ἀλλ’,
348 1752 414 1833 άπερ
439 1754 539 1834 ίλιγον,
559 1777 645 1835 προο-
699 1752 837 1834 losopbire
863 1755 938 1834 loqui
958 1756 1107 1836 aggredior.
1129 1758 1198 1816 Cum
1218 1757 1291 1816 bunc
1311 1778 1357 1816 mu
1397 1779 1444 1816 um

61 1829 214 1910 άκριόείας·
236 1831 384 1913 ριλοσόρων
398 1832 449 1912 γὰρ
466 1833 585 1911 άπτομαι
598 1833 645 1893 λό-
664 1848 682 1895 c
699 1845 755 1891 tam
772 1834 900 1894 concinno
910 1834 1005 1896 ordine
1015 1836 1160 1896 formatum
1173 1836 1318 1896 fabricatus
1331 1837 1443 1913 usualia

49 1909 125 1980 ’ῆτὸν
137 1911 315 1992 παναρμόνιον
328 1912 430 1971 τουτονί
447 1911 547 1990 κόσμον
561 1913 648 1994 εἰργά-
700 1911 811 1991 quidem
820 1913 909 1973 omnia
925 1936 960 1974 ex
969 1935 1020 1974 una
1030 1916 1178 1975 substantia
1185 1915 1257 1974 fecit.
1263 1916 1345 1986 Quod
1356 1916 1378 1975 si
1391 1915 1443 1976 ob·

49 1989 71 2047 ίν
92 1990 162 2049 ἄλλα
186 1991 274 2051 πάντα
292 1989 345 2052 ἀπὸ
361 1993 502 2070 μοναδικῆς
524 1993 646 2064 ίποίησεν
700 2011 795 2051 scums
805 2014 893 2052 sermo
900 1999 957 2068 sit,
971 1995 1111 2055 clariorem
1130 1995 1210 2054 illum
1227 1995 1353 2068 reddam,
1365 1995 1389 2055 si
1403 2009 1444 2054 at-

58 2061 194 2150 άσαρὴςῇ
215 2071 334 2152 δλόγος,
356 2071 461 2144 ποιήσω
476 2071 553 2131 αὐτὸν
568 2073 647 2152 capl-
700 2071 825 2132 tendatis.
842 2072 902 2132 Alia
923 2073 1033 2152 quidem
1052 2074 1142 2135 omnia
1162 2095 1198 2134 ex
1220 2094 1273 2133 nna
1294 2075 1445 2134 substantia

49 2148 206 2228 προσέχητε.
228 2151 272 2210 Tb
287 2150 334 2228 μὶν
346 2151 417 2211 ἄλλα
429 2150 515 2211 πάντα
530 2151 584 2212 dub
597 2175 647 2230 μο-
702 2149 775 2228 lecit,
790 2165 846 2211 mm
878 2173 919 2212 uae
933 2174 1053 2228 sursum,
1071 2175 1225 2233 quamque
1238 2153 1364 2214 deorsum
1382 2169 1445 2215 sunt

50 2228 125 2299 ίησεν
139 2231 242 2302 οὐσίας,
256 2229 291 2288 τά
311 2229 366 2289 ἄνω
385 2229 478 2290 καὶτὰ
501 2231 575 2291 κάτω
604 2232 649 2292 καί
703 2233 787 2304 (nam
805 2245 832 2291 et
851 2173 898 2292 ilc
916 2232 1051 2308 mundus,
1067 2233 1152 2293 ethic
1166 2233 1285 2292 muudus
1305 2240 1382 2310 est),
1397 2232 1446 2293 sed

71 2312 182 2381 ἐκεῖνος,
209 2310 255 2370 καί
277 2308 376 2389 κόσμος
400 2301 490 2378 οὗτος·
513 2312 592 2372 δόοο
624 2337 649 2373 αι
702 2309 809 2390 singula
821 2331 903 2392 opera
913 2332 948 2371 ex
959 2333 1012 2372 una
1024 2313 1174 2373 substantia
1186 2326 1272 2373 erant.
1287 2313 1373 2377 Verbi
1382 2335 1446 2372 eau-

49 2391 72 2447 λ’
85 2389 195 2456 ἕκαστος
207 2392 258 2448 τῶν
273 2389 428 2468 γενομένων,
440 2391 494 2451 ἀπὸ
506 2393 649 2470 μοναδικῆς
703 2411 748 2450 sa:
765 2411 881 2471 superna
890 2391 981 2451 omnia
993 2393 1158 2485 incorporea,
1168 2392 1271 2452 insana
1287 2391 1378 2452 omnia
1389 2413 1447 2452 cor·

49 2493 60 2529 t.
79 2460 143 2528 Οἶόν
157 2493 183 2527 τι
196 2468 281 2549 λίγω·
296 2469 331 2528 cb
342 2469 397 2528 ἄνω
411 2469 498 2530 πάντα
507 2470 648 2551 ἀσώματα,
703 2490 768 2550 pora
775 2483 854 2548 sunt,
866 2470 1177 2563 supermintelbgibilio,
1183 2472 1286 2531 inferna
1293 2471 1432 2532 sensibilia
1436 2496 1446 2548 3

49 2571 93 2607 ντα
107 2547 236 2626 σώματα,
249 2550 283 2609 et
295 2549 350 2608 άνω
360 2550 452 2630 νοερδ,
463 2549 500 2610 τὰ
515 2551 592 2611 κάτει
602 2556 648 2612 al·
703 2570 818 2631 superna
833 2549 994 2627 invisibilis,
1012 2550 1115 2613 inferna
1130 2550 1260 2612 visibilia.
1277 2551 1345 2623 Quae
1358 2552 1442 2611 inler-

49 2627 92 2687 ίνω
107 2627 221 2708 ἀόρατα,
236 2628 271 2689 τδ
288 2629 362 2688 κάτω
375 2631 468 2710 ὁρατά.
486 2629 580 2691 Πάντα
593 2632 647 2694 σώ-
702 2649 738 2687 na
750 2643 827 2706 sunt,
839 2629 929 2690 omnia
944 2645 1006 2691 sunt
1024 2651 1156 2713 corpora,
1169 2632 1280 2707 caelnm,
1296 2631 1353 2707 sol,
1368 2631 1443 2708 luna,

49 2730 100 2778 τω,
115 2708 161 2767 καί
173 2708 299 2789 οὐρανὸς,
314 2708 360 2767 καὶ
373 2708 460 2784 ἥλιος,
473 2710 519 2770 καί
532 2710 648 2789 σελιίνη,
702 2720 782 2781 terra,
797 2731 882 2784 mare,
897 2709 1014 2787 arbores,
1027 2711 1142 2792 plantae,
1152 2710 1236 2770 boves
1244 2756 1253 2786 ,
1265 2732 1345 2784 oves,
1362 2711 1424 2802 equi
1437 2735 1444 2769 ι

49 2786 173 2860 ιάλαττα,
188 2789 234 2849 καί
247 2789 340 2869 δένδρα
357 2789 403 2848 καί
416 2788 501 2870 preb,
514 2791 559 2850 καί
574 2791 647 2870 βόες,
702 2788 792 2847 omnia
818 2787 940 2849 visibilia
960 2803 987 2849 et
1014 2790 1169 2866 sensibilia;
1196 2790 1287 2849 omnia
1310 2803 1392 2849 trouu
1420 2804 1447 2849 οι

49 2890 77 2940 ι,
100 2867 145 2926 καί
168 2867 264 2928 ἵπποι·
289 2868 378 2928 πάντα
403 2869 539 2949 δρώμενα,
560 2872 648 2932 πάντα
701 2868 821 2947 aspectui
837 2867 1027 2928 subiciuntur.
1050 2871 1172 2950 Superur
1186 2869 1275 2929 omnia
1298 2868 1447 2929 invisibilia

49 2946 108 3006 ίντα
121 2946 251 3027 σώματα,
263 2946 351 3008 πάντα
360 2950 414 3030 cipp*
428 2949 647 3028 θποόαλλόμενα,
701 2960 804 3006 suntet
817 2890 1015 3026 intelligibilia,
1032 2949 1139 3029 angeli,
1155 2947 1325 3028 archangeli,
1339 2947 1445 3024 throni,

49 3026 148 3104 σ’νμινα.
164 3025 208 3087 Tb
228 3028 283 3087 ἄνω
306 3027 393 3087 πάντα
416 3030 533 3111 ἀόρατα,
553 3031 647 3113 coepi,
665 3048 685 3095 ι)
702 3025 915 3102 dominationes,
935 3027 1120 3110 principatus,
1141 3041 1299 3109 potestates,
1313 3028 1444 3105 virtutes,

49 3106 195 3185 ιχάγγελοι,
223 3107 326 3188 θρόνοι,
351 3109 520 3189 κυριότητες,
545 3112 646 3192 όμραί,
701 3104 849 3166 Cherubim
867 3120 893 3167 et
906 3106 1058 3188 Seraphim.
1074 3108 1165 3186 Neque
1182 3107 1230 3166 illa
1247 3107 1376 3184 visibilia,
1394 3128 1445 3167 tte-

49 3186 155 3264 νάμιις,
167 3186 202 3245 τδ
214 3187 366 3268 Χιρσυόίμ,
378 3187 412 3247 τὰ
429 3188 562 3270 Σιραρίμ.
576 3191 647 3250 οὔτε
701 3205 754 3262 que
767 3185 825 3245 haee
835 3184 985 3247 invisibilia
1002 3201 1064 3246 suut
1072 3210 1081 3264 3
1098 3207 1184 3265 neque
1199 3187 1247 3246 illa
1261 3207 1385 3267 corporo,
1400 3208 1446 3247 ne-

49 3267 77 3340 l,
92 3266 153 3325 οὔτε
170 3271 255 3326 ταῦτα
275 3266 388 3348 ἀόρατα·
406 3269 465 3328 οὔτε
489 3271 576 3328 ἐκεῖνα
594 3270 648 3330 σώ-
702 3284 755 3342 que
772 3265 831 3325 brec
849 3265 1006 3346 incorporea
1023 3291 1029 3324 :
1045 3265 1092 3327 sed
1105 3280 1132 3326 et
1144 3265 1203 3326 baec
1219 3287 1342 3348 corpora,
1356 3281 1383 3326 et
1396 3266 1446 3327 illa

60 3352 145 3405 ταῦτα
170 3345 317 3425 ἀσώματα,
332 3347 400 3407 ἀλλὰ
421 3349 466 3408 καί
488 3353 572 3407 ταῦτα
592 3350 647 3411 σώ-
661 3393 685 3432 ,3
702 3344 858 3426 incorporea
879 3357 964 3423 sunt;
987 3346 1077 3406 omnia
1096 3366 1133 3406 ex
1151 3367 1205 3406 una
1223 3346 1372 3406 substantia
1391 3345 1446 3405 lor-

51 3427 139 3484 ἐκεῖνα
165 3426 311 3504 ἀσώματα·
332 3427 420 3486 πάντα
445 3431 476 3488 ίκ
506 3430 648 3506 μοναδικῆς
666 3451 685 3495 Α
702 3437 784 3497 mata,
798 3439 824 3484 et
837 3446 897 3504 que
910 3422 1049 3503 deorsum,
1061 3439 1089 3486 et
1103 3446 1163 3504 quae
1176 3436 1285 3486 sursum
1297 3438 1379 3503 sunt,
1393 3425 1448 3485 alia

49 3504 99 3578 ἀς,
112 3506 158 3564 καί
183 3506 217 3564 τά
239 3507 327 3580 κάτω,
341 3506 386 3567 καί
406 3508 439 3566 cd
465 3509 534 3568 ἄνω·
549 3509 595 3567 καί
615 3511 648 3570 τά
702 3503 813 3582 quidem
831 3526 866 3564 ex
884 3505 1059 3585 corporibus,
1073 3505 1127 3565 alia
1141 3526 1177 3565 ex
1195 3505 1376 3586 incorporeis3
1393 3505 1448 3565 alia

49 3585 147 3662 μάτων,
163 3584 197 3644 cb
208 3587 235 3645 bl
254 3586 281 3655 ἐξ
300 3586 459 3665 ἀσωμάτων,
472 3587 507 3646 τά
521 3586 569 3665 μὲν
592 3589 647 3648 cni-
701 3603 823 3665 corpora,
839 3584 893 3645 alia
909 3584 1074 3666 incorporea.
1097 3585 1177 3645 Solus
1195 3586 1276 3645 bomo
1296 3607 1331 3645 ex
1344 3584 1448 3666 duplici

49 3665 204 3743 ια’σόνματα.
222 3665 335 3734 Μόνοςό
353 3668 488 3746 άνθρωπος
502 3670 532 3727 ἐκ
553 3668 648 3739 διπλῆς
702 3663 851 3724 substantia
862 3665 948 3723 fictus
963 3678 1018 3739 τοι,
1037 3663 1090 3724 alia
1105 3665 1306 3746 praestantiore,
1323 3665 1375 3724 elio
1395 3655 1446 3724 de-

49 3743 98 3818 ἶας,
111 3747 160 3815 τῆς
174 3744 221 3823 μίν
236 3745 382 3824 βελτίονος,
396 3750 444 3816 τῆς
463 3747 491 3806 δὲ
512 3745 647 3827 χείρονος,
702 3743 811 3820 teriore,
833 3765 868 3804 ex
888 3743 978 3802 anima
996 3757 1022 3804 et
1040 3764 1172 3825 corpore:
1192 3744 1238 3804 illa
1251 3744 1322 3802 enim
1331 3788 1341 3820 ,
1357 3744 1448 3803 anima

49 3824 66 3882 ιλ
80 3824 218 3901 σώματος·
232 3830 250 3897 ἡ
265 3825 312 3903 μίν
327 3826 379 3906 γάρ
394 3827 466 3884 ἐστιν
480 3828 590 3906 ἀόρατος
603 3829 648 3887 καί
701 3822 818 3897 scilicet,
835 3838 875 3883 est
887 3822 1032 3884 invisibilis
1051 3838 1078 3883 et
1093 3823 1243 3904 spiritualis
1253 3847 1261 3895 ;
1273 3844 1371 3902 corpus
1384 3844 1448 3882 vcro

49 3903 113 3984 ιχῆ·
126 3903 157 3962 τὸ
179 3905 206 3964 bl
228 3908 308 3983 σῶμα
330 3906 455 4046 αίσθνγτδν
478 3907 523 3964 καὶ
545 3906 648 3987 ὁρατόν.
703 3901 828 3962 sensibile
845 3916 872 3962 et
892 3902 1001 3963 visibile
1016 3916 1064 3962 est.
1082 3903 1138 3962 Ctu·
1154 3922 1218 3980 ergo
1232 3901 1262 3960 bi
1283 3900 1338 3959 duo
1351 3901 1447 3961 muudi

49 4006 114 4043 ιτκεν
125 3988 149 4043 οἱ
164 3983 211 4062 μὲν
221 3985 267 4043 δύο
281 3985 376 4064 κόσμοι
389 4009 404 4045 ο
420 4008 461 4045 τοι
472 3986 524 4045 ἀπὸ
537 3989 649 4064 μοναδι-
703 4002 739 4041 ex
760 4003 813 4042 una
826 3981 977 4042 substantia
991 3981 1148 4058 nuntianti,
1162 4001 1248 4060 neque
1265 4000 1373 4040 sursum
1388 4001 1448 4040 cor·

49 4086 85 4122 ντο
103 4063 208 4134 οὐσίας,
222 4065 268 4123 καὶ
285 4064 345 4124 οὔτε
366 4066 420 4125 άνω
444 4066 574 4143 σώματα,
590 4066 649 4125 οὔτε
703 4083 780 4141 pora,
799 4082 885 4140 neque
897 4061 1025 4122 deorsum
1041 4061 1196 4142 incorporea
1214 4073 1278 4119 sunt
1286 4082 1296 4136 3
1310 4059 1382 4118 solus
1398 4080 1447 4118 au-

49 4141 249 4224 ιτα·ἄνθρωπος
261 4144 289 4204 δί
300 4144 379 4222 μόνος
388 4145 440 4204 ἀπὸ
451 4144 593 4223 ἀσωμάτου
605 4148 650 4206 καί
704 4155 757 4200 tem
773 4140 854 4200 homo
871 4160 906 4200 ex
924 4141 1080 4220 incorporeo
1096 4154 1122 4199 et
1141 4161 1176 4199 ex
1190 4160 1301 4229 corpore
1317 4139 1447 4229 onustat?

49 4222 193 4297 νίστηκεν,
204 4221 346 4283 Ἀκούσατε
363 4225 412 4298 τὴν
435 4224 588 4294 ulularuntul
601 4227 651 4304 μά·
705 4219 804 4312 Audite
824 4241 954 4310 cauum,
977 4233 1004 4278 et
1022 4217 1118 4311 discite
1139 4218 1255 4300 Opilicts
1269 4239 1307 4308 ¹sa
1328 4231 1446 4310 rentiam.

48 4303 193 4454 ttlsst‘t
209 4302 651 4462 luttlssultttllltft‘?
704 4300 775 4439 ill}
789 4297 1448 4459 tlztultuttltttlsstlttltullll:

60 4449 225 4542 ίνσώματος·
241 4444 316 4539 ὁμὲν
336 4464 484 4544 άόρατος,ό
500 4465 527 4523 δὲ
541 4463 650 4544 ὁρατός·
704 4460 754 4533 lis,
765 4459 835 4518 alius
849 4457 1011 4532 invisibilis,
1030 4456 1100 4515 alius
1116 4454 1277 4593 piritualis,
1293 4476 1390 4546 nempe
1402 4478 1449 4547 su.

49 4544 81 4607 ςό
95 4540 164 4614 ἄνω,
177 4546 192 4600 ό
204 4541 232 4600 δὲ
245 4544 368 4612 αἰσθητός
388 4549 402 4603 ό
421 4543 510 4601 κάτω·
521 4542 565 4601 ίνα
581 4543 650 4621 μὴὴ
704 4537 814 4619 perior,
829 4537 900 4596 alius
920 4535 1074 4613 sensibilis,
1089 4535 1116 4593 in
1129 4536 1200 4595 erior
1221 4558 1228 4592 ι
1256 4555 1290 4593 ne
1308 4535 1450 4595 diversitas

49 4644 58 4675 ν
71 4619 155 4700 ἔργων
169 4621 305 4702 διαρόρους
318 4621 493 4705 δημιουργοὺς
506 4623 651 4702 εἰσαγάγῃ,
705 4639 818 4699 operum
835 4615 964 4676 diversos·
980 4613 1120 4706 induceret
1138 4614 1268 4707 opifices,
1283 4627 1310 4706 et
1329 4635 1362 4673 ne
1376 4615 1455 4708 dice-

49 4721 110 4773 ,ται,
124 4701 165 4761 ότι
176 4700 255 4768 σίλλος
267 4701 301 4760 τὰ
313 4702 367 4761 άνω
379 4702 502 4774 ίποίησε,
516 4702 561 4762 καὶ
573 4703 651 4769 ἄλλος
704 4711 780 4757 retur
797 4696 882 4756 alium
895 4715 1027 4776 superna,
1042 4693 1127 4753 altum
1139 4695 1241 4754 inferna
1260 4694 1372 4768 secisse,
1392 4717 1450 4754 anr-

49 4781 135 4839 ,πλοῦν
149 4782 215 4850 ζῶον
228 4782 254 4838 ἰν
278 4785 316 4863 τῷ
329 4781 422 4866 κόσμῳ
443 4782 536 4854 ἔθηκεν
550 4784 651 4853 ἀνακη-
704 4777 759 4837 mal
769 4775 875 4857 duplex
889 4774 917 4835 in
929 4773 1033 4834 mundo
1047 4775 1145 4855 posuit,
1156 4772 1229 4865 quod
1242 4787 1268 4833 et
1280 4773 1450 4857 superiorum

49 4861 102 4917 τῶν
117 4859 231 4920 άνωκαὶ
244 4865 296 4920 τῶν
310 4861 384 4920 κάτω
399 4861 448 4933 τὴν
469 4862 651 4941 δημιουργίαν.
669 4875 686 4921 n
705 4870 730 4916 et
764 4856 923 4939 inferiorum
949 4852 1111 4914 creationem
1144 4853 1313 4935 predicaret.
1340 4853 1451 4933 Duplex

259 4982 267 5010 ,
280 4941 326 4999 καί
340 4946 393 5001 τῶν
418 4943 473 5002 άνω
486 4942 516 5001 τὸ
530 4941 652 5022 συγγενίς
705 4936 822 4996 muudus
835 4949 875 4996 σοι
886 4934 978 5009 Ιιοιιιο,
989 4933 1037 5013 qui
1050 4932 1236 5015 superioribus
1251 4932 1360 4992 affinem
1368 4931 1449 4991 babet

49 4940 164 5016 ιμοςάνθ
1242 5012 1248 5023 γ
1326 5007 1331 5017 Ι

49 5017 116 5099 γῆν,
129 4961 330 5080 καίωόίζκάτω
350 5019 381 5081 τδ
401 5025 496 5099 σῶμα,
509 5021 652 5100 σόνδισμός
704 5017 830 5091 animam,
850 5027 877 5077 et
895 5012 1068 5076 interioribus
1088 5033 1195 5094 eorpus.
1216 5011 1345 5093 Lrgamen
1363 5009 1449 5091 quod·

49 5227 81 5260 un
94 5207 191 5262 ridetur
211 5229 269 5263 cum
280 5211 373 5265 savilio
382 5220 407 5274 ἦν
417 5219 497 5274 οὐσίας.
