3750 5940
356 412 388 460 ιιι
415 411 572 459 sonnacii
598 409 718 456 nonin.
748 405 844 454 xxvi.
875 380 921 454 al.
951 407 1034 455 xxv.

215 792 358 852 onlnln
376 786 428 857 σις’.
731 783 749 830 ⁰
995 780 1154 842 Honsslnu
1176 778 1283 843 XXVI.

61 974 176 1054 ιημὲνον
199 980 231 1036 lx
249 981 298 1048 τῆς
314 974 429 1057 σαρκὸς,
451 969 518 1053 σάρξ
535 972 606 1028 ἐστι·
622 963 667 1024 καὶ
685 962 715 1020 τὸ
769 960 799 1018 6.
814 961 900 1039 Quod
908 975 1011 1023 natum
1021 979 1063 1026 est
1077 987 1113 1025 ex
1127 985 1313 1040 carne,·caro
1324 975 1421 1033 est5et
1433 963 1512 1043 quod

61 1067 162 1146 ομίνον
177 1070 211 1128 ἐκ
225 1073 274 1128 τοῦ
294 1064 464 1145 Πντιίματος,
475 1059 579 1138 πνεῦμά
595 1062 673 1118 ἐστιν.
872 1065 974 1115 natum
986 1069 1028 1117 est
1041 1079 1078 1117 ex
1090 1058 1209 1138 Spiritu,
1226 1061 1343 1138 spiritus
1354 1069 1407 1116 est.

61 1274 103 1311 m
117 1257 198 1329 ἡμᾶς
213 1248 366 1333 pompina
379 1244 539 1320 κατηξίωσεν
550 1250 565 1303 θ
575 1237 716 1321 μονογενὴς
812 1237 840 1291 ί.
858 1233 964 1316 Magnis
981 1258 1030 1298 nos
1048 1240 1184 1322 mysteriis
1198 1239 1326 1321 dignatus
1338 1251 1378 1298 est
1390 1238 1512 1318 unigeni·

74 1345 167 1405 Oea·
190 1342 325 1423 μεγάλων,
349 1339 395 1400 καλ
415 1337 476 1399 οἵων
491 1343 568 1415 ἡμεῖς
588 1337 634 1394 οὐκ
647 1324 715 1411 ἦμεν
770 1339 814 1386 tus
827 1327 912 1388 Filius
928 1329 998 1409 Dei;
1016 1335 1130 1413 magnis,
1143 1349 1170 1393 et
1185 1334 1284 1413 quibus
1297 1331 1375 1413 digni
1388 1353 1441 1391 non
1454 1353 1512 1390 era-

61 1435 93 1494 t’
113 1433 180 1494 οἵων
199 1436 272 1514 αὐτῷ
292 1431 418 1513 παρίρειν
433 1428 534 1510 πρίπον
548 1417 591 1498 ἦν.
604 1422 650 1484 Ἂν
668 1421 715 1503 μίν
770 1440 840 1496 mus,
853 1419 902 1481 sed
914 1443 974 1499 quae
988 1423 1099 1484 decebat
1112 1425 1190 1485 illum
1204 1421 1279 1486 dare.
1297 1426 1368 1484 Nam
1381 1424 1403 1483 si
1418 1423 1512 1482 merita

61 1522 144 1594 ὄίίαν
162 1525 214 1597 τὴν
228 1522 361 1606 ἡμετίραν
375 1519 513 1603 λογίσηταί
525 1543 581 1592 τίς,
594 1520 623 1578 ῠῦ
638 1517 715 1596 μόνον
769 1526 859 1572 ὓθὸῐῑθ
874 1513 935 1593 quis
956 1530 1075 1598 reputet,
1092 1539 1145 1578 non
1159 1518 1247 1578 solum
1263 1517 1334 1578 dono
1352 1538 1458 1575 eramus
1471 1517 1512 1576 in·

61 1609 178 1697 ἱςῆμεν
191 1616 310 1690 ἀνάξιοι,
323 1614 392 1676 ἀλλὰ
405 1614 451 1675 καὶ
464 1612 596 1676 κολάσεως
606 1607 715 1669 θπεύθυ·
734 1616 752 1663 lt
770 1602 858 1684 digni,
879 1605 928 1667 sed
948 1607 1083 1690 supplicio
1103 1623 1129 1669 et
1145 1609 1243 1670 ultioni
1265 1608 1387 1670 obnoxii.
1406 1605 1462 1666 Sed
1482 1605 1514 1665 id

61 1709 197 1793 πμωρίας.
211 1708 324 1781 Ἐπειδὴ
338 1706 365 1769 δὲ
380 1709 410 1768 ὠ
426 1706 490 1787 πρὸς
503 1710 579 1763 τοῦτο
595 1691 671 1774 είδεν,
686 1703 716 1758 οὐ
769 1716 822 1754 non
844 1697 988 1778 suspiciens
1010 1699 1067 1775 ille,
1080 1721 1133 1760 non
1148 1701 1229 1761 modo
1243 1722 1290 1760 nos
1304 1721 1320 1759 a
1333 1698 1467 1781 supplicio
1479 1697 1513 1756 li-

61 1802 160 1870 ιάσαως
177 1799 339 1874 ἀπήλλαξεν,
352 1796 420 1858 ἀλλὰ
431 1796 477 1856 καί
488 1793 557 1867 ζωὴν
571 1790 715 1874 ἐχαρίσατο
768 1787 887 1866 beravit,
900 1790 949 1850 sed
962 1792 1048 1852 vitam
1068 1793 1182 1874 largitus
1199 1807 1239 1853 est
1259 1793 1345 1875 priori
1363 1793 1442 1872 longe
1454 1791 1511 1850 cla-

61 1900 93 1969 ·,γς
117 1892 253 1978 mim
268 1889 483 1972 δλαμπροςέραν,
504 1890 539 1954 εἰς
553 1885 632 1945 ἄλλον
642 1889 714 1961 ἡμᾶς
768 1879 886 1959 riorrm3
904 1883 932 1942 in
957 1884 1042 1944 alium
1062 1907 1110 1946 nos
1132 1887 1266 1947 mundum
1289 1885 1412 1962 induxit,
1431 1885 1513 1944 aliam

70 1986 187 2064 κόσμον,
204 1984 296 2066 ίτίραν
308 1980 500 2062 ίδημιούργησι
515 1976 599 2038 κτίσιν
610 2000 616 2013 ·
629 1974 665 2036 Et
674 1998 714 2042 τις
768 1972 892 2033 condidit
909 1988 1061 2036 creaturam
1077 2002 1084 2035 τ
1102 1979 1134 2038 Si
1154 1999 1214 2059 qua
1237 1983 1316 2038 artirn
1340 1983 1373 2036 in
1396 1979 1512 2037 Christo
1523 2002 1545 2039 α.
1559 1988 1611 2034 cor.
1623 1988 1645 2036 5.

61 2080 155 2159 ’.μισ-τῷ
175 2076 256 2149 καινὴ
271 2074 371 2146 κτίσις,
388 2071 461 2154 φησί.
475 2068 547 2130 Ποία
560 2066 639 2140 καινὴ
656 2065 714 2126 κτί-
769 2085 846 2124 aava
857 2080 1003 2141 creatura,
1016 2067 1115 2148 inquit.
1128 2071 1195 2143 Quae
1206 2091 1275 2130 nova
1289 2070 1429 2130 creatura?
1440 2069 1512 2129 Audi
1525 2065 1561 2108 ¹⁷·

61 2193 139 2233 ωσσν
161 2171 241 2231 αὐτοῦ
254 2167 387 2248 λέγοντος·
400 2164 466 2224 Ἐὰν
483 2162 521 2242 μή
543 2185 582 2229 τις
601 2165 712 2241 γεννηθῇ
767 2155 857 2237 ipsum
870 2159 954 2218 :Msi
967 2163 1032 2240 quis
1054 2164 1246 2243 natassuerit
1262 2183 1298 2220 ex
1313 2182 1393 2243 aqua
1407 2174 1435 2220 et
1449 2161 1512 2242 Spi-

61 2286 76 2331 ς
94 2262 146 2323 καί
164 2257 338 2338 Πνιιίματος,
353 2260 383 2317 οὐ
408 2255 518 2316 δύναται
537 2254 661 2313 εἰσελθεῖν
678 2255 714 2319 εἰς
767 2254 836 2323 ritu,
854 2272 913 2310 non
925 2256 1032 2333 poterit
1044 2257 1156 2314 intrare
1166 2259 1197 2312 in
1211 2276 1331 2336 regnum
1345 2256 1412 2314 Dei.
1430 2255 1512 2314 Para-

61 2353 139 2417 λείαν
154 2358 201 2412 τοῦ
219 2354 299 2414 Θεοῦ.
313 2348 498 2428 οΙῙαράδεισον
514 2344 714 2423 ίπιστεύθημεν,
767 2341 843 2401 disus
856 2342 934 2405 nobis
953 2345 1124 2406 concreditus
1141 2347 1205 2423 luit,
1219 2369 1306 2426 neque
1319 2345 1397 2428 digni
1410 2347 1513 2406 luimus

66 2450 118 2520 τῆς
135 2448 161 2506 ἐν
182 2446 256 2523 αὐτῷ
269 2442 402 2520 διαγωγῆς
415 2439 547 2519 ἐφάνημεν
563 2435 647 2508 ἄξιοι,
668 2435 714 2495 καί
768 2435 814 2513 qui
828 2435 885 2495 illie
897 2458 1085 2518 versaremur,
1102 2453 1128 2499 et
1141 2439 1169 2499 in
1183 2440 1278 2500 calum
1295 2462 1343 2500 nos
1356 2440 1464 2500 extulit.
1480 2443 1513 2500 ln

74 2534 205 2619 ὠρανοὶις
224 2541 297 2613 ἡμᾶς
317 2533 457 2612 ἀνήγαγεν.
472 2531 519 2591 Ἐν
532 2537 587 2597 τοῖς
600 2525 714 2610 πρίντοις
766 2527 904 2607 prioribus
917 2528 1011 2590 fideles
1031 2552 1085 2591 non
1104 2533 1253 2609 fueramus,
1267 2545 1292 2591 et
1307 2533 1409 2616 majora
1424 2546 1513 2592 umen

61 2635 144 2708 θημεν
165 2625 257 2687 πιστοί
266 2671 275 2699 ,
288 2624 334 2685 καὶ
354 2623 461 2703 ριίζονα
475 2619 644 2703 ἐνεχείρισεν·
659 2619 714 2687 ἑνὸς
730 2632 749 2679 Ε
767 2618 900 2706 tradidit:
916 2642 968 2681 non
991 2624 1129 2702 potuimus
1150 2624 1186 2684 ab
1205 2647 1258 2685 uno
1275 2625 1408 2684 abstinere
1425 2626 1512 2706 ligno,

61 2725 101 2782 λιιι
116 2719 195 2789 ξύλω
207 2722 254 2778 olai
269 2715 423 2798 ίσγίσαμεν,
435 2715 481 2775 καί
496 2713 543 2786 τλν
556 2713 610 2772 ἄνω
630 2711 714 2795 παρέ·
767 2725 794 2770 et
817 2733 945 2793 supernas
968 2715 1085 2796 praebuit
1107 2717 1243 2778 delicias:
1264 2717 1291 2777 iu
1313 2717 1438 2798 paradiso
1459 2739 1512 2777 non

61 2812 121 2895 γήν·
139 2815 166 2872 ἐν
183 2809 340 2892 παραδείσῳ
358 2810 406 2869 ola
421 2805 645 2889 ἐααρτερήσαμεν,
669 2801 714 2862 καὶ
768 2804 1016 2884 perseveravimus,
1030 2821 1056 2866 et
1068 2808 1146 2867 caelos
1160 2809 1237 2868 nobis
1249 2809 1366 2891 aperuit.
1382 2813 1448 2871 lure
1468 2809 1512 2869 di-

61 2903 142 2972 πνοίνς
166 2908 233 2982 ἡμῖν
258 2899 428 2961 ἀνιπίτασεν.
450 2897 570 2966 Εἰκότως
592 2895 679 2976 ἔλεγεν
700 2899 714 2954 ὁ
767 2894 810 2954 xit
824 2896 924 2956 Paulus
936 2921 943 2955 ι
956 2899 982 2957 0
995 2898 1122 2958 altitudo
1136 2901 1306 2960 divitiamm
1320 2905 1471 2980 sapientire
1484 2915 1511 2960 et
1522 2903 1590 2949 Rom.
1604 2919 1638 2951 ιι-

69 2986 113 3059 u
129 2996 209 3076 βάθος
223 2993 337 3055 πλούτων
357 2992 403 3052 καί
417 2990 509 3072 σοφίας
530 2987 575 3050 καί
594 2987 714 3069 γνώσεως
767 2992 895 3048 scientio
917 2988 997 3050 Det!
1011 2991 1071 3050 Non
1089 2991 1159 3050 ultra
1173 3006 1271 3069 mater,
1286 3014 1338 3053 non
1362 2992 1432 3052 ultra
1446 3014 1510 3075 par.
1522 2967 1563 3014 33·

61 3092 95 3152 θα
116 3089 159 3149 ἔτι
173 3087 278 3168 μήτηρ,
299 3085 347 3145 οὐκ
363 3083 401 3143 ίτι
419 3085 525 3157 ὠδῖνες,
543 3081 603 3142 οὔτι
623 3079 713 3154 ίίπνοι,
768 3092 820 3156 tus,
834 3101 887 3140 non
896 3081 993 3159 mmni,
1007 3103 1061 3142 non
1074 3084 1232 3144 concubitus
1245 3099 1271 3144 et
1283 3086 1424 3165 amplexus
1435 3108 1442 3142 ι
1453 3105 1512 3144 sur-

61 3181 138 3243 ιισίαι
156 3179 205 3240 καί
220 3175 379 3261 περιπλοκαί
393 3173 524 3252 σωμάτων
536 3197 543 3210 ·
554 3173 609 3232 ἄνω
622 3173 714 3233 λοιπὸν
767 3198 828 3235 sum
841 3176 951 3238 tandem
968 3192 1071 3238 naturae
1093 3193 1189 3240 nostrae
1211 3180 1313 3239 texitur
1325 3179 1466 3262 opificium
1479 3202 1513 3240 ex

61 3266 397 3353 ιςῆςθμεςίραςριίσεωςή
406 3264 566 3339 κατασκευὴ,
575 3264 759 3342 &oblitui-149
768 3269 873 3350 Spiritu
886 3283 913 3329 et
926 3292 1005 3350 aqua.
1023 3275 1100 3352 Aqua
1114 3285 1204 3332 autem
1222 3287 1340 3333 assumta
1353 3286 1406 3349 est,
1419 3286 1514 3354 partus

61 3364 106 3427 lm
119 3365 167 3424 ml
179 3361 330 3428 ὕδατοςῒὸ
343 3358 370 3420 δὲ
382 3357 452 3439 ὕδωρ
462 3357 656 3441 παρείληπται,
671 3356 714 3417 τό·
731 3357 752 3403 Α
768 3360 857 3441 genito
871 3362 951 3422 sacta.
967 3362 1049 3436 Quod
1065 3377 1104 3423 est
1117 3364 1219 3424 matrix
1232 3364 1388 3447 embryoni,
1407 3364 1460 3424 hoc
1474 3380 1513 3425 est

61 3452 346 3537 αωμένῳγινόμενον.
357 3450 447 3534 Ὅπερ
455 3452 506 3534 γοίρ
516 3455 610 3524 ἐστινὴ
623 3450 713 3532 μήτρα
767 3474 837 3531 aqua
853 3451 928 3514 fideli
941 3479 947 3512 :
959 3454 988 3514 in
1002 3476 1073 3534 aqua
1094 3455 1168 3517 enim
1188 3456 1301 3537 fingitur
1321 3471 1348 3517 et
1369 3457 1511 3517 formatur.

61 3550 118 3633 ιίιρ,
140 3555 220 3608 τοῦτο
232 3550 271 3626 τῷ
292 3549 379 3627 πιστῷ
398 3543 429 3603 τὸ
452 3542 538 3625 ὕδωρ·
562 3547 588 3604 ἐν
604 3543 656 3625 γὰρ
675 3547 713 3624 τῷ
767 3545 1237 3629 Primumdicebatur:1Producaat
1248 3550 1514 3631 aquareptileaai-
1526 3567 1580 3608 Gen.
1594 3575 1614 3608 ι,
1626 3578 1664 3610 20.

61 3640 214 3703 κλέπτεται
229 3638 276 3698 καὶ
293 3641 448 3718 μορφοῦται.
460 3636 501 3696 Τὸ
516 3634 563 3714 μὲν
573 3635 625 3716 γὰρ
635 3638 713 3716 πρῶ-
769 3659 824 3697 moe
838 3643 1029 3710 viventiuex
1044 3662 1098 3720 quo
1111 3655 1201 3700 autem
1214 3640 1341 3702 Jordanis
1359 3641 1458 3702 ssuenta
1472 3641 1514 3702 in·

61 3756 123 3794 ιτσ·
146 3728 320 3809 Ἐξαγαγέτω
339 3728 373 3788 τί
396 3726 479 3787 ὕδατα
499 3725 597 3808 ίρπετίι
621 3729 713 3808 ψυχῶν
767 3751 873 3810 gressus
886 3745 926 3792 est
949 3732 1097 3810 Dominus,
1114 3754 1167 3792 non
1191 3733 1309 3814 amplius
1329 3732 1437 3814 reptilia
1453 3716 1513 3792 ani-

61 3824 84 3896 ίξ
97 3815 131 3886 οὗ
143 3823 172 3883 δὲ
184 3821 268 3895 ἐπέὅη
282 3824 351 3880 Ιτῶν
365 3820 498 3901 Ἰορδάνου
511 3819 619 3901 ῥείθρων
631 3824 645 3879 θ
659 3824 712 3879 de·
768 3846 874 3884 marum
896 3824 1061 3902 viventium,
1076 3825 1124 3884 sed
1142 3824 1247 3885 animas
1268 3825 1410 3885 rationales
1424 3824 1513 3906 Spiri-

68 3920 121 3980 ὠκ
135 3915 177 3974 ἔτι
195 3913 404 3997 ίρπετὰψνχῶν
423 3916 523 3985 ζωσῶν,
540 3911 608 3971 ἀλλὰ
628 3910 714 3992 ψυχὰς
768 3931 827 3976 tum
839 3930 961 3977 sanetum
973 3919 1085 3977 ferentes
1099 3938 1169 3996 aqua
1183 3917 1320 4000 producit.
1337 3921 1376 3976 tle
1390 3917 1464 3996 quod
1477 3917 1512 3977 de

61 4011 110 4073 καί
123 4006 355 4088 πνευματορόρως
369 4006 400 4065 τὸ
412 4005 483 4086 ὕδωρ
494 4004 645 4065 ἀναδίδωσι.
661 4003 715 4065 Καὶ
767 4011 822 4070 sole
834 4010 938 4070 dietum
956 4023 1005 4089 est,
1031 4013 1195 4093 Tamquam
1212 4032 1334 4091 sponsus
1353 4013 1511 4091 procedens
1522 4018 1588 4063 Psat.
1600 4016 1663 4066 rso.

61 4109 90 4167 α’]
101 4101 181 4174 ἡλίω
196 4100 316 4182 εἴρηται,
335 4098 376 4159 ὅτι
388 4096 435 4165 Ὡς
448 4095 557 4177 νυμφίος
575 4094 715 4176 ἐκπορευό·
767 4103 803 4161 de
817 4103 952 4161 thalamo
964 4123 1016 4162 suo
1024 4127 1035 4172 ,-
1046 4101 1075 4161 id
1089 4101 1124 4161 de
1138 4101 1265 4161 fidelibus
1274 4102 1332 4182 jam
1346 4100 1402 4160 dici
1416 4101 1510 4182 possit,

64 4199 173 4257 παστοῦ
184 4195 276 4262 admi,
287 4197 363 4251 τοῦτο
372 4190 433 4272 περὶ
447 4192 500 4248 τῶν
513 4193 614 4281 πιστῶν
625 4187 715 4268 καιρὸς
768 4194 814 4275 qui
827 4194 1023 4276 splendidiores
1037 4216 1118 4274 quam
1133 4194 1173 4255 sol
1185 4193 1311 4252 emittunt
1335 4193 1435 4253 radios.
1456 4194 1511 4254 Sed

61 4289 137 4349 mm
148 4287 241 4344 εἰπεῖν.
253 4284 350 4362 Πολλῷ
360 4281 411 4364 γὰρ
423 4280 595 4363 φαιδρστίραι
604 4279 715 4366 1’,οἰριθίσι
768 4288 841 4368 quod
855 4287 882 4347 in
896 4287 979 4346 vulva
997 4288 1141 4362 formatur,
1156 4299 1275 4366 tempore
1287 4307 1357 4366 opus
1370 4284 1466 4365 habet,
1482 4286 1510 4346 in

61 4403 108 4447 νας
128 4370 240 4437 ἐκείνου.Ι
255 4372 335 4434 Ἀλλὰ
350 4374 380 4435 τὸ
401 4372 448 4452 μίν
464 4376 490 4433 ἐν
505 4378 539 4453 τῇ
554 4373 641 4455 μήτρᾳ
659 4374 715 4431 δια·
766 4403 837 4460 aqua
856 4401 922 4440 vero
944 4401 996 4439 non
1018 4379 1072 4455 sic,
1087 4378 1135 4438 sed
1153 4399 1206 4439 uno
1226 4378 1355 4459 temporis
1375 4393 1510 4439 momento

61 4494 130 4544 Μὴ
151 4466 247 4549 χρόνω
261 4467 360 4526 δεῖταί·
376 4468 402 4525 ἓν
423 4469 462 4546 τῷ
476 4464 551 4524 ὕδατί
566 4464 593 4524 δὲ
608 4469 657 4546 οὐκ
670 4463 715 4525 Οίί·
768 4476 837 4535 srunt
850 4473 950 4534 omnia.
961 4473 1016 4534 Ubi
1028 4470 1100 4531 enim
1109 4472 1184 4531 ssuxa
1198 4470 1253 4532 vita
1266 4491 1301 4530 ex
1314 4492 1440 4555 corporea
1450 4495 1508 4532 cor·

61 4564 76 4622 t’
88 4566 117 4624 ίν
132 4570 183 4641 μιᾷ
197 4563 265 4639 ῥοπῇ
279 4558 367 4618 πάντα
377 4556 486 4637 γίνεται.
499 4556 584 4616 Ἔνθα
599 4556 646 4636 μίν
662 4557 715 4639 γὰρ
733 4557 750 4604 Β
766 4568 892 4650 ruptione
904 4565 1069 4648 principium
1081 4563 1176 4641 habet,
1193 4585 1281 4624 moras
1295 4564 1378 4624 trahit
1393 4564 1424 4624 id
1437 4565 1511 4644 quod

61 4669 91 4737 ςὴ
105 4661 161 4734 ζωὴ
183 4658 229 4720 καί
245 4658 298 4718 ἀπὸ
314 4662 470 4737 σωματικῆς
487 4663 582 4740 φθορᾶς
597 4657 653 4740 ἔχει
664 4658 711 4731 τὴν
766 4661 872 4745 paritur
893 4657 969 4735 (talis
991 4655 1093 4739 quippe
1105 4670 1145 4716 est
1158 4677 1302 4738 corporum
1315 4671 1410 4716 namra
1425 4669 1511 4716 :tem-

61 4762 171 4845 ιραθίναι
183 4760 215 4820 τὸ
227 4759 380 4839 παιόμενα
399 4758 523 4837 (τοιαύτη
536 4759 587 4841 γὰρ
597 4761 649 4819 τῶν
665 4782 717 4820 σω·
766 4776 831 4838 pore
841 4753 888 4814 illa
900 4749 1090 4834 perlectionem
1102 4747 1257 4828 aeqitirunt)
1268 4773 1274 4806 τ
1285 4747 1437 4831 spiritualia
1447 4771 1511 4808 vero

61 4969 85 5023 tl.
96 4977 244 5040 τιμιωτέραν.
255 4966 331 5019 savit.
341 4971 514 5038 λαμπροτέραν.
816 5003 822 5014 .

63 5047 91 5101 d.
104 5050 150 5099 cll.
161 5060 202 5108 τῆς
219 5060 259 5114 γῆς
277 5053 422 5114 ίζιπίσαμιν.
442 5052 478 5099 καί
494 5049 543 5098 οὕόί
555 5059 595 5104 τῆς
607 5052 704 5098 ἐνταῦθα
785 5045 886 5111 Ι)οίριᾶσι
896 5080 904 5107 ,
914 5040 949 5091 tle
962 5053 1025 5088 unus
1041 5035 1127 5088 Codex
1143 5049 1210 5087 recte
1223 5061 1227 5089 :
1241 5049 1267 5089 et
1278 5040 1313 5090 tic
1326 5035 1461 5105 legendum
1471 5054 1511 5085 su-

61 5137 95 5191 ίξ.
104 5130 156 5179 Pro
163 5135 275 5198 ὶράνηραν
283 5126 327 5176 alii
336 5137 467 5192 prptnprs.
477 5123 554 5177 Savil.
565 5136 593 5174 ιιι
600 5122 703 5188 Moutll
752 5118 897 5188 spicaliatur
908 5116 1023 5171 Servilius.
1037 5114 1105 5167 Editi
1118 5125 1203 5186 αρίητι.

61 5203 181 5258 allorel.
194 5221 238 5258 τῶν
251 5203 368 5274 lopiano,
378 5201 420 5255 alli
434 5214 460 5253 et
470 5201 549 5256 Suvll.
565 5216 607 5256 τῶν
625 5202 704 5268 lapda·
