3750 5940
57 505 74 526 ..
103 478 230 528 mxxv.
255 453 304 527 al.
333 477 472 528 mxxiv.
764 436 843 550 '573

106 602 209 663 divinis
217 603 334 663 oraculis
342 601 480 663 tantillum
488 599 598 681 quidem
608 599 845 678 attendimus3sae-

105 695 243 755 cularibus
264 717 328 756 vern
350 695 431 754 rebus
454 690 505 754 nns'
524 705 653 774 perpetuo
675 691 781 751 damus.
803 692 845 752 Ita

106 807 220 866 namque
232 809 321 847 semen
333 788 491 864 suffocatur,
506 799 533 845 et
545 784 634 844 omnia
644 784 735 846 fructu
744 798 844 845 cerem.

105 883 146 941 Ne
165 902 229 961 ergo
248 880 278 940 id
303 880 418 959 eveniat,
432 878 570 939 tantillum
592 875 778 959 inspiciamus.
800 878 846 938 ln·

105 989 228 1034 tueamur
237 973 342 1051 caelum,
354 987 380 1033 et
392 973 485 1033 oeulos
495 971 560 1031 inde
568 970 707 1032 flectamus
716 969 744 1030 iu
752 972 844 1051 repul·

106 1089 150 1128 era
171 1082 197 1128 et
229 1081 396 1128 mortuorum
419 1067 546 1144 tumulos.
572 1067 628 1125 Nos
652 1063 725 1124 enim
751 1063 845 1125 eadem

104 1183 177 1222 mors
187 1174 333 1242 exspectat,
344 1174 370 1220 et
383 1160 441 1241 ipsa
453 1157 590 1239 migrandi
608 1157 757 1229 nenessitas,
775 1177 846 1239 saepe

104 1267 165 1312 ante
177 1273 325 1335 vesperam,
333 1273 381 1311 nos
393 1249 512 1312 invadet.
526 1253 695 1332 Apparemus
712 1269 777 1330 ergo
797 1269 846 1310 nne

67 1349 87 1396 lt
103 1347 139 1406 ad
163 1348 232 1406 hanc
253 1345 466 1428 prosectionem
492 1343 585 1402 multis
602 1363 719 1421 namque
737 1340 847 1404 viaticis

103 1462 171 1522 opus
186 1440 325 1499 habemus.
339 1438 382 1498 lbi
392 1437 572 1498 enimmultus
587 1435 668 1513 calor,
682 1448 765 1496 aestus
774 1427 849 1494 mul-⁴

104 1548 158 1610 tus,
174 1554 271 1612 magna
295 1529 423 1591 solitudo.
437 1532 498 1590 Non
518 1529 581 1589 lieet
601 1542 666 1588 tunc
684 1527 722 1589 ad
743 1526 846 1610 pando·

104 1626 201 1685 cbeum
214 1624 365 1700 divertere,
381 1643 434 1682 uon
446 1621 474 1682 iu
490 1622 549 1681 loro
562 1641 667 1698 emere3
681 1619 772 1679 omnia
782 1618 848 1679 hinc
969 1696 971 1702 Ι

104 1718 266 1800 asportanda
279 1730 351 1776 sunt.
368 1714 440 1774 Audi
452 1713 520 1794 quid
532 1712 625 1773 dicant
648 1711 786 1792 virginat
801 1714 848 1771 Ite
857 1728 942 1773 unet.
956 1727 997 1775 ιδ.

104 1812 146 1870 ad
163 1811 323 1869 vendentes
334 1835 346 1879 ,·
367 1821 395 1866 at
415 1806 469 1865 illae
490 1818 581 1865 euntes
605 1825 659 1865 non
677 1804 845 1866 invenerunt
854 1803 879 1851 9·

106 1903 178 1963 Audi
191 1901 256 1982 quid
275 1900 349 1960 dicat
366 1899 504 1958 Abraham
516 1922 522 1955 :
534 1900 632 1959 Chaos
649 1911 692 1958 est
706 1902 783 1958 inter
794 1908 997 1959 normarum.

105 2009 207 2054 eteros.
225 1993 297 2054 Audi
309 1993 376 2073 quid
396 1992 521 2053 Ezechiel
539 1990 573 2050 de
587 1990 635 2050 illa
648 1989 693 2050 die
709 1991 846 2072 proferat:

105 2091 179 2160 Noe,
192 2089 261 2160 lob,
272 2100 300 2146 et
310 2085 424 2146 Daniel
426 2085 514 2167 filios
524 2105 592 2144 suos
600 2104 660 2142 non
670 2084 845 2144 liberabunt.
858 2093 941 2139 tuctu.
961 2093 999 2150 rt.

107 2183 212 2242 Verum
232 2179 303 2239 absit
326 2191 355 2237 ut
375 2198 424 2237 uos
450 2176 514 2237 talia
530 2175 674 2236 audiamus
687 2176 779 2252 verba,
801 2159 896 2238 sed¹l'

105 2274 218 2355 acceptis
244 2273 309 2331 hine
327 2293 387 2353 quae
409 2270 445 2331 ad
457 2285 583 2331 aternam
605 2270 692 2331 vitam
712 2269 850 2331 sufficiant

105 2365 223 2441 viaticis,
237 2364 341 2424 utinam
354 2363 496 2424 videamus
506 2362 655 2423 Dominum
668 2375 790 2422 nostrum
800 2365 850 2424 le-

106 2479 167 2516 sum
188 2457 339 2533 Christum,
352 2455 462 2534 quicum
490 2455 583 2532 Patri,
606 2475 712 2534 unaque
733 2453 850 2536 Spiritui

69 2552 88 2601 G
104 2562 207 2624 sancto,
223 2549 319 2629 gloria,
338 2548 492 2630 imperium,
512 2547 598 2608 honor
610 2568 683 2608 nunc
696 2562 723 2608 et
745 2568 850 2629 semper

105 2656 131 2702 et
141 2641 169 2702 in
179 2642 275 2701 saeula
288 2640 455 2702 seculorum.
470 2642 564 2700 lmen.

315 3307 474 3370 HOMILIA
495 3311 641 3375 LXXXV.

106 3495 174 3553 Car.
185 3493 263 3554 XlX.
276 3517 305 3557 v.
323 3498 371 3557 16.
389 3498 470 3558 Tune
490 3520 558 3581 ergo
575 3502 698 3560 tradidit
710 3505 752 3562 eis
764 3503 850 3563 illum

145 3589 283 3660 Pilatus,
297 3603 329 3649 ut
344 3591 570 3672 crucifigeretur.
592 3594 781 3674 Susceperunt
796 3618 849 3657 au·

69 3701 88 3748 1)
147 3692 204 3736 tem
219 3681 320 3738 Iesum
326 3726 336 3752 ‚
350 3695 378 3741 et
387 3685 549 3743 eduxerunt
565 3685 659 3744 illum.
681 3688 730 3745 17.
745 3689 786 3746 Et
798 3692 849 3748 ba·

140 3771 245 3850 julans
265 3776 321 3831 sibi
339 3795 468 3847 crucem,
484 3780 575 3836 exivit
588 3782 621 3835 in
633 3798 698 3838 eum
713 3784 765 3859 qui
777 3783 849 3840 dici-

145 3873 193 3921 tur
211 3866 358 3923 Calvarioe
383 3867 478 3937 locus,
506 3870 651 3929 Hebraico
679 3870 846 3952 Golgotlta,

145 3955 193 4014 18.
207 3958 257 4015 ubi
271 3958 356 4016 illum
367 3957 583 4040 crucifixerunt.

145 4145 173 4197 t.
188 4141 240 4199 Res
252 4161 385 4223 prosperae
400 4143 479 4202 t'acile
493 4158 606 4225 possunt
618 4146 733 4228 dejicere
745 4170 780 4210 ac
788 4172 848 4231 pro·

104 4246 220 4290 stemrre
233 4254 277 4290 eos
291 4234 338 4311 qui
352 4255 406 4292 non
420 4234 571 4296 attendunt.
586 4239 626 4297 lta
640 4238 729 4300 Judaei
743 4263 761 4300 a
772 4242 846 4322 priu-

104 4325 176 4404 cipio
188 4325 238 4383 Dei
249 4326 334 4404 gratia
351 4326 483 4400 fruentes,
497 4348 600 4388 morem
611 4332 686 4411 regni
704 4333 847 4413 gentilium

104 4430 194 4498 postea
205 4418 372 4495 querebant,
385 4430 412 4475 et
422 4417 450 4476 in
461 4417 565 4479 deserto
576 4434 637 4501 post
652 4444 748 4483 manna
762 4445 847 4506 caepa-

104 4531 165 4568 rum
177 4507 393 4568 recordabantur.
408 4509 512 4569 Eodem
525 4512 606 4572 modo
617 4513 679 4591 hie,
693 4515 795 4577 Christi
804 4539 847 4578 re·

106 4615 195 4661 cusato
218 4624 316 4682 reguo,
333 4623 445 4683 regnum
459 4604 571 4665 Caesaris
584 4606 637 4666 sibi
654 4609 846 4672 acclamarunt.

71 4719 88 4766 r„
107 4696 170 4755 ldro
185 4696 332 4755 secundum
347 4697 456 4755 illerum
478 4699 635 4759 sententiam
655 4704 793 4764 constituit
809 4705 847 4764 eis

107 4810 205 4869 regem.
226 4791 297 4849 Cum
310 4811 374 4869 ergo
394 4790 445 4849 hoc
466 4791 569 4851 Pilatus
587 4793 720 4872 audisset,
734 4796 848 4858 tradidit

106 4903 169 4941 rum
194 4893 224 4938 ut
250 4880 452 4959 crucifigeretur
467 4905 474 4938 ι
491 4880 639 4944 admodum
659 4887 766 4967 injuste.
780 4889 848 4949 Erat

106 4972 177 5031 euim
193 4969 411 5050 interrogandum
429 4991 463 5030 au
482 4994 596 5053 regnum
616 4977 763 5038 affectasset
780 4979 849 5040 :sed

107 5065 202 5124 timore
221 5075 326 5122 tautum
341 5076 447 5142 motus,
465 5067 623 5127 sententiam
638 5067 717 5148 tulit,
731 5070 805 5149 quod
817 5092 850 5132 ne
