3750 5940
358 442 391 490 m
419 441 606 492 srcuuouu
632 443 753 491 oouuu
781 440 985 493 aoveuruu.
1350 468 1353 473 >
1378 421 1444 495 θοι
1548 462 1553 487 ι

69 566 229 647 ἐμπέσωσιν,
244 566 312 627 ἀλλὰ
328 566 374 626 καὶ
400 565 522 645 βασιλεία
554 566 647 626 ἔπιτύ-
703 579 968 648 exspectent,atqne
989 567 1089 625 interea
1106 578 1179 625 tanto
1190 565 1326 647 judicium
1344 567 1450 649 legum-

61 647 242 729 ονηρευόμενοι
249 645 391 720 στήσονται
400 649 500 719 ςΤοῦτο
506 648 648 726 ουνφιλαν-
666 659 684 705 Β
702 667 755 725 que
768 645 865 705 timore
877 644 1079 727 peroellantur,
1095 665 1143 705 nec
1158 658 1247 706 umen
1267 647 1303 706 ab
1316 647 1449 729 improbi-

61 727 150 805 ίμοι,
165 727 196 787 rb
208 725 255 800 τὴν
267 725 395 808 πονηρίαν
410 725 547 785 ἐπιτείνειν
553 750 562 799 3
575 725 648 800 rba-'p‘
701 738 755 785 tate
767 723 924 786 discedant:
943 746 1005 784 cum
1023 723 1090 784 illuc
1103 725 1225 806 proiecti,
1243 740 1346 797 metum
1363 727 1446 788 etiam

61 807 168 881 σθένεις
177 805 208 865 eb
218 809 271 865 τῶν
280 809 365 866 αὐτῶν
376 805 461 875 ἀξιοῦν
472 805 517 865 τδν
526 803 648 888 σώφρονα
702 804 785 864 istum
797 804 964 886 abjecerint,
979 817 1006 864 et
1018 825 1072 863 nou
1086 805 1176 865 solum
1189 804 1217 864 iu
1231 805 1380 898 gebennam
1395 827 1448 867 uon

61 909 156 959 ιαστον,
180 886 224 946 τδν
246 885 338 945 arcebo
362 885 407 944 καλ
420 885 464 944 τδν
485 883 569 955 seii
578 929 587 958 ,
600 884 645 944 τὸν
702 883 862 956 inciderint,
879 883 928 944 sed
945 883 1027 944 etiam
1040 905 1155 965 regnum
1174 884 1274 944 suenni
1293 886 1448 965 assequuti,

61 995 65 1026 ι
83 965 127 1025 τὸν
143 964 334 1046 ἀπόνθρωπονς
353 963 409 1025 bEl
427 964 542 1044 μὲνγὰρ
565 965 647 1042 μηδὲν
703 985 756 1042 qua
769 962 989 1024 taudemratione
999 965 1169 1044 poteruntab
1187 964 1361 1046 improbitate
1373 986 1449 1028 reve

61 1044 214 1125 θμηδὲὰμα
231 1043 459 1121 τανόντωνὴμῶν,
472 1043 542 1122 μήτε
553 1066 647 1125 κατορ·
702 1041 783 1103 cari?
795 1046 838 1102 An
851 1043 904 1105 boc
916 1043 1002 1124 igitur
1013 1042 1189 1135 benignitatis
1202 1058 1252 1123 est,
1272 1044 1330 1123 dic,
1345 1066 1446 1124 quaeso,

61 1149 79 1192 ις
96 1126 152 1206 ἔχει
167 1069 230 1184 τινί
238 1122 270 1185 λ’
302 1148 315 1182 ν
329 1123 360 1182 τὸ
371 1123 457 1202 λέγειν
470 1123 508 1202 μὴ
520 1113 586 1183 εἶναι
600 1123 648 1185 κό-
703 1121 834 1183 malitiam
854 1144 962 1204 augere,
977 1144 1008 1182 ae
1027 1123 1102 1183 vitiis
1114 1123 1259 1204 praemium
1274 1125 1448 1206 proponere?

61 1204 185 1277 τοσαύτην
199 1227 266 1264 σπου
283 1202 315 1276 ὴν
328 1212 444 1263 ποιεῖται
454 1208 469 1263 θ
480 1202 564 1276 Θεὸς,
578 1201 647 1263 ὥστε
702 1199 799 1261 iisdem
815 1201 937 1263 rebusdi
959 1223 1023 1262 num
1038 1222 1144 1263 censere
1160 1217 1353 1284 temperantem
1370 1217 1397 1264 et
1413 1205 1448 1264 ti-

61 1285 117 1345 ἑνειν
130 1289 218 1362 ἡμᾶς,
232 1284 278 1344 καλ
290 1289 407 1343 τοσαῦτα
418 1305 438 1340 π
455 1281 647 1363 αγματεόιται,
703 1279 867 1357 bidinosum,
888 1282 928 1342 tid
953 1304 997 1343 em
1016 1296 1043 1341 et
1061 1282 1187 1365 impium,
1200 1282 1402 1344 misericordem
1422 1298 1449 1345 et

61 1371 100 1424 οῦν
120 1367 193 1440 ἡμᾶς
206 1363 254 1432 ede
268 1361 389 1435 ἐντολὰς,
411 1307 518 1435 εὔδηλον
539 1360 580 1421 ὅτι
602 1362 648 1422 καὶ
702 1357 900 1421 inhumanum?
910 1363 980 1422 Nam
991 1361 1014 1421 si
1025 1361 1134 1441 quidem
1144 1361 1213 1422 nibil
1224 1365 1281 1423 Deo
1292 1385 1362 1423 curae
1375 1379 1447 1444 sunt,

62 1469 74 1512 ς
95 1444 216 1516 κολάζει,
241 1441 287 1502 καλ
307 1446 498 1523 κατορθοῦντας
515 1452 648 1523 στεφανοῖ.
703 1441 845 1521 nequequi
858 1454 1076 1532 peccant,neque
1125 1442 1222 1503 ireete
1231 1456 1326 1522 agunt,
1337 1465 1448 1504 eonsen-

61 1523 137 1582 κόπει
149 1525 202 1580 τῶν
222 1524 326 1582 πολλῶν
341 1522 390 1593 τὴν
405 1521 569 1601 ἀνωμαλίαν.
583 1521 649 1582 Ἐν·
703 1531 812 1581 taneum
821 1521 933 1581 fortasse
945 1521 1041 1581 rationu
1055 1521 1082 1582 vi
1103 1536 1164 1581 etur
1176 1521 1267 1582 dicere
1282 1523 1448 1603 supplicium

61 1603 92 1702 lp
106 1603 248 1682 ἐγκαλοῦσι
266 1604 304 1681 τῷ
327 1603 406 1680 Θεῷ,
424 1600 466 1660 θτι
484 1606 649 1680 μακροθυμεῖ
704 1619 859 1660 nonesse:
881 1600 1034 1661 sinautem
1058 1614 1164 1660 mutum
1191 1600 1303 1662 adhibet
1326 1602 1447 1666 studium

63 1706 89 1741 αι
103 1692 215 1762 περιορᾷ
233 1679 346 1747 πολλοὺς
369 1678 491 1761 μιαροὺς,
514 1683 648 1761 ἀσιλγεῑς,
704 1679 795 1750 Deus,
809 1692 839 1738 ut
852 1700 901 1740 nos
914 1679 1026 1740 minime
1032 1701 1182 1760 peccemus,
1196 1703 1228 1740 ae
1241 1695 1345 1741 tautum
1356 1683 1448 1744 elabo-

66 1760 104 1841 μὴ
118 1761 235 1827 διδόντας
249 1759 339 1831 δίκην·
354 1761 409 1820 ἐκεῖ
422 1759 503 1820 πόλιν
514 1760 559 1819 tto
574 1761 649 1820 darei·
702 1772 756 1837 rat,
771 1772 801 1819 ut
812 1779 860 1819 nos
876 1759 1002 1820 mandata
1013 1780 1166 1835 servemur,
1180 1760 1233 1821 boe
1241 1782 1349 1840 quoque
1361 1764 1447 1822 mani-

61 1865 81 1900 ιν
98 1839 207 1914 αὐτοὺς,
229 1839 336 1921 σφοδροὶ
350 1839 395 1899 καὶ
410 1843 499 1919 βαρεῖς
519 1841 585 1899 εἰσιν
608 1842 648 1898 αἰ·
703 1837 802 1898 sectum
815 1851 863 1915 est,
874 1859 938 1899 eum
949 1852 975 1898 et
986 1854 1124 1920 peccantes
1132 1839 1240 1921 punire,
1253 1853 1280 1899 et
1288 1855 1360 1901 recte
1368 1863 1450 1934 agen·

62 1919 143 2021 ίτογγε
154 1921 178 1980 εἰ
189 1924 265 2022 τοῦτο
275 1922 366 2016 λυπεῖ,
377 1921 461 2020 ἐκεῖνο
472 1917 648 1999 ἀποδίχεσθαι
703 1929 742 2008 tes
751 1938 886 2010 coronare.
898 1920 943 1980 Tu
959 1939 1024 2009 vero
1035 1918 1224 2010 plerorumque
1242 1918 1448 1982 inconstantiam
1544 1968 1548 1973 -

60 1997 649 2179 stationarii
668 2007 687 2055 ⁰
704 1996 778 2154 aa
794 1997 1448 2159 castaliaraataantu

61 2158 89 2217 αὶ
97 2157 163 2239 πρὸς
176 2157 271 2218 κακίαν
284 2161 413 2236 ῥιπουσης
426 2159 522 2237 ψυχῆς.
535 2156 589 2217 Καὶ
597 2156 650 2257 γὰρ
703 2155 847 2247 scelestos,
865 2170 1016 2262 proteram,
1038 2178 1135 2219 avaros
1148 2157 1196 2248 qui
1210 2179 1269 2250 ιιοιιΙ
1276 2159 1428 2240 puniuntur
1439 2185 1446 2219 ε

68 2235 649 2397 tlttlttlflttt'titm
703 2235 1448 2398 llfflssltbtltltsptllti&stiffi

61 2397 183 2469 κθέσθαι,
206 2394 310 2476 ταχίως
330 2395 376 2455 καὶ
397 2418 431 2454 πε
448 2396 459 2454 λ
478 2401 525 2470 τῆς
543 2395 649 2478 γεέννης
703 2395 755 2455 boe
766 2395 910 2455 molestum
921 2409 978 2471 est,
990 2394 1061 2455 illud
1070 2410 1141 2455 certe
1153 2395 1323 2476 probandum
1337 2411 1395 2458 erat
1407 2412 1448 2458 at·

61 2476 135 2549 ,καὶ
152 2478 231 2536 etat
273 2474 401 2536 ιόαλοῢσι.
415 2419 470 2535 ldul
487 2482 553 2549 ποθ,
587 2477 649 2550 ηοὶ,
703 2495 757 2554 que
769 2473 946 2535 laudandum.
956 2474 1194 2549 leostuttitiam!
1207 2475 1353 2558 oineptam
1362 2492 1389 2538 et
1398 2477 1448 2538 im-

60 2555 151 2639 χωρίῳ
165 2499 355 2629 «impietus
370 2551 478 2635 γέεννας
491 2555 528 2615 Τί
541 2581 593 2638 γαρ
607 2580 648 2616 σοι
703 2553 848 2636 pudentem
865 2553 996 2616 menteml
1007 2576 1024 2615 ο
1035 2555 1154 2615 animam
1168 2556 1285 2646 peccatis
1298 2556 1446 2636 addictam,

61 2637 147 2716 μέλει,
162 2635 202 2695 Tb
220 2634 273 2714 γὰρ
293 2632 451 2712 ζητούμενα
474 2634 531 2696 ίοτι
552 2635 647 2708 δεῖξαι,
703 2634 890 2726 voluptatibus
904 2633 1094 2710 obnoxiam,et
1108 2633 1144 2694 ad
1156 2634 1223 2696 vitia
1235 2635 1399 2717 proclivem!
1411 2659 1448 2698 ex

61 2741 99 2778 του
118 2715 145 2775 δὲ
158 2715 348 2791 εταμιεύεται,
361 2714 407 2772 καὶ
422 2713 529 2796 ἐνποίμ
539 2715 648 2797 χωρίῳ,
702 2711 787 2774 nimio
801 2714 903 2796 quippe
912 2713 1084 2795 voluptatum
1096 2735 1188 2774 amore
1206 2728 1301 2773 cuncta
1324 2715 1381 2776 bec
1397 2716 1445 2776 do·

61 2795 99 2865 νίς
111 2793 208 2896 pio-{b
245 2793 444 2873 μυθολογοῦντές
461 2817 550 2874 φασιν,
569 2795 610 2856 ότι
621 2799 649 2855 ἐν
703 2807 794 2874 gmata
805 2793 951 2854 oriuntur:
966 2793 1004 2852 ita
1025 2807 1075 2867 ut,
1096 2793 1174 2854 siilli
1193 2792 1241 2872 qni
1254 2794 1320 2854 talia
1332 2794 1447 2873 dicum,

61 2882 92 2938 οῦ
120 2818 244 2955 locuple
265 2872 336 2934 ἔστιν
349 2877 367 2945 ἡ
379 2872 484 2952 γίεννα,
496 2871 510 2932 δ
523 2874 584 2955 περὶ
596 2899 646 2935 πο-
702 2873 831 2934 virtutem
840 2871 966 2954 amplecti
976 2871 1086 2950 vellent,
1097 2872 1151 2932 cito
1160 2871 1196 2932 de
1203 2872 1323 2953 gebenna
1333 2897 1446 2956 persua

61 2955 163 3040 ιίρηται
176 2953 357 3032 παρελθόντος.
372 2951 426 3012 Καὶ
437 2950 489 3058 γὰρ
505 2957 532 3014 is
542 2960 576 3030 τῇ
590 2978 646 3015 κοι-
703 2951 845 3031 durentur,
864 2973 950 3032 neque
965 2951 1128 3012 dubitarent.
1140 2952 1261 3012 Ubinam
1278 2968 1389 3034 autem,
1403 2955 1448 3015 in-

61 3060 84 3095 ιτ
97 3034 183 3116 κρίσει
197 3031 286 3113 δικαίᾳ
298 3036 423 3112 τιμωρῶν
442 3055 500 3101 τους
519 3033 649 3103 ἐναντίους
704 3032 817 3111 quiunt,
830 3046 857 3092 et
868 3052 922 3111 qno
935 3031 1043 3092 tandem
1055 3031 1084 3092 in
1097 3032 1157 3092 loeo
1170 3032 1289 3112 gebenna
1300 3033 1359 3094 baee
1369 3034 1421 3094 erit
1433 3036 1448 3095 ἱ)

61 3139 118 3191 σιν,
131 3105 167 3174 ὧν
184 3112 228 3172 iel
248 3116 364 3183 ἑπταετῆ
382 3110 475 3192 χρόνον
489 3111 599 3193 ἤρκεσεν
613 3117 650 3182 εἰς
704 3112 778 3186 Quid
797 3126 828 3172 tu
848 3112 901 3172 bae
920 3111 955 3172 de
974 3133 1004 3171 re
1018 3111 1150 3171 sollicitus
1172 3111 1222 3171 es?
1236 3111 1295 3172 Hoc
1314 3128 1354 3175 est
1373 3115 1449 3193 quod

61 3198 98 3255 λα
109 3203 162 3260 τοῖς
175 3191 223 3266 τὴν
237 3189 412 3274 Ἰερουσαλὴμ
425 3199 584 3254 κατοικοῦσι.
595 3193 649 3254 Καὶ
667 3208 686 3254 n
704 3191 853 3272 quaeritur,
866 3204 896 3251 ut
909 3212 970 3252 eam
982 3212 1039 3251 esse
1050 3190 1263 3268 demonstretur;
1275 3191 1386 3254 ubinam
1400 3216 1448 3255 au·

61 3273 135 3345 ςτ-λν
154 3271 260 3352 γέενναν
282 3270 450 3342 moroso-ti
468 3272 496 3331 δὲ
511 3273 605 3374 Γραρὴ
619 3277 648 3334 οὐ
703 3285 758 3332 tem
771 3285 933 3348 reservetur,
947 3285 973 3331 et
988 3271 1016 3330 in
1032 3292 1086 3350 quo
1096 3270 1165 3349 loeo,
1178 3270 1234 3330 noli
1245 3273 1445 3351 quarereQui-
1484 3285 1602 3331 terrerum

65 3353 118 3413 Καλ
139 3357 165 3412 ἐν
186 3351 253 3431 τοίῳ
267 3348 355 3432 τόπῳ,
370 3351 460 3430 φησὶν,
475 3351 563 3426 ἔσται,
587 3351 649 3422 Ebu
702 3350 767 3412 dam
788 3352 860 3412 enim
879 3350 986 3411 fabulas
1003 3364 1161 3426 narrantes,
1183 3349 1298 3426 dicunt,
1323 3351 1352 3412 in
1375 3354 1600 3419 valle.‘¹¹“¹¹¹¹²¹'¹

61 3457 77 3494 υ
90 3424 180 3509 οἶμαι,
192 3438 238 3492 τοῦ
255 3430 355 3509 κόσμου
367 3430 464 3497 παντὸς
475 3431 576 3493 τούτου.
589 3435 647 3493 lta-
703 3432 834 3513 Josapbat
853 3430 1003 3511 gebennam
1016 3451 1092 3508 esse,
1104 3427 1179 3522 quod
1191 3429 1227 3490 de
1239 3430 1312 3492 bello
1331 3424 1482 3515 quodamssff
1493 3410 1549 3517 {⁸:2⁰
1559 3412 1601 3456 ‘¹⁰‘

61 3516 104 3572 ,τῗιν
121 3510 251 3591 βασιλέων
265 3509 299 3568 ab
313 3509 436 3588 δεσμιπή
456 3535 483 3570 ια
494 3511 539 3570 καὶ
549 3511 582 3571 τὰ
596 3511 647 3590 μί-
703 3509 808 3572 dietum
816 3524 856 3571 est
863 3511 922 3592 jam
931 3510 1037 3603 elapso:
1048 3508 1184 3588 siquidem
1195 3510 1223 3569 in
1234 3511 1307 3572 valle
1317 3514 1449 3596 iosaphat
1459 3489 1519 3581 aiei.
1537 3535 1561 3582 3.
1575 3547 1599 3578 ε,

72 3593 218 3664 διέστηκεν,
229 3587 297 3648 οὕτω
308 3590 411 3664 καὶτῆς
423 3535 649 3669 οδιουμένηςταό·
700 3591 775 3672 justo
792 3589 897 3673 judicio
914 3610 1028 3672 pumns
1038 3589 1206 3650 adversarios
1220 3590 1342 3652 funditus
1357 3594 1449 3674 perdi·
1458 3597 1542 3643 ruet.
1558 3597 1600 3656 ³9·

65 3675 165 3742 ἐστινὴ
180 3670 281 3751 γείννα.
296 3668 343 3742 Μὴ
358 3674 477 3748 ζητῶμεν
494 3671 581 3730 τοίνυν
594 3677 645 3730 ποῦ
703 3669 889 3751 dit‚quorum
902 3669 940 3729 ad
958 3685 1060 3753 septem
1079 3691 1212 3730 annorum
1232 3671 1352 3751 spatium
1373 3695 1450 3734 arma
1458 3676 1482 3718 9·

61 3754 103 3818 τῶς
115 3751 146 3809 ἂν
157 3748 238 3822 αὐτὴν
249 3747 383 3829 φύγωμεν,
397 3749 464 3828 μηδὲ
477 3750 568 3825 ἐπειδὴ
581 3751 648 3810 πόν-
703 3751 866 3821 snfseeertutt
878 3749 1064 3811 babitantibus
1077 3749 1226 3811 Jerusalem
1237 3749 1272 3809 ad
1283 3750 1375 3830 ignem
1391 3773 1450 3814 suc·

64 3831 93 3890 οὔ
105 3829 211 3897 κολάζει
224 3832 239 3887 θ
252 3829 336 3902 Θεὸς,
346 3829 390 3888 διὰ
403 3836 480 3890 τοῦτο
494 3833 648 3909 ἀπιστῶμεν
704 3830 883 3890 rendendum.
893 3829 930 3890 Et
939 3850 1011 3889 nunc
1023 3827 1059 3888 ad
1069 3828 1218 3909 gebennam
1230 3826 1282 3887 boc
1291 3830 1451 3891 trabuutzat

60 3933 84 3969 ι·
98 3907 282 3989 φιλάνθρωπος
297 3907 332 3987 γά
366 3911 437 3984 ἐστι,
451 3910 496 3969 καὶ
516 3916 648 3992 μακροθυ-
703 3910 755 3970 hoo
771 3931 824 3970 nou
846 3908 914 3968 dicit
926 3909 1076 3999 Scriptura.
1091 3908 1217 3979 Quonam
1236 3920 1327 3967 autem
1341 3909 1369 3968 iu
1391 3909 1451 3972 loeo

61 4037 63 4047 ,
83 3994 162 4049 τοῦτο
183 3986 249 4054 τέως
271 3933 464 4090 midam
484 3991 532 4048 οθκ
554 3988 647 4094 aptior<
703 3990 775 4050 erit?
797 3989 934 4068 inquiunt.
951 3987 1256 4078 blicnbiextra'totum
1275 3986 1351 4046 bunc
1370 4011 1449 4049 mun-

61 4066 648 4228 ‚tltlltotltbgllltfft{tetta
702 4066 1450 4227 llll‘rlg‘imlilildlllbibilbili}

61 4228 171 4306 πωλοῦ,
185 4226 306 4305 περιττὸν
320 4227 351 4287 τὸ
366 4227 511 4309 εἰρημένον.
668 4233 686 4280 Β
703 4229 744 4289 sie
757 4227 859 4289 alieubi
868 4240 944 4286 extra
959 4226 1033 4285 bunc
1044 4224 1138 4285 orbem
1153 4237 1286 4283 terrarum
1298 4238 1337 4284 est
1350 4226 1449 4305 gebon-

703 4330 749 4369 na.
762 4311 803 4370 Ne
816 4327 967 4386 queramus
979 4325 1043 4443 {Epo
1062 4303 1172 4362 ubinam
1187 4303 1239 4380 sit,
1251 4302 1298 4363 sed
1315 4325 1370 4396 quo
1389 4320 1462 4381 tan-¹

702 4388 765 4449 dem
783 4402 861 4469 pacto
880 4385 957 4444 illam
1019 4384 1143 4463 ugiamus
1158 4407 1165 4440 ι
1181 4403 1230 4442 nee
1249 4388 1376 4462 quoniam
1396 4406 1450 4446 non

703 4489 795 4527 omnes
821 4467 868 4525 hic
908 4464 966 4524 unit
985 4466 1080 4539 Deus,
1102 4461 1204 4521 idcirco
1228 4462 1320 4522 sutura
1343 4464 1451 4526 credere

702 4568 873 4607 recusemus:
885 4486 1019 4622 benignus
1026 4542 1099 4602 enim
1109 4555 1157 4618 est,
1164 4555 1191 4601 et
1198 4541 1330 4624 patienter
1339 4544 1448 4620 tolerat;

702 4641 783 4705 atque
793 4624 894 4685 idcireo
904 4623 1013 4683 interim
1026 4621 1215 4698 comminatur,
1224 4641 1311 4700 neque
1322 4623 1450 4705 derepen-

704 4720 729 4765 te
743 4706 872 4786 castigat:
888 4706 957 4764 Non
968 4701 1040 4761 enim
1053 4702 1125 4761 volo
1141 4713 1263 4761 mortem
1274 4709 1447 4781 peccatoris,
1460 4708 1540 4750 aaut.
1565 4707 1599 4753 ¹⁸·

704 4786 810 4864 inquit,
825 4789 899 4844 sieut
916 4804 980 4843 eum
997 4784 1128 4842 converti
1148 4801 1185 4840 ae
1199 4784 1309 4841 vivere.
1327 4783 1410 4855 Quod
1425 4784 1447 4842 si
1459 4768 1496 4875 ζῗ·
1511 4780 1531 4814 ⁰¹
1543 4771 1584 4817 ³³·

702 4886 775 4925 mors
793 4884 845 4924 non
859 4863 895 4923 sit
904 4861 1058 4944 peccatoris,
1071 4881 1298 4941 supervacaneum
1315 4876 1355 4922 est
1374 4863 1448 4942 quod
1491 4863 1496 4876 '

703 4945 869 5004 dictumest.

61 5146 106 5197 puae
116 5139 252 5196 sequuntur
265 5146 341 5198 usque
355 5126 464 5181 induem
476 5124 601 5179 habentur
614 5129 639 5179 in
723 5124 915 5190 ῧίτετσιμὶιντοιι
927 5139 951 5177 ν.
968 5120 984 5172 l.
998 5139 1038 5188 ap.
1057 5119 1133 5173 Savil.
1149 5117 1220 5170 Idem
1240 5121 1314 5183 paulo
1328 5127 1387 5167 ante
1405 5126 1449 5188 γάρ

68 5208 148 5275 Epist.
159 5206 192 5258 ad
204 5208 346 5273 Romanos,
360 5205 426 5260 uude
438 5219 555 5274 excerpta
567 5207 640 5258 tuisse
692 5205 810 5268 omittit]
