3750 5940
244 424 263 467 2
573 421 604 470 8.
630 422 768 495 JOANMS
793 421 976 470 cuntsosr.
1005 423 1160 474 tuentur.
1187 427 1455 480 consummor.
1504 440 1508 447 '

240 544 341 605 mrlrter
350 543 485 605 theatrum
495 544 618 626 implent,
633 566 775 625 missisque
787 544 913 606 ommhus
925 565 985 624 quae
1041 548 1228 628 ίπιδημησειε,
1242 552 1344 613 πάλιν
1354 554 1451 633 δμοίως
1472 559 1496 616 οἱ
1517 557 1591 618 αὐτοί
1606 558 1638 631 δὴ
1655 549 1725 621 οῦτοι
1738 561 1814 633 πλη-

240 658 296 718 prae
305 637 547 715 menibushabent,
557 638 606 698 etsi
624 635 986 720 easaepeneoessnriasintet
1042 647 1114 722 ροῦσι
1134 666 1166 702 το
1152 641 1299 728 θ,ίατρσν
1318 645 1416 704 καί
1377 670 1466 707 παντα
1481 649 1588 730 ἀφέντες
1606 650 1640 710 τά
1663 653 1689 711 ἐν
1710 651 1813 734 χερσίν,

240 732 372 812 urgentia,
395 752 537 792 conscenso
562 733 666 792 theatro
690 732 794 815 todeni,
815 732 985 813 stthlioseque
1040 735 1172 814 ἀναγκαια
1184 735 1310 804 πολλάκις
1321 734 1385 798 ὄντα
1394 739 1440 799 καί
1451 740 1653 822 κατεπείγοντα
1669 743 1816 812 ἀναὸάντες

240 837 348 883 cantum
374 837 401 882 et
428 824 666 884 instrumentorum
690 800 788 887 sonuit
801 814 983 906 empientes,
1038 825 1183 899 κάθηνται,
1198 822 1267 940 μετδ
1279 828 1429 901 πολλῆς
1395 854 1443 903 της
1461 831 1601 906 σπουδῆς’
1608 838 1660 893 τῶν
1678 837 1752 914 ᾠδῶν
1766 835 1814 895 καί

170 968 172 972 ,
239 914 273 974 de
288 929 465 995 utrorumque
487 930 615 976 concentu
636 916 786 997 disputant.
808 916 849 975 Ita
872 916 983 996 quidem
1039 921 1090 976 τῶν
1105 918 1259 1000 κρουμάτων
1274 919 1424 997 ἀκούοντες,
1438 947 1473 982 κα
1473 923 1545 997 ίτὴν
1559 925 1662 1007 ἀμφοτέ
1663 951 1714 1008 ρον
1727 930 1813 1005 βασα-

240 1007 329 1066 multi.
356 1008 410 1081 Qui
431 1023 522 1068 autem
540 1009 569 1067 in
584 1008 726 1069 rhetoricis
744 1007 831 1106 periti
838 1021 916 1087 sunt,
939 1008 983 1068 id·
1037 1008 1148 1080 νίζοντες
1161 1012 1323 1092 συμφωνίαν.
1340 1013 1394 1074 Καὶ
1411 1021 1495 1076 ταῦτα
1509 1017 1557 1096 μέν
1572 1022 1595 1078 οἱ
1609 1017 1710 1078 πολλοί.
1727 1020 1763 1078 Οἱ
1783 1017 1813 1078 δὲ

239 1099 329 1180 ipsum
349 1121 412 1182 erge
427 1099 561 1184 sophistas
583 1113 719 1184 prestant,
733 1103 804 1162 Nem
818 1086 924 1184 apud
916 1116 981 1165 rstos
1039 1107 1182 1186 ῥητορικῶν
1196 1102 1317 1187 ίμπειροι
1335 1106 1430 1187 λόγων,
1446 1107 1491 1166 καί
1505 1110 1578 1170 αὐτοί
1600 1110 1680 1171 πάλιν
1700 1111 1794 1171 ἐπί”
1756 1136 1811 1172 των

239 1215 344 1274 quoque
357 1194 459 1256 theatra
471 1210 532 1255 sunt
552 1210 578 1254 et
592 1195 736 1271 auditores,
750 1194 870 1275 plausus,
886 1197 1015 1292 strepi·
1038 1200 1167 1311 σοφιστῶν
1190 1197 1220 1257 vt
1240 1199 1304 1259 αὐτὸ
1324 1204 1400 1259 τοῦτο
1413 1199 1581 1281 πράττουσιν.
1594 1198 1673 1263 Ἔστι
1691 1202 1744 1286 γάρ
1764 1203 1811 1263 καί
1861 1276 1864 1282 Ι

239 1300 283 1346 tus
290 1302 330 1364 et
340 1287 474 1348 dictorum
483 1310 595 1348 examen
609 1289 783 1366 exquisitum.
794 1288 906 1362 Quod
886 1312 908 1349 s1
919 1290 980 1349 rhe-
999 1310 1019 1355 Α
1036 1287 1135 1358 τοάτοις
1149 1287 1262 1372 θέατρα,
1277 1290 1322 1351 καὶ
1336 1292 1479 1373 ἀκροαταί,
1495 1292 1560 1353 ’καί
1578 1318 1595 1354 κ
1597 1293 1682 1374 ράτοι,
1697 1294 1743 1354 καί
1760 1293 1812 1376 ψό-

239 1394 337 1456 torum,
352 1382 495 1442 tibicinum
514 1381 729 1461 athletarumque
743 1402 790 1443 seu
812 1395 981 1464 spectatores,
1036 1405 1096 1463 φος,
1111 1382 1157 1443 καί
1170 1383 1333 1462 βάσανος”
1296 1406 1350 1443 των
1362 1385 1510 1465 λεγομένων
1521 1386 1631 1467 ἑσχατη
1643 1388 1677 1447 El
1692 1385 1811 1468 δὲρητο-

239 1497 285 1535 seu
301 1476 437 1538 auditores
451 1476 572 1537 simulet
587 1490 757 1558 spectatores,
776 1498 840 1536 cum
854 1491 926 1537 tanta
940 1500 980 1538 se·
1039 1478 1117 1558 ρικῶν
1130 1478 1277 1550 αὐλητικῶν
1291 1501 1321 1537 τε
1335 1478 1381 1537 καί
1403 1480 1551 1552 ἀθλητικῶν
1567 1481 1727 1560 ἀνδρῶν,’“
1691 1504 1744 1539 των
1760 1478 1810 1560 μίν

238 1566 302 1627 dent
317 1569 480 1628 attentione:
494 1582 624 1648 quantum
639 1566 734 1646 studii,
760 1582 891 1648 quantum
911 1569 980 1630 dili·
1037 1567 1145 1643 θεαταί,
1159 1572 1210 1629 τῶν
1223 1567 1250 1629 δὲ
1264 1575 1329 1648 ὁμοῦ
1342 1570 1472 1652 θεωρηταί
1487 1570 1533 1631 καί
1546 1571 1675 1653 ἀκροαταί
1686 1570 1754 1651 μετὰ
1767 1597 1810 1632 το-

238 1662 333 1739 gentiae
344 1682 393 1721 vos
405 1660 589 1741 adhiberepar
598 1674 649 1735 est,
665 1661 790 1742 cumjam
803 1682 857 1722 non
871 1660 982 1741 tibicen,
1035 1659 1133 1734 σαύτης
1152 1660 1282 1735 κάθηνται
1304 1666 1352 1734 τῆς
1366 1661 1528 1744 προθυμίας·
1548 1662 1633 1737 πόσην
1656 1660 1741 1742 ’ἡμῖν
1762 1665 1810 1724 καί

237 1775 291 1814 non
298 1755 427 1835 sophista,
437 1753 483 1813 sed
491 1753 534 1814 vir
542 1753 576 1813 de
583 1752 647 1812 caelo
654 1752 898 1814 tonitruclnriorem
906 1752 980 1817 emit·
1035 1751 1153 1823 σπουδὴν
1169 1751 1215 1812 καί
1234 1753 1382 1836 προθυμίαν
1400 1753 1431 1813 ἂν
1448 1753 1519 1827 εἴητε
1533 1754 1631 1815 δίκαιοι
1649 1765 1809 1839 παρασχεῖν,

237 1859 295 1905 tens
306 1868 407 1923 vocem,
426 1845 461 1905 ad
482 1845 662 1926 spectaculum
675 1867 725 1906 vos
745 1848 857 1912 evocet?
877 1848 979 1908 Totum
1034 1846 1081 1904 οὐκ
1099 1846 1239 1918 αὐλητικοῦ
1254 1870 1339 1917 τινος,
1360 1843 1418 1907 οὐδὲ
1433 1853 1585 1928 σοφιστικοῦ
1598 1855 1642 1910 νῦν
1662 1851 1698 1917 είς
1717 1851 1809 1928 ἀγῶνα

200 1973 201 1981 1
236 1939 336 2020 qnippe
347 1939 440 1998 orbem
450 1939 500 1997 hoc
513 1937 630 1997 clamore
638 1937 791 2020 occupavit
807 1939 980 2021 comprehen·
1034 1936 1180 2012 καθιίντσς,
1195 1940 1252 1999 ἀλλ’
1266 1939 1358 2020 ἀνδρὸς
1378 1939 1497 2009 ἀπδτῶν
1517 1941 1634 2024 οὐρανῶν
1647 1941 1809 2022 οφθεγγομέ-

236 2031 286 2091 dit·
278 2033 434 2114 ,implevit,
445 2052 498 2091 non
513 2030 637 2090 clamoris
653 2030 907 2112 magnitudinesed
926 2028 979 2094 lin·
1033 2053 1095 2104 νου,
1111 2029 1156 2088 καί
1168 2033 1278 2112 βροντης
1293 2030 1481 2112 λαμπροτέραν
1497 2029 1616 2112 ἀφιίντος
1632 2032 1736 2114 φωνην,
1748 2034 1808 2091 Πα-

112 2139 174 2183 Ειιο
148 2142 227 2215 ιομιτι
211 2146 289 2206 gua
299 2148 333 2186 ex
346 2124 545 2205 divinaegratiae
553 2137 629 2183 motu
639 2125 771 2204 loquente
781 2125 965 2206 Quodme
928 2148 979 2186 mr-
1035 2145 1083 2182 σαν
1099 2121 1151 2203 γάρ
1170 2121 1218 2194 τὴν
1236 2121 1390 2201 οἰκουμένην
1409 2122 1519 2204 ἐπέσχε,
1535 2123 1580 2184 καί
1602 2123 1747 2198 κατέλαύι,
1761 2123 1808 2183 καί

84 2198 176 2307 tpappu·
144 2206 228 2248 ”’””
236 2241 298 2280 rum
308 2234 357 2296 est
367 2233 456 2279 tantus
466 2218 512 2278 rlle
527 2218 637 2292 elamor,
649 2238 702 2276 non
716 2240 794 2299 asper
803 2232 850 2296 est,
861 2239 915 2280 non
933 2221 977 2282 in·
1034 2213 1162 2288 ἐνίπλησι
1183 2238 1217 2292 τη
1198 2217 1298 2294 βοῇ,
1312 2219 1392 2296 οὐτῷ
1412 2215 1481 2297 μέγα
1499 2221 1665 2299 ἀνακραγεῖν,
1680 2215 1808 2276 etate»

146 2280 163 2312 ’
235 2313 335 2388 suavis,
345 2309 392 2371 sed
404 2311 588 2370 omnimnsica
597 2309 738 2369 harmonia
742 2310 889 2390 jucundror
895 2314 976 2374 etde
995 2321 1014 2369 B
1034 2307 1149 2388 pert*
1115 2331 1163 2380 της
1177 2307 1248 2377 θείας
1260 2308 1367 2391 χάριτος
1381 2334 1488 2382 κινησαι
1500 2310 1548 2383 τὴν
1566 2313 1695 2390 γλῶτταν.
1710 2309 1764 2370 Καὶ
1776 2277 1809 2369 rh

234 2404 404 2467 siderabilior
416 2402 615 2482 deliniendrqoe
623 2422 752 2484 majorem
762 2424 820 2465 vtm
827 2404 978 2485 habenssd
1034 2400 1238 2478 δλθωιμαστδν,
1250 2400 1293 2461 δτι
1304 2399 1373 2462 οθιω
1388 2393 1532 2483 payns*
1502 2427 1567 2463 ουσα
1581 2409 1599 2476 η
1612 2400 1717 2482 hulst
1691 2427 1738 2462 ουκ
1749 2401 1808 2461 ἔστι

232 2498 290 2558 baec
299 2518 362 2559 vero
374 2496 556 2556 sanctissimus
564 2509 612 2572 est,
622 2510 648 2555 et
658 2494 805 2555 admodum
813 2499 977 2578 tremendus,
1032 2492 1145 2577 τραχεῖά
1159 2519 1212 2568 τις,
1227 2491 1285 2554 οὐδὲ
1302 2493 1402 2568 ἀηδὴς,
1420 2494 1488 2555 ἀλλά
1511 2495 1599 2568 πάσης
1618 2499 1745 2574 μουσικῆς
1761 2495 1807 2576 ἂμ

231 2605 270 2650 tot
277 2589 492 2670 arcanisplenus,
499 2598 539 2647 tot
545 2587 616 2646 bons
625 2588 769 2666 conserens,
777 2588 860 2669 utqui
866 2590 979 2673 diligen·
1034 2585 1126 2667 μονίας
1138 2585 1220 2660 ἡδίων
1233 2587 1280 2647 καί
1294 2587 1478 2670 ποθεινοτέρα,
1488 2586 1533 2646 καί
1545 2587 1631 2657 θέλξαι
1642 2586 1806 2666 ἐπισταμένη

231 2696 272 2744 ter
284 2683 365 2742 illum
374 2681 513 2763 excipiunt
529 2693 608 2760 atquc
618 2695 785 2759 conservant,
797 2703 848 2742 non
857 2684 915 2765 jam
929 2687 977 2746 ho-
1033 2681 1128 2742 πλέον·
1142 2680 1189 2740 καί
1208 2680 1273 2763 πρὸς
1286 2678 1385 2748 τοάιοις
1401 2680 1498 2742 άπασιν
1515 2680 1649 2760 ἇγιωτάτη
1665 2680 1712 2739 καὶ
1725 2679 1808 2762 ’φρι-

230 2778 315 2836 mines
323 2778 388 2856 sint
398 2772 550 2857 nonjamin
558 2775 977 2858 terramaneant·sedsuprasae-
1033 2772 1202 2847 κωδεστάιη,
1222 2771 1268 2833 καί
1291 2770 1420 2833 τοσούτων
1440 2772 1559 2854 γέμουσα
1580 2772 1746 2852 ἀπορρήτων,
1759 2774 1807 2832 καί

231 2869 332 2928 οιιίιιτιο
344 2889 433 2928 omnia
442 2881 537 2927 etcum
546 2865 649 2945 angelis
658 2880 757 2926 sortem
768 2868 905 2947 habentes,
921 2884 975 2931 ter·
1031 2868 1145 2928 τοσαῦτα
1158 2864 1413 2945 κομίζουσαάγαθά,
1430 2863 1519 2934 ἀτούς
1533 2863 1600 2946 μιτδ
1613 2863 1749 2946 ακριίείας
1758 2866 1806 2925 καί

107 2983 155 3012 arc.
193 3002 198 3012 .
230 2982 289 3020 ram
304 2961 380 3040 quasi
402 2959 498 3019 caelum
514 2958 640 3018 inoolant.
666 2956 775 3018 Etenim
796 2959 842 3019 ille
864 2962 976 3024 tonitrui
1031 2957 1177 3076 προθυμίας
1189 2956 1318 3025 λαθοντιις
1331 2955 1377 3017 καί
1391 2955 1666 3037 διαφυλάττοντας,’
1640 2980 1687 3017 ουκ
1698 2956 1736 3017 ένι
1749 2959 1806 3018 λοι-

83 3043 117 3074 ”
229 3056 312 3133 filius,
330 3056 438 3116 Christo
457 3054 582 3130 dilectus,
596 3052 718 3112 columna
732 3053 926 3136 omniumque
946 3059 975 3119 in
1030 3053 1080 3114 πὀν
1093 3048 1246 3135 ἀνθρώποις
1260 3038 1341 3125 εἶναι,
1363 3046 1421 3110 οὐδὲ
1437 3047 1535 3109 ἐπὶ
1501 3073 1550 3120 της
1564 3073 1613 3130 γης
1633 3048 1805 3128 μάνειν,’

228 3148 364 3208 orbesunt
375 3146 568 3222 Ecclesiamrn,
585 3167 632 3225 qur
626 3144 705 3205 eaeli
726 3145 815 3207 claves
823 3146 913 3224 habet,
926 3152 974 3230 qui
1029 3142 1202 3227 ἀνωτέρω’
1163 3165 1270 3204 παντων
1284 3140 1435 3203 ίσταναι
1399 3165 1452 3201 των
1466 3145 1621 3220 βιωτικῶν,
1620 3142 1742 3224 καὶπρὸς
1754 3141 1804 3215 τὴν

227 3238 262 3299 de
271 3240 354 3299 calice
367 3239 469 3298 Christi
478 3237 560 3310 bibit,
572 3252 598 3297 et
607 3238 665 3317 ejus
675 3236 810 3318 baptismo
821 3239 973 3320 baptizatus
1029 3235 1171 3320 ἀγγελικὴν
1194 3232 1443 3317 μθαρμωαμίνουτ
1462 3234 1546 3310 lilim,
1565 3235 1729 3318 καθᾶπῑρθ
1698 3261 1715 3295 τ
1729 3261 1743 3295 ν
1759 3241 1804 3297 οὗ·

227 3331 332 3409 est,qui
345 3349 408 3389 cum
423 3348 521 3410 magna
538 3327 641 3390 fiducia
658 3349 740 3409 supra
753 3342 847 3409 pectus
861 3333 972 3394 Domini
989 3333 1010 3382 (ἶ
1030 3326 1258 3413 pentimimeris
1274 3331 1323 3406 γῆν
1336 3329 1424 3387 οἰκεῖν·
1436 3325 1471 3386 ‘0
1483 3326 1591 3410 tltpt'lt
1609 3331 1719 3411 βροντῆς
1732 3331 1803 3406 ulls,

227 3424 359 3500 recubuit,
370 3422 479 3503 hicjam
490 3443 538 3481 nos
549 3420 672 3481 convenit
676 3445 686 3498 ;
697 3441 749 3479 non
757 3421 879 3491 fabulam
889 3439 970 3485 actu·
1027 3427 1042 3484 θ
1058 3419 1194 3503 ἀγαπητὸς
1206 3426 1252 3480 τοῦ
1266 3418 1396 3499 Χριστοῦ,
1410 3421 1425 3478 θ
1438 3419 1530 3487 στῦλος
1542 3421 1595 3478 τῶν
1610 3420 1680 3481 κατὰ
1695 3420 1743 3494 την
1760 3426 1803 3482 ol-

227 3538 290 3591 rus,
315 3536 368 3574 non
381 3526 538 3596 personatus
558 3511 661 3573 aceedit
684 3517 787 3592 (neque
808 3513 881 3575 enim
905 3517 970 3577 talia
1027 3513 1155 3592 κουμένην
1171 3513 1328 3585 ἐκκλησιῶν,
1342 3509 1417 3578 ish<
1430 3513 1501 3578 ιιλιῐς
1515 3508 1582 3592 έχων
1597 3517 1663 3573 ’τοῦ
1675 3514 1804 3594 οὐρανοῦ,

224 3607 387 3688 loquuturus
402 3612 473 3682 est),
487 3626 541 3666 non
554 3605 583 3664 in
597 3620 753 3693 suggesttun
769 3606 898 3686 ascendit,
917 3631 970 3671 non
1026 3607 1090 3667 θτδ
1108 3604 1233 3685 ποτήριον
1248 3611 1294 3665 τοῦ
1314 3605 1430 3687 Χριστοῦ
1451 3602 1530 3679 πιὼν,
1543 3604 1590 3664 καί
1608 3604 1639 3664 τδ
1662 3606 1803 3686 βάπτισμα

225 3700 390 3760 orchestram
403 3698 470 3779 pede
483 3697 607 3779 pereutit,
627 3717 680 3755 non
697 3718 777 3756 aurea
800 3698 911 3761 indutus
930 3717 970 3762 est
1028 3698 1199 3779 βαπτισθεὶς,
1213 3702 1227 3757 θ
1240 3696 1407 3764 κατακλιθείς
1420 3697 1464 3756 ἐπί
1476 3696 1507 3757 τδ
1517 3701 1612 3768 στῆθος
1623 3698 1655 3758 τδ
1668 3700 1801 3759 Δεσποτι-

224 3806 309 3869 veste;
325 3791 372 3850 sed
385 3788 535 3869 ingreditur
550 3809 612 3847 cum
622 3787 969 3870 singularispulcritudinis
1026 3790 1071 3851 κδν
1091 3789 1158 3869 μετὰ
1175 3787 1326 3872 παρρησίας
1347 3790 1465 3862 πολλῆς,
1486 3779 1560 3856 οὗτος
1573 3795 1638 3868 ἡμῖν
1652 3789 1802 3871 εἰσέρχεται

224 3885 334 3945 amictu
353 3883 461 3943 Christo
474 3880 545 3941 enim
565 3879 677 3940 indutus
695 3881 866 3984 conspicitur,
886 3884 969 3965 pedes
1025 3887 1128 3943 νῦν·οὐ
1149 3885 1238 3964 δρᾶμα
1252 3885 1321 3941 θποκ
1324 3880 1472 3962 ρινίμενος,
1493 3880 1549 3942 οὐδὲ
1563 3881 1723 3964 προσωπείῳ
1737 3883 1801 3964 κρά-

75 3994 111 4035 c
113 3992 129 4034 t
140 3993 164 4040 6
175 4005 214 4054 ορ.
223 3981 367 4058 speciosos
381 3974 510 4034 calceatos
519 3971 642 4032 babens
634 3993 663 4031 ιιι
675 3986 868 4054 praeparatione
881 3997 965 4036 evan·
1024 3999 1098 4034 πτων
1118 3973 1167 4046 τὴν
1190 3972 1307 4054 κεφαλήν
1320 3973 1366 4052 (οὐ
1380 3970 1431 4055 γάρ
1453 3977 1588 4034 τοιαῦταί
1590 3977 1661 4053 φεῖ),
1678 3976 1724 4034 οὐδ
1710 3973 1737 4035 δὲ
1756 3979 1799 4036 ἐπ’

72 4054 133 4162 ⁸5⁶²
111 4067 198 4101 ⁰²··¹⁰
225 4070 289 4154 gatti
302 4068 391 4150 pacis,
406 4089 471 4128 sona
497 4061 1651 4150 ιιοιιροσῐιιο,σσι11ιιιιιίιοσρτωσιῐιὐκρίθαντοςάναύαίνων,ουδ’δίύρχηστραντῦι
1669 4066 1730 4126 ποδί
1748 4092 1801 4128 κα-

79 4115 151 4222 15Ζσο
152 4176 295 4240 ιρι-οισι,
308 4182 361 4221 non
381 4182 416 4220 ex
430 4178 566 4242 purpurea
579 4155 660 4240 pelle,
673 4176 759 4236 neque
775 4179 889 4240 superne
901 4182 968 4220 auro
1018 4157 1168 4241 τακροθων,
1191 4155 1249 4219 οὐδὲ
1273 4160 1364 4229 ἑσθητι
1387 4152 1630 4239 κεκοσμημένοςχ
1632 4162 1713 4240 ροσῇ·
1739 4162 1799 4220 ἀλλ’

71 4245 129 4346 ,””’
98 4305 153 4348 mh·
175 4249 326 4358 tdlornata,
346 4253 420 4314 sed
412 4274 471 4334 ipsa
485 4251 598 4313 veritate
613 4264 738 4311 contexte
756 4264 783 4310 et
801 4251 967 4312 concinnata.
1023 4250 1171 4332 εἰσέρχεται
1193 4249 1289 4324 στολὴν
1311 4248 1380 4330 ἔχων
1401 4249 1538 4332 ἀμήχανον
1560 4249 1671 4331 ἔχουσαν
1691 4251 1798 4321 κάλλος

72 4375 139 4411 most.
224 4346 301 4407 Talis
322 4368 392 4406 nunc
406 4345 483 4405 nobis
501 4342 647 4404 offertur
625 4364 684 4402 sine
702 4343 794 4402 lma.
805 4344 881 4404 nulla
893 4365 967 4406 enim
1023 4344 1077 4405 Τδν
1098 4342 1150 4426 γάρ
1170 4342 1285 4427 Χριστὸν
1307 4339 1472 4461 ἐνδεδυμένος
1495 4349 1560 4422 ἡμῖν
1575 4352 1711 4424 φανεῖται,
1735 4343 1798 4414 τούς

221 4439 318 4519 apud
309 4460 401 4521 ipsum
415 4437 561 4514 simulatio,
571 4435 647 4496 nulla
660 4436 733 4498 fictio
747 4437 790 4499 vcl
801 4437 906 4515 sabula;
898 4435 968 4498 ·sed
1022 4437 1133 4506 πόδας
1123 4461 1175 4498 υπο
1176 4430 1373 4515 δεδεμένος’
1333 4460 1393 4505 τους
1416 4436 1528 4519 ὡραίους
1541 4439 1566 4496 έν
1586 4436 1728 4519 ἑτοιμασίᾳ
1750 4444 1797 4498 τοῦ

250 4640 261 4664 ⁶
278 4623 321 4676 Sic
331 4619 409 4675 Sosii.
422 4632 448 4672 et
456 4621 515 4672 Μαι.
525 4635 589 4686 pene
600 4637 696 4672 omnes.
708 4586 797 4676 noret.
811 4629 892 4688 ὁμοιως
905 4627 977 4675 αὐτοὶ.
1061 4619 1077 4660 ¹²
1092 4619 1134 4671 stc
1145 4618 1238 4669 iisset
1249 4615 1367 4670 Servilio
1379 4615 1467 4668 Mosei.
1475 4625 1513 4672 καὶ
1525 4622 1621 4680 σπουδήν
1634 4617 1713 4670 deest.
1723 4617 1794 4672 lbid.

218 4701 296 4756 Panlo
308 4713 367 4769 post
378 4707 486 4760 πολλάκις
499 4697 569 4751 deest
579 4700 605 4749 in
618 4717 679 4751 uno.
1027 4707 1088 4759 εἴητε
1106 4702 1186 4752 δίκαιοι
1204 4706 1339 4769 παρασχιῖν.
1358 4694 1449 4746 hlodus
1465 4693 1587 4763 loquendi
1606 4697 1795 4769 chrysostomo

249 4786 261 4815 ‘¹
279 4781 360 4850 [cod.
375 4783 432 4842 706,
453 4782 496 4846 qui
511 4781 619 4845 primum
637 4777 766 4830 homiliam
778 4775 906 4831 bishsbet
916 4780 978 4829 seri·
995 4818 1000 4828 .
1027 4777 1157 4829 familiaris
1174 4779 1200 4828 in
1216 4775 1256 4828 his
1273 4774 1481 4842 Commentariis,
1494 4775 1521 4827 id
1538 4788 1590 4842 est,
1602 4777 1721 4831 autum
1732 4781 1795 4850 jure

216 4874 340 4930 ptsmm
312 4869 405 4916 κανὶτῶ
416 4865 476 4913 ὠύῶν
466 4869 596 4927 introque
607 4859 633 4908 in
645 4856 724 4925 loco]
1026 4855 1130 4907 debetis.

248 4937 386 5004 tQuidsm
396 4939 482 4990 Μιπι
469 4949 557 5009 μρσιος
568 4934 616 4986 Ηιο
624 4936 676 5002 agit
688 4933 720 4986 de
731 4933 869 5002 Sophuus
884 4943 976 4993 ίπὶτῶν
1058 4934 1143 4985 ottss.
1164 4930 1266 4999 plurimi
1283 4939 1435 4999 φθιῃομινου
1454 4939 1616 5002 καλβοσιντσς
1628 4943 1674 4990 καὶ.
1693 4933 1794 4988 Ibidem

214 5030 333 5112 appensos,
312 5015 518 5085 »quodnomen
535 5012 663 5078 rhetores,
671 5015 764 5064 artium
776 5013 923 5083 magistros,
936 5033 976 5067 sn·
1025 5029 1089 5066 ιιιιιιι
1098 5012 1216 5066 hnltet
1186 5021 1308 5083 ιρωνης
1320 5018 1494 5084 λαμπροτέρα

213 5099 323 5164 pientes,
330 5094 451 5147 doctores
462 5090 634 5161 significabat;
644 5088 871 5159 sedaliqnsndoin
882 5094 975 5146 malem
1037 5084 1163 5147 ‘Sevil
1172 5103 1199 5144 et
1210 5108 1297 5144 omnes
1310 5108 1371 5158 pene
1383 5091 1442 5143 llss
1451 5097 1630 5166 ρρικωύτστάτη.
1640 5092 1728 5146 llorel
1722 5117 1792 5163 πρι-

212 5188 310 5243 partem
322 5174 454 5242 accipitur,
464 5190 510 5239 pro
523 5174 553 5223 iis
564 5190 608 5240 qur
600 5168 743 5224 simulatis
760 5171 899 5224 ratiociniis
911 5175 975 5226 ieri·
1025 5177 1170 5237 πωύιοτάτη,
1181 5187 1236 5240 φασι
1252 5173 1329 5223 etiem
1341 5170 1417 5223 lectio
1428 5170 1539 5239 quadem
1551 5171 1585 5223 ad
1598 5172 1645 5224 seri
1647 5191 1697 5228 em.

210 5270 289 5310 tatem
302 5255 462 5323 detorquent.
1055 5252 1172 5319 ·[Snvil.
1186 5252 1212 5304 ln
1226 5263 1347 5323 ιιιιιιιτστν
1336 5275 1379 5307 ο
1369 5259 1454 5323 pavo
1442 5253 1474 5318 s]
