3750 5940
235 383 255 430 ll
935 384 1117 431 rumano.

233 519 306 587 ptem
317 519 421 567 mntem
428 553 438 586 ,
445 506 667 589 quandoquidem
676 507 808 570 Morellur
816 507 935 590 primam
942 505 1067 590 prooemii
1074 518 1180 568 tantum
1188 507 1248 567 loco
1255 506 1340 589 ponit,
1351 527 1435 588 neque
1442 506 1518 567 illam
1527 506 1677 570 llomiliam
1685 507 1803 590 primam

232 600 364 679 inscribit,
376 601 439 680 qnia
452 601 579 664 videlicet
592 603 662 663 nihil
671 602 706 663 de
717 601 868 684 Evangelio
875 601 987 664 loannis
1000 601 1029 662 in
1040 601 1094 663 hac
1105 601 1232 662 concione
1241 602 1404 685 explicatur,
1418 615 1510 683 estque
1527 616 1632 663 tantum
1641 603 1718 683 quasi
1729 624 1805 685 prte-

232 695 341 756 ludium
355 696 390 756 aa
399 698 607 780 explicationem
619 699 741 782 ejusdem
753 698 907 780 Evangelii.
922 701 1028 761 Verum
1038 712 1070 759 ut
1083 712 1113 759 ut
1132 720 1175 759 res
1189 713 1245 778 est,
1258 699 1311 761 hoe
1323 699 1484 780 pmoemium
1501 721 1555 761 non
1568 700 1660 760 minuis
1673 700 1805 761 concinet

232 790 345 851 homilia
365 807 413 870 est,
428 814 511 873 mam
529 808 629 855 cetere
649 808 788 875 sequentes
800 794 948 855 conciones.
965 795 1035 854 Nam
1055 793 1101 853 hie
1115 795 1249 877 populum
1267 794 1423 874 alloquitur,
1436 794 1473 855 ad
1490 795 1620 856 muntem
1639 795 1804 875 hortatur,a

231 887 306 946 vitiis
319 901 402 965 arcet,
418 889 561 968 omniaque
574 890 760 951 concionantis
778 891 873 972 implet
891 889 991 950 officia.
1006 889 1190 963 Quamobrem
1196 893 1259 972 jure
1274 891 1353 951 illam
1367 890 1487 954 sentin
1503 890 1640 972 inscripsit
1654 890 1804 951 Homiliam

230 980 349 1061 primam
361 1005 368 1040 ε
379 1005 459 1062 quem
474 985 549 1063 sapui
560 985 651 1046 visum
666 1000 713 1047 est.
730 989 837 1049 Verum
848 986 913 1067 quia
928 986 1036 1046 Morelli
1050 985 1153 1062 Editio,
1163 1008 1250 1065 quaea
1264 987 1357 1047 multis
1369 986 1447 1048 annis
1459 987 1582 1047 omnium
1599 986 1725 1047 manibus
1742 986 1804 1046 teri·

231 1087 287 1154 tur,
304 1090 334 1136 ut
351 1077 501 1158 plurimum
514 1100 530 1138 a
543 1081 721 1161 scriptoribus
731 1081 844 1140 affertur
864 1081 892 1140 in
904 1079 1036 1158 medium,
1049 1079 1121 1160 iique
1137 1079 1286 1141 secundum
1295 1081 1486 1141 Morellianam
1499 1080 1655 1142 Editionem
1673 1079 1803 1142 homilias

229 1185 385 1249 numerant3
396 1194 515 1255 campie,
528 1178 645 1259 exempli
660 1199 750 1255 eausa,
763 1176 923 1257 vigesimam
938 1197 1035 1236 nonam
1044 1175 1203 1253 inscribunt,
1217 1198 1277 1255 quae
1287 1176 1435 1237 seeundum
1450 1177 1586 1237 Savilium
1599 1189 1626 1235 et
1645 1176 1799 1253 secundnm

229 1281 322 1322 veram
332 1264 490 1325 numerandi
503 1268 633 1328 rationem
648 1269 785 1350 trigesima
798 1283 849 1348 est,
865 1269 893 1327 in
905 1290 1011 1329 summa
1020 1268 1120 1350 pagina
1129 1282 1274 1351 utrumque
1286 1290 1430 1330 numerum
1445 1269 1484 1331 sie
1495 1267 1636 1329 attulimus
1647 1292 1655 1327 a
1665 1270 1801 1330 Romilia

231 1360 379 1438 trigesime
393 1359 434 1418 al.
447 1362 592 1441 vigesima
607 1384 701 1440 nona,
714 1364 788 1424 etita
802 1382 910 1443 quoquc
924 1363 953 1423 in
966 1361 1036 1423 aliis.

268 1449 346 1508 Hanc
355 1472 435 1530 porro
445 1451 605 1512 numerandi
619 1453 776 1515 varietatem
786 1476 838 1515 uon
849 1476 906 1515 esse
914 1469 1048 1515 recentem
1057 1454 1152 1516 suadet
1164 1454 1310 1517 Facundus
1322 1454 1532 1533 Hermianensis,
1545 1455 1594 1533 qui
1607 1442 1678 1514 libro
1688 1454 1717 1530 δ,
1731 1474 1755 1513 ο.
1769 1456 1799 1530 5,

229 1564 256 1623 p.
272 1545 341 1620 111,
353 1546 547 1624 sexagesimam
560 1561 663 1608 sextam
676 1547 743 1608 dicit
752 1570 811 1608 eam
820 1570 880 1628 quae
893 1569 956 1609 vere
964 1549 1129 1629 sexagesima
1143 1549 1259 1630 septima
1270 1562 1318 1609 est.
1328 1551 1434 1613 Verum
1453 1547 1538 1607 altera
1549 1547 1630 1607 etiam
1639 1545 1799 1607 numerandi

228 1638 306 1713 ratio,
318 1661 377 1718 qnae
388 1659 450 1700 vera
463 1641 556 1720 utique
568 1656 620 1721 est,
631 1642 705 1725 apud
721 1643 788 1704 alios
801 1643 830 1703 in
845 1665 896 1703 usu
909 1644 993 1704 scrisse
1005 1644 1206 1727 comprobatur.
1218 1643 1392 1725 Ephraemius
1407 1643 1481 1704 enim
1495 1643 1677 1703 Antiochenus
1688 1643 1798 1703 ἑνδεκά-

228 1757 293 1807 την,
313 1737 509 1810 undecimam,
525 1752 648 1797 rrrrmerat
664 1760 724 1798 eam
741 1760 801 1818 qum
820 1739 880 1820 jam
897 1738 1040 1799 undecima
1053 1752 1102 1799 est.
1124 1740 1253 1819 Haneque
1268 1739 1425 1799 numerandi
1438 1739 1569 1798 rationem
1582 1752 1731 1818 sequuntur
1746 1739 1798 1798 Co·

227 1827 301 1887 dices
315 1830 405 1890 Graeei
419 1832 610 1913 manuscripti,
621 1855 690 1913 quos
702 1834 832 1894 hactenns
843 1833 934 1894 videre
946 1835 1033 1894 linuit.

266 1927 295 1982 9.
310 1925 401 1984 Altera
414 1926 536 2007 exsurgit
553 1928 678 2008 quaestio,
691 1949 725 1988 an
736 1927 862 1989 videlieet
872 1929 1035 2008 Antiochiae,
1050 1951 1084 1989 an
1097 1929 1329 2010 Constantinopoli
1344 1928 1426 1988 hasce
1443 1927 1569 1988 homilias
1588 1927 1799 2008 Chrysostonnrs

227 2017 361 2081 babuerit.
377 2024 446 2082 Utra
461 2023 488 2082 in
501 2025 568 2083 urbe
581 2037 620 2084 tot
634 2023 779 2084 conciones
794 2023 894 2084 habitae
906 2024 969 2102 sint,
984 2023 1011 2084 in
1026 2025 1093 2107 ipsis
1110 2024 1284 2086 concionibus
1294 2045 1428 2104 nusquam
1438 2022 1635 2103 deprehendere
1649 2023 1798 2103 potuimus.

147 2120 154 2132 '
224 2115 296 2173 Nam
309 2114 331 2173 si
342 2138 395 2194 qua
410 2130 496 2177 essent
510 2116 580 2177 irride
593 2119 774 2199 conjecturam
791 2118 890 2179 ducere
905 2141 1055 2200 possemus,
1068 2141 1104 2181 ex
1117 2120 1254 2201 perpetuis
1273 2139 1370 2200 nempe
1388 2115 1590 2178 velitationibus
1601 2115 1732 2176 adversus
1751 2139 1798 2179 eos

223 2209 272 2287 qui
281 2232 373 2290 parem
387 2224 503 2291 paternae
517 2226 672 2292 potestatem
683 2213 710 2272 in
723 2213 794 2272 Filio
806 2234 862 2272 esse
879 2215 1022 2294 negabant,
1039 2215 1086 2295 qui
1098 2216 1129 2275 τὸ
1141 2214 1278 2293 incubator
1292 2212 1499 2294 oppugnabant,
1512 2208 1642 2272 adversus
1652 2213 1797 2272 hnomoeos

223 2322 330 2383 nempe,
345 2323 413 2381 quos
422 2304 525 2382 ubique
533 2305 688 2381 insectatur,
701 2302 731 2364 id
739 2304 851 2387 pretinde
862 2306 1111 2388 Constantinopoli,
1126 2320 1208 2386 atque
1218 2304 1368 2366 Anuutnae
1377 2304 1545 2365 observatur.
1555 2303 1588 2363 ln
1597 2315 1711 2382 utraque
1721 2305 1796 2366 enirn

223 2394 332 2455 civitate
347 2410 438 2456 eontra
454 2401 596 2458 huomoeos
606 2400 766 2459 nominatim
780 2399 952 2459 concionatus
966 2413 1006 2460 est
1023 2400 1248 2482 Chrysostomus,
1259 2400 1287 2458 in
1300 2411 1415 2476 utraque
1425 2417 1523 2477 magno
1536 2416 1648 2455 numero
1669 2399 1796 2457 huomoei

223 2506 309 2569 crant,
324 2492 370 2571 qui
381 2514 443 2550 eum
453 2493 632 2575 popularibus
643 2494 791 2555 Catholicis
799 2493 910 2577 saepede
919 2494 1048 2575 religione
1062 2494 1259 2555 concertabant.
1274 2493 1352 2554 ttihil
1372 2491 1458 2572 igitur
1470 2489 1533 2550 iude
1544 2491 1615 2551 circa
1629 2490 1725 2551 urbem
1744 2493 1795 2553 ubi

222 2587 322 2648 habitae
336 2586 447 2645 suntbae
457 2585 595 2644 conciones
610 2586 743 2667 expiscari
753 2608 897 2668 possumus
908 2610 916 2644 e
931 2587 1091 2667 nullumque
1105 2586 1181 2647 aliud
1190 2608 1221 2646 ea
1234 2586 1269 2647 tle
1282 2608 1311 2647 re
1321 2606 1357 2646 ex
1373 2585 1442 2666 ipsis
1455 2582 1576 2643 homiliis
1587 2583 1720 2643 indicium
1731 2606 1794 2666 pos·

223 2702 318 2742 snmus
331 2678 459 2738 mutuari.
473 2681 578 2743 Verum
593 2700 629 2740 ex
644 2680 764 2741 Homilia
782 2682 896 2763 septima
911 2681 939 2741 in
955 2681 1107 2765 Epistolam
1126 2682 1243 2763 primam
1256 2679 1291 2740 ut
1305 2678 1460 2740 Corinthios
1474 2690 1493 2736 t.
1511 2678 1559 2753 10,
1577 2699 1605 2758 p.
1624 2676 1675 2754 55,
1695 2680 1728 2754 A,
1741 2698 1795 2738 no·

226 2791 287 2837 stra
298 2774 442 2852 Editiouis,
453 2773 583 2834 discimus
597 2774 731 2835 Homilias
743 2775 823 2836 hasce
831 2777 860 2836 in
873 2779 1004 2840 loannem
1016 2789 1078 2837 ante
1094 2776 1155 2836 illas
1164 2776 1192 2836 in
1206 2775 1357 2858 Epistolam
1374 2773 1408 2833 ad
1418 2771 1572 2832 Corinthios
1582 2771 1688 2832 habitas
1700 2772 1793 2832 fuisse

223 2873 293 2932 Cum
303 2883 393 2929 antem
403 2870 445 2928 hae
453 2868 489 2928 ad
502 2870 657 2931 Corinthios
665 2871 790 2931 Homilias
800 2871 948 2933 Antiochiae
961 2871 1062 2933 habitae
1076 2873 1188 2950 fitennt,
1204 2885 1235 2932 ut
1245 2892 1294 2931 suo
1303 2871 1364 2931 loeo
1382 2867 1552 2951 probabitur,
1565 2866 1631 2926 hine
1647 2887 1711 2926 sane
1728 2888 1794 2927 cou-

223 2968 344 3047 sequitnr
355 2967 405 3024 has
414 2964 495 3024 etiam
511 2965 539 3024 in
549 2967 681 3027 loannem
692 2967 831 3048 conciones
841 2967 991 3027 Antiochiae
1003 2966 1091 3030 dicus
1106 2967 1197 3027 fnisse.
1213 2968 1302 3026 Iocus
1312 2985 1394 3047 porro
1411 2962 1459 3023 ille
1471 2960 1601 3021 llomilie
1619 2960 1742 3043 septimae
1757 2963 1795 3023 ad

224 3058 379 3120 Corinthios
387 3058 427 3117 sie
436 3057 519 3118 habet
529 3081 537 3116 a
549 3059 601 3119 Kal
609 3058 661 3142 γὰρ
670 3061 779 3130 ἐκείνοις
791 3061 883 3143 φησὶν,
891 3059 963 3121 Οὔτε
972 3059 1019 3140 tpt
1032 3064 1119 3122 ellare
1128 3104 1136 3131 ,
1146 3060 1206 3120 otu
1217 3060 1262 3121 τὸν
1271 3059 1382 3141 Πατέρα
1391 3080 1451 3138 μου.
1460 3059 1522 3124 Πῶς
1529 3045 1574 3116 οὖν
1585 3054 1710 3136 ἀνωτέρω
1715 3056 1795 3137 φησὶ,

109 3164 114 3173 “
163 3179 168 3195 ·
223 3158 278 3216 hat
289 3155 337 3234 ἐμὲ
350 3155 447 3228 οἴδοτε,
460 3153 506 3214 uel
519 3153 606 3216 οἴδατε
617 3155 697 3216 πόθον
713 3155 782 3235 einh
798 3156 878 3216 Ἀλλὰ
890 3156 931 3226 τίς
943 3159 958 3216 ὁ
969 3155 1066 3238 τρόπος
1085 3163 1134 3230 τῆς
1147 3156 1319 3236 ἀναγνώσεως
1334 3154 1444 3228 ταύτης,
1455 3151 1501 3213 καὶ
1513 3149 1554 3218 τ1ς
1568 3147 1684 3224 ὶκο1νης,
1697 3151 1725 3210 lv
1738 3158 1795 3221 τοῖς

224 3251 385 3331 εὐογγελίοις
395 3251 446 3325 ἤδη
459 3251 564 3332 εἴρηται
573 3276 580 3289 ·
590 3253 635 3312 uel
648 3251 718 3312 ὥστε
734 3251 771 3332 μὴ
782 3257 901 3333 συνεχῶς
912 3253 944 3314 τὸ
957 3252 1021 3312 αὐτὸ
1031 3252 1162 3334 στρέφειν,
1173 3256 1228 3313 ἐκεῖ
1241 3248 1456 3331 παραπίμπομον
1463 3245 1523 3313 τοὺς
1533 3244 1749 3325 ἰντυγχᾶνοντας.
1758 3244 1793 3305 ld

71 3360 140 3404 toan.
147 3358 169 3404 u.
177 3369 214 3418 iq.
224 3360 264 3406 est
278 3369 285 3404 ε
296 3348 373 3406 Num
388 3349 448 3408 illis
455 3351 486 3403 ai
488 3359 508 3422 t,
518 3347 613 3426 Neque
625 3369 669 3407 rne
681 3346 804 3421 novistis,
817 3367 903 3426 nuque
914 3349 1021 3407 Patrem
1032 3370 1132 3407 meum.
1149 3348 1300 3427 Quomodo
1312 3365 1379 3426 ergo
1390 3362 1478 3423 supro
1491 3341 1581 3414 uteie,
1593 3337 1630 3398 Et
1642 3359 1686 3399 me
1695 3339 1792 3418 nostis,

72 3423 213 3479 ³⁰“'''⁷‘²⁸'
223 3455 249 3503 et
260 3442 344 3501 nostis
358 3440 428 3502 unde
437 3441 507 3501 siin?
516 3442 574 3501 Sed
583 3447 647 3524 quis
656 3447 694 3503 sit
706 3444 808 3502 modus
819 3446 906 3523 liujus
918 3444 1062 3519 lectionis,
1078 3456 1105 3502 et
1120 3447 1186 3525 quis
1199 3443 1292 3519 illius,
1305 3443 1369 3520 jum
1383 3440 1493 3498 dietum
1502 3447 1545 3496 est
1558 3438 1591 3492 tn.
1604 3435 1633 3494 E
1636 3436 1793 3515 varrgeh'is,

223 3549 252 3596 et
267 3557 304 3595 ue
317 3536 393 3594 idem
395 3535 584 3615 frequentius
592 3557 751 3613 versemus,
766 3557 801 3596 eo
816 3537 940 3597 lectores
954 3540 1108 3598 mittimus.
1124 3536 1212 3598 Mittit
1225 3534 1327 3595 scilieet
1340 3531 1376 3592 atl
1393 3530 1525 3591 Homilias
1538 3549 1601 3589 suas
1617 3527 1646 3586 in
1666 3527 1794 3610 Evange-

223 3629 291 3689 liuur
302 3629 422 3703 loannis,
435 3630 471 3690 ul
484 3631 634 3693 Horuilium
648 3630 778 3691 nimirum
791 3630 1049 3712 quinquagesimam,
1064 3633 1111 3691 ubi
1123 3632 1182 3692 haec
1190 3631 1273 3693 verba
1283 3650 1307 3689 e.
1322 3631 1351 3706 l,
1360 3649 1388 3689 v.
1398 3626 1448 3703 28,
1462 3648 1490 3708 p.
1506 3626 1577 3704 u9t,
1589 3623 1738 3705 explicans,
1751 3629 1795 3686 Et

224 3749 271 3785 rue
283 3729 372 3801 scitis,
385 3738 413 3783 et
424 3727 503 3784 irride
513 3726 566 3784 sim
580 3729 670 3801 scitis,
678 3724 794 3785 ostendit
807 3724 854 3784 illa
866 3725 969 3807 optime
979 3725 1118 3785 conciliari
1130 3746 1193 3786 eum
1205 3723 1267 3784 aliis
1281 3721 1401 3805 ejusdem
1413 3719 1556 3801 Evangelii
1572 3741 1595 3780 e.
1613 3720 1634 3781 8
1641 3765 1651 3798 ,
1671 3720 1727 3795 19,
1745 3719 1793 3782 tibi

224 3823 261 3883 ait
274 3820 383 3884 Jttdaos
392 3841 441 3880 nee
451 3840 480 3879 se
493 3840 579 3897 nosse,
589 3840 638 3879 neo
650 3821 758 3879 Patrem
778 3840 857 3879 sutrim
873 3840 959 3879 nosse.
974 3819 1086 3879 Certum
1099 3820 1188 3899 itaque
1207 3816 1443 3895 irulubitatumqne
1458 3827 1498 3874 est
1508 3813 1734 3896 Chrysostornnm
1744 3813 1794 3874 bas

223 3916 349 3978 homilias
360 3914 508 3975 Antiochia·
517 3915 645 3974 habuisse
659 3928 802 3993 antequam
811 3914 945 3973 Homilias
955 3913 983 3972 iu
993 3913 1110 3996 primam
1117 3927 1144 3974 et
1160 3911 1305 3974 secundam
1315 3912 1350 3971 ad
1357 3909 1512 3977 Corinthios
1522 3908 1643 3985 haberet,
1655 3929 1715 3988 quae
1726 3907 1793 3968 item

226 4011 373 4074 Antiochiae
387 4009 486 4070 habite
497 4009 582 4089 suere,
597 4021 626 4067 ut
638 4029 687 4069 suo
698 4008 758 4068 loco
772 4008 955 4089 probabimus.

979 4247 999 4327 s
1020 4247 1057 4305 n.

226 4453 253 4508 1.
277 4451 341 4534 Quo
355 4460 479 4526 tempore
493 4446 546 4504 ltus
560 4446 694 4506 habitarit
708 4446 852 4505 homilias.
866 4449 896 4506 1.
914 4444 975 4505 Cur
985 4443 1172 4503 illucescente
1186 4461 1306 4517 attrorn,
1330 4437 1382 4500 ὑπὸ
1403 4439 1452 4514 τὴν
1472 4440 1508 4500 ἕω
1523 4441 1586 4498 lroee
1600 4441 1793 4498 concionatus

579 4542 627 4597 sit.
640 4540 668 4597 5.
688 4542 776 4620 Quod
788 4561 878 4621 genus
891 4540 1057 4600 auditorum
1071 4540 1260 4597 concionibus
1271 4536 1446 4616 interfuerit.

262 4731 289 4784 l.
310 4728 371 4787 Jam
385 4723 506 4784 diximus
514 4721 542 4781 in
555 4720 713 4780 Praesatione
726 4719 762 4779 ad
782 4720 916 4780 Homilias
932 4719 960 4780 in
973 4719 1146 4793 Matthaeum,
1163 4740 1216 4779 non
1233 4717 1352 4800 potuisse
1367 4717 1594 4800 Chrysostomum
1607 4716 1685 4776 annis
1702 4717 1791 4779 tribus

218 4821 354 4904 prioribus
364 4818 441 4898 queis
453 4816 594 4899 presbyter
608 4814 779 4875 eonciouatus
792 4829 831 4874 est
837 4859 846 4891 ,
854 4816 987 4876 Homilias
999 4817 1026 4875 in
1036 4814 1196 4875 Matthaeum
1205 4811 1240 4873 ad
1251 4813 1384 4894 populum
1392 4813 1502 4889 habete,
1521 4811 1586 4892 quia
1601 4811 1729 4874 videlicet
1745 4813 1789 4871 his

219 4914 306 4973 tribus
318 4911 393 4970 annis
404 4907 549 4984 586,58“1,
563 4905 634 4984 588,
646 4919 686 4966 tot
700 4906 826 4966 homilias
836 4920 891 4967 tam
908 4907 1001 4987 longas
1012 4905 1094 4982 dixit,
1107 4919 1136 4965 nt
1149 4905 1216 4965 alias
1231 4905 1330 4965 addere
1345 4905 1392 4967 vix
1406 4905 1529 4986 potuisse
1543 4903 1681 4966 videatur.
1694 4904 1786 4979 Certe,

219 5023 249 5068 ut
263 5008 289 5066 in
300 5006 366 5067 Vita
377 5003 562 5085 Cluysostomi
574 5002 698 5084 plurilnrs
711 4998 816 5062 dicetur
822 5047 832 5080 ,
843 5002 893 5062 vix
904 5003 1029 5064 credatur
1042 5015 1109 5082 quot
1121 5015 1287 5082 quantasque
1304 4999 1378 5059 bisce
1388 5000 1476 5059 tribus
1488 4998 1625 5080 prioribus
1646 4997 1788 5057 sacculotii

219 5101 259 5162 sui
273 5099 350 5158 antris
366 5097 504 5157 cotreiones
525 5095 625 5155 dixerit
631 5118 640 5172 ;
662 5095 842 5177 Panegyricus
865 5095 992 5156 lestoruru
1008 5110 1033 5156 et
1047 5098 1207 5156 Sanctorum
1219 5114 1266 5174 per
1277 5112 1388 5168 annum,
1401 5091 1467 5151 alias
1482 5090 1510 5149 in
1527 5089 1674 5169 Scriptura
1690 5087 1788 5168 libros,

219 5206 378 5268 caeterasque
394 5187 476 5249 variis
485 5187 520 5248 de
533 5186 620 5248 rebus.
632 5187 725 5267 ltaque
734 5201 763 5247 ut
779 5187 911 5249 Homilias
924 5189 952 5249 in
964 5187 1124 5250 Matthaeum
1138 5200 1199 5269 post
1210 5207 1312 5248 annum
1323 5186 1383 5249 588
1395 5184 1514 5266 habitas,
1528 5184 1579 5243 bae
1590 5181 1625 5242 de
1635 5202 1714 5244 eausa
1732 5197 1786 5244 sta-
