3750 5940
51 440 80 491 t.
102 439 203 492 11111.
230 419 278 492 11.
306 441 387 492 extr.

102 587 180 627 verso
192 566 275 628 titisse
284 568 390 646 animo,
412 567 459 628 red
471 565 618 647 quodcum
632 559 847 628 noudum'adve·

100 659 192 733 nisset,
205 681 254 721 nec
262 659 405 743 quidpiam
418 659 594 741 praestitisset,
613 659 848 746 criminationibus
872 706 873 709 ,

100 767 270 833 prevertant,
281 775 334 814 nou
347 768 502 836 exspectato
517 754 556 814 rei
568 753 630 814 line.
646 752 747 816 Viden'
763 775 848 836 quam

95 859 226 928 corrupto
236 860 323 907 meent
329 846 454 928 judicio?

138 941 169 999 a.
186 939 268 1001 Venit
280 959 344 1019 ergo
357 937 392 998 ad
404 952 625 1014 mouumentum,
636 952 663 999 et
676 959 771 1000 rurant
782 938 848 1000 affe·

98 1043 171 1089 etum
189 1030 310 1113 oorripit.
329 1032 387 1091 Cur
405 1031 441 1092 de
460 1031 593 1091 industria
611 1030 760 1092 identidem
778 1029 848 1092 dicit

97 1123 260 1201 evangelista
269 1124 449 1206 lacrymatum
459 1123 540 1184 illum
548 1144 618 1200 esse,
628 1137 655 1184 et
665 1123 849 1185 infremuisse?

98 1216 136 1273 Ut
147 1213 236 1275 discas
248 1216 327 1276 illum
337 1239 400 1279 vere
411 1232 506 1278 natura
515 1232 606 1278 nostra
619 1216 746 1278 indutum
755 1216 846 1280 fuitne·

98 1306 170 1380 Quia
181 1308 252 1367 eum
265 1309 345 1391 plura
357 1308 392 1370 de
401 1310 506 1393 seipso,
520 1310 676 1391 majoraque
685 1331 769 1391 quam
781 1309 845 1390 qui-

99 1399 140 1459 vis
163 1401 234 1461 alius
255 1402 347 1483 palam
372 1402 498 1478 dixerat,
524 1424 632 1463 rursum
658 1402 687 1463 in
711 1401 848 1485 corporeis

98 1492 245 1553 humiliora
259 1493 336 1554 dicit.
350 1496 428 1555 Nihil
441 1495 476 1556 de
489 1495 576 1578 ipsius
589 1510 691 1573 morte,
701 1510 732 1557 ut
745 1494 845 1576 reliqui
878 1510 919 1556 ltu

97 1586 282 1667 evangeliste,
299 1603 390 1648 narrat
412 1588 473 1666 hic,
497 1587 571 1668 quod
590 1587 690 1666 tristis,
713 1586 789 1670 quod
815 1575 919 1682 infff'}

97 1677 193 1757 agonia
202 1692 285 1755 esset,
299 1677 346 1738 sed
354 1693 445 1738 oontm
451 1677 526 1759 quod
535 1677 648 1760 supinos
656 1677 844 1760 prostraverit.
853 1697 919 1743 netu

61 1779 80 1826 Ι)
98 1769 180 1843 Quod
194 1769 252 1829 illio
270 1771 418 1846 omissum,
429 1771 475 1831 bio
485 1770 639 1852 supplevit,
653 1770 720 1832 dum
739 1770 846 1833 luctum
854 1761 919 1874 {⁶¹2

98 1864 157 1943 ejus
179 1875 319 1922 memorat.
330 1865 403 1922 llam
421 1862 456 1923 de
469 1878 555 1948 morte
571 1863 705 1926 disserens
716 1862 844 1927 dicebat:
858 1855 919 1945 1111

99 1959 280 2016 Potestatem
290 1959 385 2016 babeo
397 1959 528 2038 ponendi
539 1961 674 2018 ammam
688 1979 785 2018 meam
796 1982 807 2016 r
818 1972 846 2019 et
854 1951 916 2058 ἔω

99 2044 168 2104 nibil
174 2046 311 2124 abjectum
321 2044 360 2104 ibi
371 2044 501 2124 loquitur.
511 2044 576 2105 ldeo
585 2059 675 2106 autem
685 2045 713 2106 in
723 2047 848 2133 passione
855 2045 916 2122 ᾗ,

99 2137 185 2196 multa
195 2137 238 2196 illi
251 2137 370 2201 bumana
380 2137 553 2214 adscribunt,
567 2136 632 2199 binc
642 2139 848 2221 comprobantes
860 2139 896 2190 ¹⁸·

98 2251 190 2290 veram
201 2230 411 2290 incarnationem
425 2251 490 2290 esse.
497 2230 646 2292 Matthaeus
656 2231 693 2292 ab
704 2231 817 2313 agonia,
831 2249 920 2297 atace

102 2323 313 2405 perturbatione,
328 2322 468 2400 asudore3
482 2323 552 2386 bioa
566 2323 643 2385 luctu
656 2323 688 2386 id
700 2323 804 2386 suadet·
817 2325 847 2388 si
857 2313 897 2373 ll·

100 2416 173 2475 enim
184 2430 280 2476 nostrae
291 2437 343 2476 non
353 2416 448 2476 luisaet
458 2431 575 2494 naturam,
585 2438 663 2478 nona
677 2417 849 2481 lnotu'aemel

101 2522 126 2568 et
145 2509 245 2569 iterum
258 2521 398 2591 correptus
412 2509 516 2569 finisset.
533 2509 608 2583 Quid
626 2530 690 2572 vero
711 2510 849 2574 lesuslb

101 2602 261 2662 criminibus
274 2624 326 2662 non
344 2623 371 2661 se
389 2601 508 2662 defendit
520 2626 528 2661 ε
540 2602 607 2683 quid
624 2602 696 2663 enim
710 2625 780 2687 opus
793 2617 850 2669 erat
882 2651 887 2659 ,

102 2695 192 2754 uerbis
207 2695 402 2754 confutareeos
412 2694 458 2774 qui
474 2716 540 2754 naor
552 2694 681 2778 operibus
691 2704 767 2757 erant
785 2717 849 2758 con·

102 2786 227 2846 lutnndi?
241 2788 268 2847 id
284 2786 359 2866 quod
374 2786 464 2846 minus
479 2786 622 2848 molestum
637 2801 710 2866 erat,
725 2802 752 2849 et
764 2788 852 2869 magis

64 2894 83 2941 E
103 2892 208 2959 poterat
229 2880 290 2938 illos
300 2878 469 2960 pudelaoere.
482 2880 530 2939 39.
541 2879 598 2939 Ait
608 2894 729 2940 autem:
745 2882 852 2941 Tollite

105 2972 241 3050 lapidem.
260 2971 317 3029 Cur
328 2991 379 3029 non
394 2967 489 3029 absens
503 2969 611 3030 vocavit
626 2984 652 3031 et
674 2991 784 3052 surgere
791 2973 851 3053 jus·

104 3063 160 3122 sit?
173 3063 241 3136 imo,
253 3084 302 3121 cur
313 3084 364 3122 non
378 3061 469 3122 adbue
482 3062 650 3144 superposito
664 3061 755 3145 lapide
763 3062 853 3124 susci·

105 3154 192 3214 tavit?
214 3156 284 3214 Nam
310 3155 357 3233 qui
380 3168 484 3236 poterat
507 3177 606 3237 oorpus
626 3169 764 3217 mortuum
786 3168 920 3218 vooeloaa

105 3268 214 3307 movere
226 3261 252 3306 et
263 3247 412 3306 animatum
423 3245 578 3325 ostendere,
590 3247 676 3309 multo
689 3225 921 3329 111111111111113·4

106 3339 225 3421 lapidem
239 3339 393 3399 removisset
406 3339 470 3417 :qui
478 3339 599 3400 vinctum
610 3339 714 3412 fasciis,
726 3354 752 3401 et
765 3340 851 3423 impe·

104 3431 213 3507 ditum,
227 3453 294 3492 voce
309 3446 339 3491 ut
360 3431 513 3493 ambularet
530 3431 636 3506 effecit,
650 3432 854 3514 lougelaeiliut

105 3527 223 3607 lapidem
235 3526 399 3586 removisset.
411 3524 489 3598 Quid
499 3525 584 3585 dico?
595 3525 688 3585 Etiam
695 3525 793 3587 absens
801 3526 853 3588 boe

59 3586 191 3689 ³illucere
204 3618 300 3700 potuit.
315 3618 447 3697 Cur'ergo
462 3638 515 3677 non
529 3617 613 3678 lecit?
629 3619 668 3678 Ut
685 3617 758 3699 ipsos
771 3617 854 3678 mira·

105 3712 160 3771 culi
177 3724 255 3770 testes
266 3711 378 3785 laceret,
392 3731 425 3769 ue
439 3709 559 3791 idipsum
569 3710 689 3770 dicerent
698 3708 771 3789 quod
781 3710 854 3770 cirea

105 3825 205 3864 caectrm
216 3827 222 3860 :
235 3807 294 3862 Hie
311 3815 369 3874 est,
385 3824 438 3861 non
456 3816 496 3861 est
509 3801 563 3861 bic.
583 3803 651 3883 lpsae
669 3823 784 3882 namque
797 3819 921 3863 ma-Joaa

106 3919 169 3971 nus,
188 3910 214 3955 et
233 3894 306 3975 quod
328 3895 443 3955 uenisset
456 3893 493 3953 ad
507 3893 679 3975 sepulcrum,
702 3894 853 3955 testimonio
862 3894 886 3942 9·

105 4003 179 4050 erant
191 3988 315 4047 eumdem
326 3986 415 4067 ipsum
424 4004 487 4045 etse.
497 3985 617 4057 Quaresi
630 4007 683 4045 non
691 3984 853 4046 eoadreuis·

105 4098 172 4158 sent,
187 4082 306 4164 putaturi
317 4094 392 4141 erant
404 4095 450 4140 aut
460 4081 620 4162 phantasma
631 4102 701 4158 esse,
712 4081 853 4142 eutalium

105 4193 131 4237 et
153 4197 206 4235 non
233 4175 312 4234 illum
332 4194 390 4231 esse
409 4193 490 4250 quem
506 4171 644 4233 videbant.
665 4174 744 4233 Nunc
762 4188 853 4236 autem

106 4291 167 4328 cum
181 4268 216 4326 ad
229 4266 383 4347 sepulcrum
400 4263 535 4338 venerint,
545 4262 665 4345 lapidem
679 4268 853 4346 removerint,

104 4361 227 4442 jussique
238 4358 352 4437 ligatum
362 4377 378 4415 a
390 4353 508 4415 vinculis
521 4354 700 4432 solverint,et
710 4355 794 4418 11111111
805 4360 853 4439 qui

105 4477 140 4514 en
159 4451 282 4533 sepulcro
300 4448 459 4524 retulerant,
475 4468 511 4506 ex
524 4447 619 4528 pannis
634 4448 713 4509 illum
733 4469 852 4531 agnove-

106 4548 175 4619 rint,
193 4541 265 4623 quo'd
283 4561 385 4611 sorores
399 4560 452 4598 uon
466 4539 659 4620 abscesserint,
675 4541 749 4622 quod
768 4544 852 4606 altera

107 4638 223 4711 dixerit,
248 4636 425 4716 Jamsoetet,
452 4633 668 4714 quatriduanus
694 4639 773 4695 enim
792 4650 852 4709 est,·

70 4742 87 4786 n
105 4733 163 4813 jam
185 4730 243 4787 haec
266 4725 356 4785 omnia
381 4723 490 4783 abunde
509 4738 631 4805 poterant
644 4722 782 4809 imprdbcs
801 4728 854 4812 ipsi

110 4821 232 4884 miraculi
257 4833 335 4879 testes
362 4816 499 4877 cohibere.
525 4815 590 4878 Ideo
607 4819 733 4902 praecipit
750 4820 806 4881 illu
824 4836 854 4882 ut

122 5052 130 5073 ⁸
149 5043 199 5104 [rai
214 5045 255 5093 τοῦ
267 5046 353 5108 τρόμου
365 5041 402 5087 aad
411 5040 451 5087 τοῦ
462 5036 555 5103 ἱδρῶτος
566 5029 695 5098 Seruilius]
913 5099 915 5104 λ

123 5136 133 5160 ³
152 5118 198 5170 alii
208 5123 411 5187 ἐσπαργανωμένον
422 5117 525 5175 ἱξελθιῖν,
536 5118 574 5165 καὶ
585 5119 612 5164 τὸ
624 5118 698 5178 ὶπιτρ·
712 5115 748 5163 lb.
762 5114 854 5179 ltdqu·

91 5225 126 5254 νον
139 5207 176 5252 arti
188 5210 223 5252 td·
