3750 5940
287 393 321 440 in
351 395 450 444 tisun
476 395 675 456 nvtuuntu,
704 395 795 456 Quot>
822 395 1005 459 ninantur,
1031 396 1107 443 arc.
1407 374 1477 468 827

64 515 242 589 ποιησάντων,
252 515 269 586 ἢ
280 523 327 575 τοῦ
343 518 421 599 λόγου
432 518 480 591 τὴν
492 523 544 578 τῶν
557 516 682 599 γραμμαί·
736 530 789 575 tcm
802 517 953 577 invenerit?
964 519 1037 576 Nom
1047 517 1129 577 litera·
1141 518 1478 581 verbumtecerunrtvaz

51 621 74 670 p
85 595 272 677 έφευρηκάτυς;
290 596 337 669 ut
347 596 381 657 τά
391 599 537 679 γράμματα
548 599 591 658 τὸν
606 599 682 677 λόγον
735 597 802 655 bum
811 617 855 656 seu
864 597 933 657 ratic
941 597 1080 657 literarum
1087 610 1211 656 naturam
1219 599 1329 659 invenit.
1341 604 1380 657 Ae
1389 620 1480 678 quiem·

69 675 103 736 ‘0
117 675 193 752 λόγος
206 677 289 755 τῶνγ
324 676 438 755 μμάτων
455 677 592 758 τὴνφύσιν
609 667 682 758 εὗρε·
735 674 883 736 admodum
909 698 961 737 non
985 691 1056 736 artes
1084 677 1231 736 materiam
1247 692 1412 759 gennemnt,
1433 679 1479 737 sed

51 756 120 835 κούχ
133 754 293 834 αίτέχναιτ
312 757 400 824 ςίιλοις
412 757 564 836 ἐγέννησαν,
581 759 639 816 ἀλλ’
656 759 683 814 αί
737 756 848 816 materia
869 757 975 816 artibus
996 757 1159 816 occasionem
1181 756 1256 817 dedit
1276 782 1282 815 :
1307 759 1346 818 sie
1367 778 1420 817 non
1443 760 1479 818 li-

54 835 159 914 τέχναις
178 834 299 914 ἀφορμάς
312 834 484 916 ἐχαρίσαντο·
505 835 588 904 οὕτως
602 834 684 896 αὐτὰ
736 849 798 895 terae
815 836 929 896 verbum
950 838 1077 910 fecerunt,
1090 836 1138 896 sed
1162 838 1275 897 verbum
1295 858 1341 896 sen
1358 838 1427 896 ratio
1440 839 1478 897 li-

51 939 62 972 ι
84 902 128 972 τδν
152 914 229 992 λόγον
255 914 390 990 ἐποίησεν,
416 919 472 976 ἀλλ’
497 922 511 976 ό
534 916 609 998 λόγος
631 921 683 974 τῶν
736 928 854 974 terarum
875 917 1014 975 scientiam
1038 916 1148 976 invenit.
1161 919 1221 977 Non
1237 919 1341 1009 priores
1359 931 1421 975 sunt
1441 918 1480 976 li-

51 1019 80 1052 υν
104 993 153 1065 τὴν
173 994 323 1072 ἐπιστήμην
352 988 434 1075 εὗρεν.
460 999 501 1056 Οὐ
529 999 623 1075 πρῶτα
651 995 684 1051 τά
736 1009 809 1068 terae,
822 1009 848 1053 ct
862 997 994 1075 posterius
1003 995 1192 1070 verbum3sed
1204 1018 1281 1089 prius
1298 1011 1337 1057 est
1357 998 1481 1073 verbum,

51 1098 76 1147 ι,
99 1075 144 1131 καί
169 1072 285 1152 δεύτερος
303 1079 317 1134 θ
336 1076 428 1155 λόγος,
454 1075 522 1135 ἀλλά
545 1081 649 1155 πρῶτος
672 1079 686 1132 ὁ
738 1087 763 1133 et
776 1075 811 1134 ab
821 1075 966 1136 illolitcrae.
976 1076 1133 1136 Praeccdunt
1146 1098 1234 1135 omnia
1247 1078 1400 1155 quaeaDco
1414 1077 1481 1136 tincta
1549 1085 1551 1088 ’

51 1153 63 1212 l
75 1158 160 1211 ταῦτα
174 1153 222 1212 ἀπ’
237 1151 344 1213 ἐκείνου.
356 1157 539 1236 1*Προηγεῖται
553 1154 640 1213 πάντα
652 1153 685 1211 et
738 1169 810 1231 sunt,
819 1169 845 1214 et
898 1169 922 1214 st
934 1169 1046 1234 sequuta
1060 1169 1122 1214 sunt
1141 1178 1180 1229 ca,
1195 1179 1255 1234 qna
1274 1179 1289 1215 a
1308 1157 1418 1216 scicntia
1429 1178 1481 1237 pa-

51 1242 53 1286 i
71 1236 156 1305 Θεοῦ,
172 1233 217 1291 καί
230 1233 290 1293 τότε
309 1233 401 1294 ἕπεται
415 1234 448 1295 τά
466 1238 514 1304 τῆς
528 1234 685 1311 ἐπιστήμης.
739 1248 841 1294 rantur.
852 1176 912 1293 Πόνε
923 1235 1018 1295 oculus
1028 1235 1083 1310 illa,
1092 1257 1152 1313 qnae
1170 1235 1305 1311 videntur,
1322 1237 1419 1311 effecit,
1436 1236 1482 1296 scd

51 1312 170 1392 ,επόμενα
183 1313 314 1392 δφθσλμδς
325 1312 457 1387 ἐποίησεν,
476 1316 534 1375 ἀλλ’
555 1314 687 1395 ὀφθαλμὸς
739 1314 834 1373 oculus
847 1313 999 1374 visibilium
1021 1330 1144 1375 naturam
1163 1314 1329 1395 dijudicavit
1344 1339 1350 1372 :
1365 1337 1419 1375 non
1437 1337 1483 1374 ar·

51 1392 120 1450 ένων
135 1391 270 1472 τὴνφύσιν
283 1391 424 1475 διέκρινεν·
438 1396 489 1474 οὐχ
500 1397 528 1453 σί
539 1392 630 1474 τέχναι
641 1394 688 1460 τὰς
707 1415 725 1458 n
739 1408 779 1453 tes
795 1414 891 1454 manus
911 1391 1051 1471 dederunt,
1061 1394 1108 1454 scd
1119 1416 1214 1454 manus
1224 1409 1294 1454 artes
1307 1419 1313 1452 ι
1325 1415 1378 1454 uon
1389 1418 1484 1454 cursus

51 1496 129 1545 ωκαν,
145 1475 203 1532 ἀλλ’
221 1474 249 1530 nl
261 1483 348 1554 χεῖρες
361 1471 409 1542 τὰς
423 1475 518 1554 τέχνας
530 1473 688 1546 ιιἀποιιίσσν·
740 1472 821 1555 pedes
835 1473 934 1547 effecit,
948 1475 995 1533 scd
1017 1473 1100 1555 pedes
1122 1496 1217 1534 cursus
1239 1488 1364 1534 naturam
1380 1475 1483 1533 docue-

51 1589 52 1599 ι
66 1551 160 1631 δρόμος
170 1552 253 1620 πόδας
264 1552 423 1633 εἰργάσατο,
440 1556 498 1613 ἀλλ’
515 1556 539 1614 ol
552 1554 630 1620 πόδες
645 1560 689 1613 τοῦ
741 1568 812 1615 runt.
823 1556 869 1615 Sic
879 1574 931 1613 non
944 1554 1028 1613 literae
1043 1555 1158 1614 verbum
1170 1553 1294 1626 docuere,
1309 1555 1357 1613 sed
1370 1554 1484 1613 verbnm

51 1629 83 1701 ὴν
95 1631 172 1710 φύσιν
187 1629 295 1698 ἔδειξαν.
308 1630 401 1699 Οὕτως
415 1636 444 1692 οὖ
458 1633 690 1715 γράμματαλόγον
741 1635 880 1694 literarum
904 1633 1042 1695 seientiam
1065 1635 1177 1693 invenit.
1201 1634 1257 1693 Cur
1281 1655 1344 1713 ergo
1364 1634 1485 1713 exquiris

51 1713 99 1770 ίλλ’
113 1715 127 1769 θ
139 1711 214 1790 λόγος
228 1715 280 1769 τῶν
296 1735 313 1789 γ
332 1712 462 1790 αμμάτων
477 1711 525 1784 τὴν
540 1713 688 1790 ἐπιστήμην
741 1713 883 1774 secirndaa
918 1713 1019 1773 riorum
1038 1714 1130 1773 sonte?
1140 1716 1254 1772 Literas
1271 1717 1336 1784 scit,
1349 1734 1416 1773 cum
1426 1735 1485 1772 non

51 1789 86 1848 nt
97 1791 123 1848 τί
137 1780 182 1847 οὖν
195 1793 282 1862 ζητεῖς
293 1734 329 1850 τά
340 1792 448 1871 δεύτερα
458 1792 531 1873 παρὰ
542 1798 589 1864 τῆς
603 1798 690 1872 πηγῆς
742 1796 886 1853 didicerit.
897 1736 959 1853 iton
973 1793 1080 1853 miraris
1096 1793 1170 1885 quod
1191 1807 1311 1853 mortuos
1331 1793 1448 1865 suscitet,
1460 1809 1486 1852 et

51 1893 118 1942 των;
137 1868 202 1928 Ὅτι
215 1869 361 1951 γράμματα
383 1862 436 1931 οἶδε
459 1870 496 1949 μὴ
519 1873 690 1950 μεμαθηκώς.
742 1873 908 1954 obstupescis
920 1872 995 1953 quod
1011 1874 1076 1933 sciat
1093 1873 1192 1949 literas,
1209 1894 1271 1932 eum
1285 1893 1337 1932 non
1350 1871 1485 1942 didicerit,

51 1949 132 2020 ιίζεις,
145 1949 186 2009 δτι
196 1949 301 2031 νεκροὺς
314 1950 425 2031 ἐγείρει,
440 1950 485 2010 καί
499 1950 691 2031 έκπλήττη,τὸ
743 1974 802 2044 quae
818 1973 861 2013 res
882 1974 918 2013 ex
940 1966 1036 2013 natura
1056 1954 1116 2012 lieri
1132 1953 1237 2034 potest?
1249 1956 1319 2013 Nam
1340 1952 1386 2030 qui
1403 1952 1487 2044 primi

51 2030 87 2108 ρά
111 2053 183 2106 ματα
206 2029 243 2106 μὴ
259 2030 451 2106 μεμαθηκότα,
471 2030 640 2111 ἐνδεχόμενον
657 2036 690 2110 τῇ
743 2032 834 2093 literas
848 2033 1008 2094 invenerunt
1021 2033 1118 2093 nouab
1134 2032 1195 2092 aliis
1204 2031 1324 2091 didicere
1330 2055 1338 2108 ;
1354 2046 1381 2090 et
1391 2032 1487 2091 litera-

51 2053 119 2187 [γάρ
129 2113 229 2188 πρόεισι
239 2108 300 2187 τάγ
317 2110 429 2188 άμμοιτα
441 2110 574 2193 εὑρόντες,
584 2113 614 2171 οὐ
627 2111 691 2212 παρ’
743 2134 805 2171 rum
824 2113 992 2190 inventores,
1009 2128 1083 2172 erant
1107 2112 1227 2171 homines
1238 2135 1244 2168 :
1256 2126 1376 2170 mortuos
1397 2127 1488 2171 autem

51 2187 151 2255 κθόντες
172 2178 255 2267 sipon,
269 2133 316 2248 xci
329 2194 353 2249 oi
374 2190 477 2270 εὑρεταὶ
489 2195 542 2250 τῶν
564 2214 690 2271 γραμμα-
744 2191 883 2265 suscitare,
893 2193 921 2253 id
932 2207 1003 2252 certe
1013 2192 1153 2251 homiuum
1163 2206 1286 2251 naturam
1298 2205 1413 2282 superat.
1425 2194 1489 2250 uta-

51 2291 132 2367 ρωποι
153 2259 235 2338 ἦσαν·
249 2267 280 2327 τὸ
301 2268 328 2329 δὲ
342 2267 447 2352 νεκροὺς
471 2273 590 2350 ἀγεῑραι,
613 2274 690 2349 ίιπερ·
745 2292 797 2362 gna
818 2271 944 2352 negligis,
959 2286 985 2331 et
1007 2272 1119 2330 minima
1139 2271 1245 2331 curiose
1262 2271 1397 2349 inquiris?
1418 2271 1489 2329 Fons

51 2369 103 2405 ισιν
126 2345 280 2426 ἀνθρώπων.
298 2348 341 2408 Τδι
365 2349 469 2428 μεγάλα
490 2359 625 2432 παρορᾷς,
649 2349 694 2407 καί
746 2351 830 2429 igitur
845 2354 932 2412 omnis
949 2352 1065 2411 seientia
1079 2365 1105 2411 et
1117 2350 1277 2430 cognitionis
1288 2350 1464 2409 estChristus'
1481 2376 1486 2406 :

51 2426 121 2505 ιικρδι
132 2426 291 2507 ἀκριόολογῇ
301 2453 308 2500 ;
320 2428 400 2506 Πηγή
411 2429 494 2488 τοίνυν
505 2429 593 2502 πάσης
603 2428 695 2510 σοφίας
746 2431 816 2490 nihil
835 2431 888 2511 ipsi
903 2445 943 2491 est
962 2431 1109 2490 oecultum.
1125 2429 1252 2491 (lunium
1268 2429 1315 2508 qui
1336 2451 1369 2510 pe
1394 2430 1490 2488 inven-

54 2505 201 2605 ςγνώσεως
214 2511 228 2566 θ
242 2506 370 2588 Χριστός·
386 2507 458 2567 οὐδὲν
471 2510 547 2568 αὐτὸν
564 2511 694 2569 λανθάνει.
748 2525 791 2571 tor
818 2524 858 2569 est
865 2534 874 2588 3
898 2511 1065 2574 inventorem
1084 2510 1162 2586 dieo,
1184 2530 1237 2568 non
1260 2451 1334 2588 quod
1359 2509 1429 2568 alius
1452 2511 1491 2567 sc-

51 2608 104 2664 γαρ
125 2590 195 2646 ἐστιν
210 2589 237 2645 είι
257 2586 332 2660 eric,
352 2586 467 2667 εὑρετὴς,
481 2588 565 2668 λέγω,
588 2592 637 2669 οὐχ
660 2592 696 2654 ὡς
714 2613 732 2658 f.
749 2591 832 2667 cerit,
857 2590 944 2650 ethic
959 2591 1134 2671 excogitarit3
1164 2587 1211 2648 sed
1228 2586 1301 2668 qnod
1321 2588 1380 2668 ipse
1401 2603 1426 2648 et
1445 2611 1491 2647 sa-

53 2663 192 2736 ιήσαντος,
208 2608 254 2725 xei
266 2666 357 2726 τούτου
374 2667 571 2740 ἐπινοήσαντας·
587 2668 697 2729 ἀλλ’ὅτι
749 2670 857 2753 pientiae
879 2685 972 2730 auctor
995 2671 1048 2744 sit,
1070 2683 1097 2728 et
1122 2669 1246 2727 inventor
1270 2689 1363 2726 eorum
1382 2690 1441 2746 quae
1465 2669 1492 2726 in

51 2743 60 2802 l
76 2744 191 2817 ποιητὴς
210 2749 258 2815 τῆς
278 2745 385 2827 σοφίας,
406 2747 451 2806 καί
464 2749 571 2829 εὑρετὴς
586 2753 638 2807 τῶν
653 2748 697 2807 inl
749 2749 878 2832 sapientia
893 2749 1071 2831 speculamur.
1088 2747 1165 2806 Nihil
1176 2768 1239 2807 eum
1252 2747 1322 2825 sugit
1339 2748 1493 2826 preterito-

51 2848 80 2889 ας
93 2825 286 2904 θεωρουμένων.
301 2825 385 2885 Οὐδὲν
400 2826 478 2886 αὐτὸν
488 2832 541 2887 τῶν
554 2829 696 2908 παρελθόν·
750 2849 833 2900 rum,
851 2830 1021 2911 praesentium
1045 2841 1071 2888 et
1087 2828 1241 2886 futurorum
1261 2849 1268 2882 ι
1288 2848 1350 2885 nam
1375 2828 1435 2886 sous
1455 2840 1494 2885 est

51 2904 73 2963 lv
86 2905 163 2964 αὐτὸν
174 2908 227 2963 τῶν
242 2904 388 2987 παρόντων,
398 2906 471 2966 οὐδὲν
482 2912 535 2966 τῶν
550 2905 698 2986 μελλόντων
750 2908 879 2968 omnium.

60 3007 66 3018 ·
81 2984 155 3061 πηγὴ
169 2985 221 3065 γάρ
235 2986 291 3044 ἐστι
302 2990 354 3044 τῶν
366 2986 499 3046 ἁπάντων.

51 3063 110 3137 ίνυν,
133 3063 211 3143 φησίν
231 3066 389 3146 θαίρετικὸς
411 3067 572 3139 (ἀνακόπτει
599 3068 651 3150 γάρ
673 3072 700 3128 ἐν
792 3071 821 3126 θ.
845 3067 875 3128 Si
887 3086 963 3147 ergo,
978 3065 1066 3145 inquit
1086 3063 1353 3138 haereticus(ziaania
1374 3063 1445 3122 enim
1468 3085 1496 3121 sc

59 3143 184 3216 ζιζάνια),
198 3145 221 3202 εἰ
241 3144 325 3203 τοίνυν
339 3145 412 3225 πηγὴ
424 3149 471 3215 τῆς
487 3147 579 3228 σοφίας
588 3148 644 3208 ἐστί
657 3151 701 3208 καί
753 3148 956 3206 indumentum
971 3145 1125 3225 ingerunt),
1141 3144 1163 3203 si
1180 3164 1244 3223 ergo
1256 3145 1316 3203 fons
1327 3143 1462 3224 sapientiae
1471 3159 1497 3201 ct

51 3247 105 3289 stus
115 3269 122 3296 ,
134 3228 190 3290 πῶς
203 3226 265 3305 περί
274 3229 320 3295 τῆς
332 3226 434 3303 ἡμέρας
444 3227 560 3299 ἐκείνης,
573 3228 700 3300 τουτίστι,
711 3227 870 3288 conscientie
879 3240 930 3303 est,
942 3224 1076 3305 quomodo
1087 3224 1122 3283 de
1134 3223 1180 3283 die
1188 3224 1246 3296 illa,
1260 3244 1356 3305 nempe
1368 3244 1496 3282 consum-

51 3301 153 3371 Ιελείας,
175 3304 202 3361 ἐν
221 3295 238 3382 ᾔ
257 3304 400 3370 ἀνάστασις
413 3309 465 3363 τῶν
486 3311 595 3385 νεκρῶν,
618 3308 663 3366 καὶ
683 3314 700 3380 ἡ
722 3306 890 3384 AmationlS,
903 3306 931 3365 in
944 3327 997 3383 qua
1006 3304 1164 3365 resurrectio
1173 3316 1351 3377 mortuorum,
1364 3318 1390 3362 et
1398 3301 1498 3362 adven·

51 3389 119 3440 ιτοῧ
133 3384 273 3463 Σωτῆρος,
287 3382 426 3463 λέγει,ἀτι
440 3386 534 3452 Οὐδείς
552 3377 630 3459 οἶδεν,
643 3388 701 3446 οὔτε
753 3401 799 3446 tus
813 3385 974 3459 Servalods,
988 3384 1055 3444 dicit
1069 3407 1075 3441 :
1090 3386 1184 3443 Nemo
1206 3386 1301 3455 novit,
1330 3405 1366 3441 ne
1387 3404 1423 3441 tte
1445 3397 1587 3442 nrt-,itant
1612 3397 1649 3451 rt.

51 3485 86 3533 υι,
105 3459 165 3520 οὔτε
179 3467 193 3520 ό
207 3463 285 3535 Υἱὸς,
302 3464 324 3523 εί
339 3462 376 3542 μὴ
388 3469 402 3523 θ
412 3464 526 3545 Πατήρς
539 3466 603 3532 Πῶς
616 3466 701 3526 τοίνυν
752 3466 821 3547 geli,
833 3486 919 3558 neque
941 3463 1039 3541 Filius,
1055 3467 1111 3523 nisi
1134 3467 1240 3522 Pater?
1255 3405 1398 3535 Quomodo
1416 3462 1499 3542 igitur
1510 3459 1548 3508 35.

69 3540 124 3614 ίας,
138 3544 161 3599 εί
175 3542 263 3622 ἀγνοεῖ
280 3543 311 3602 τὸ
324 3542 419 3620 μέλλον
428 3568 435 3617 3
445 3543 518 3625 Ἐγὼ
534 3544 562 3604 δέ
576 3568 605 3604 σε
622 3545 702 3618 idoc-
754 3547 814 3606 fons
825 3543 961 3627 sapientiae
980 3557 1030 3621 est,
1044 3545 1066 3605 si
1077 3545 1200 3603 futurum
1219 3541 1345 3622 ignorat?
1360 3542 1420 3622 Ego
1438 3564 1501 3601 sanc

51 3564 69 3693 δ
82 3618 247 3700 κακοτέχνως
261 3623 381 3704 στρέφειν
394 3624 438 3683 τδν
448 3624 535 3704 λόγον,
546 3623 613 3702 μηδὲ
627 3650 703 3702 περι·
755 3625 853 3687 vellem
863 3638 890 3685 te
898 3646 951 3684 nou
963 3623 1155 3706 cumimproba
1166 3636 1223 3682 arte
1232 3644 1380 3683 sermonem
1390 3636 1502 3696 vertere,

71 3701 155 3778 λόγων
179 3703 317 3775 εἰλεῑσθαι,
341 3701 410 3762 ἀλλά
430 3701 479 3775 τὴν
501 3703 628 3777 εὐθύτητα
651 3711 703 3765 τῶν
757 3727 844 3784 neque
856 3704 1003 3768 verborum
1024 3703 1193 3764 circuitiones
1212 3702 1368 3777 revolvere,
1389 3701 1436 3760 sed
1451 3701 1503 3759 do-

51 3779 218 3862 inciperunt.
240 3780 292 3841 Διά
306 3781 332 3840 τί
350 3781 451 3861 λέγεις,
469 3787 491 3843 εἰ
508 3784 582 3865 πηγὴ
596 3787 644 3855 τῆς
659 3807 705 3843 σο-
758 3800 880 3866 gmatum
896 3784 1075 3845 sinceritatem
1095 3784 1201 3842 afferre.
1219 3782 1275 3841 Cur
1291 3780 1361 3841 dicis
1378 3805 1384 3837 ι
1399 3782 1429 3840 Si
1443 3782 1503 3839 lons

51 3885 54 3917 ι
68 3859 198 3939 θησαυρός
211 3863 283 3933 ἐστι,
297 3866 354 3929 πῶς
368 3866 464 3941 ἀγνοεῖ,
479 3854 566 3936 Οἶδα,
583 3864 625 3925 ὅτι
640 3866 706 3944 βαθὺ
757 3880 784 3924 et
794 3864 935 3924 thesaurus
945 3863 1082 3944 sapientia
1097 3875 1146 3937 est,
1156 3859 1291 3940 quomodo
1303 3861 1430 3940 ignorat?
1440 3860 1503 3918 Seio

62 3984 70 4012 ,
90 3939 160 4012 πλὴν
183 3943 218 4007 είς
231 3940 265 3998 sd
277 3939 394 4019 σύντομα
408 3941 514 4020 ἥξομεν.
530 3947 577 4003 Δεῖ
591 3943 625 4023 γά
654 3968 706 4003 κα·
758 3943 920 4025 profundam
943 3961 1000 4002 esse
1024 3942 1182 4000 sententiam
1200 3965 1208 4000 z
1224 3960 1320 3999 verum
1345 3937 1503 4020 compendio

51 4019 145 4089 ἰζεσθοιι
158 4021 187 4078 οὐ
203 4026 251 4091 τῆς
265 4021 400 4099 δυνάμεως
413 4021 563 4103 τοῦλόγου,
579 3966 648 4084 dlii
660 4029 708 4095 τῆς
759 4021 939 4083 studebimus.
957 4023 1071 4102 Oportet
1084 4020 1156 4079 enim
1169 4040 1222 4081 non
1237 4020 1295 4080 vitu
1308 4019 1448 4094 sermonis,
1457 4018 1504 4077 scd

51 4122 71 4165 ις
93 4103 145 4158 τῶν
170 4098 328 4160 ἀκουόντων.
350 4102 425 4174 Φησὶ
449 4100 501 4182 γάρ
524 4106 538 4161 θ
564 4103 709 4171 ἀπόστολος
759 4102 916 4163 auditorum
928 4113 1038 4182 captum
1053 4097 1224 4194 perpendere.
1238 4099 1284 4157 nit
1301 4099 1374 4158 enim
1395 4111 1502 4179 aposto·

51 4183 57 4234 ί
72 4179 201 4257 Χριστοῦ·
215 4180 262 4252 όδη
281 4179 379 4257 οόμεθα
393 4183 440 4247 Et<
455 4179 596 4262 ἐπίγνωσιν
609 4207 709 4261 μυστη-
761 4185 804 4243 lus
819 4206 826 4239 :
842 4180 977 4242 Ducimur
990 4183 1028 4238 In
1039 4183 1219 4259 agnitionem
1228 4183 1435 4253 mysteriorum
1446 4178 1504 4237 Dei
1516 4195 1566 4240 cot.
1581 4208 1603 4237 ε.
1617 4207 1639 4238 2.

51 4259 199 4338 οῦΠατρδς
213 4259 259 4318 καί
298 4267 401 4339 ριστοῦ,
415 4263 443 4319 ἀν
462 4250 594 4340 ᾧπάντες
614 4266 638 4322 ol
659 4267 709 4335 θη·
762 4266 863 4323 Patris
879 4272 907 4320 et
922 4263 1043 4331 Christi,
1059 4264 1091 4317 in
1109 4270 1246 4339 qreosunt
1260 4277 1359 4316 omnes
1373 4258 1539 4317 thesauri&

51 4340 97 4408 τῆς
116 4337 209 4418 σοφίας
231 4338 277 4396 καί
298 4344 346 4410 τῆς
358 4338 479 4418 γνώσεως
499 4342 654 4449 ἀπόκρυφοι.
678 4343 711 4402 Εἰ
762 4344 913 4421 sapientiae
935 4353 964 4400 et
981 4342 1110 4400 seientiae
1127 4337 1300 4396 absconditi.
1317 4336 1347 4396 Si
1370 4337 1460 4396 omnia
1477 4336 1506 4396 iu

51 4440 65 4473 ν
85 4420 170 4497 αὐτῷ,
185 4417 259 4477 οὐδὲν
272 4421 350 4480 αὐτὸν
364 4420 497 4481 λανθάνει.
513 4421 550 4482 Τί
561 4446 616 4497 ουν,
630 4423 711 4502 φησί,
762 4422 834 4502 ipso,
846 4419 916 4480 nihil
930 4418 983 4501 ipsi
998 4418 1135 4477 occultum
1152 4428 1199 4475 est.
1214 4414 1288 4488 Quid
1299 4437 1363 4496 ergo
1375 4416 1455 4491 dieis,
1470 4416 1507 4476 in-

51 4496 210 4576 νάπόφασιν
229 4504 276 4556 τοῦ
297 4499 378 4570 Σωτῆ
396 4523 441 4573 ος,
459 4499 500 4559 ότι
524 4503 618 4570 Οὐδεὶς
633 4491 712 4574 οἶδεν,
762 4502 852 4580 quies,
864 4499 899 4559 ad
912 4497 1110 4580 responsionem
1125 4495 1289 4572 Servatoris,
1306 4499 1401 4556 Nemo
1414 4502 1506 4567 novit,

51 4575 109 4650 ίδς,
126 4576 198 4654 εἰμὴ
211 4581 225 4635 θ
241 4577 353 4661 Πατήρ,
364 4524 550 4659 ’lpoetatct
565 4583 694 4664 αίριτικδς
703 4627 711 4655 ,
731 4597 747 4642 e
763 4602 848 4659 neque
856 4578 953 4653 Filius,
969 4580 1026 4637 nisi
1036 4576 1339 4667 Pateriluterrogetur
1349 4575 1507 4635 haereticus:

51 4658 107 4727 ξων,
127 4662 145 4727 ἡ
162 4655 266 4756 ἡμέρα,
280 4655 298 4728 ἢ
312 4663 327 4717 ὁ
340 4659 453 4739 Πατίρς
472 4664 486 4718 ό
509 4661 646 4740 γινώσκων
668 4662 712 4720 τὸν
764 4659 833 4733 Quis
845 4660 942 4751 major,
953 4656 1023 4730 dies,
1035 4677 1070 4717 an
1081 4655 1181 4716 Pater?
1194 4676 1228 4714 an
1244 4677 1290 4733 qur
1305 4655 1381 4716 novit
1393 4658 1510 4727 Patrem,

55 4781 63 4808 ‚
84 4738 113 4794 οὐ
129 4759 254 4813 γινωσκει
274 4736 322 4809 τὴν
344 4736 463 4818 ἡμέρανς
477 4741 572 4809 Οὐδείς
591 4733 645 4801 οἶδε
670 4741 714 4800 τὸν
765 4760 818 4801 non
832 4752 909 4799 novit
921 4738 1013 4797 diem?
1029 4739 1123 4795 Nemo
1141 4740 1222 4794 novit
1234 4738 1367 4808 Patrem,
1386 4739 1443 4794 nisi
1453 4737 1509 4794 Fi·
1526 4749 1655 4797 stantun.

52 4858 60 4886 ‚
80 4815 103 4873 el
126 4813 193 4892 μὴὸ
213 4815 284 4884 Υἱός.
305 4818 360 4878 Τδν
375 4819 486 4901 Πατέρα
500 4809 545 4879 cdv
567 4812 642 4899 alpe,
666 4821 714 4892 τὴν
766 4820 834 4878 lito.
851 4820 958 4878 Patrem
982 4836 1046 4897 ergo
1062 4816 1149 4891 novit,
1161 4815 1262 4874 sontem
1279 4813 1439 4895 cognitionis
1461 4834 1511 4873 no·
1524 4828 1562 4870 27·

51 4896 85 4963 tls
98 4892 219 4973 γνώσεως
235 4887 304 4968 οἶδε,
325 4896 370 4956 καὶ
386 4897 433 4970 τὴν
450 4898 554 4978 ἡμέραν
569 4903 616 4959 οὐκ
630 4888 714 4973 olleo,
767 4898 817 4973 vit,
830 4912 857 4957 et
877 4896 951 4957 diem
965 4917 1017 4955 non
1041 4895 1138 4957 novit?
1151 4899 1198 4970 At,
1212 4894 1333 4972 inquies,
1348 4893 1408 4953 fieri
1427 4906 1516 4975 potest

51 4971 183 5052 νδέχεται,
208 4976 299 5054 φησίν,
322 4975 417 5036 εἰδέναι
443 4978 491 5055 μὲν
520 4979 564 5039 τὸν
585 4979 712 5062 Πατέρα,
768 4992 799 5036 ut
815 4978 895 5037 Pater
911 4989 1097 5056 cognoscatur,
1111 4988 1137 5035 et
1160 4995 1219 5052 quc
1241 4973 1267 5031 in
1285 4974 1364 5032 Patre
1384 4987 1518 5049 suntnon

51 5145 139 5201 ιρηγιτο
163 5136 230 5202 conj.
249 5136 326 5188 Savil.
347 5139 400 5191 Nos
412 5143 564 5206 transposita
586 5156 642 5208 quoe
653 5153 712 5206 post
794 5141 807 5179 ἃ
825 5143 887 5209 neg.
900 5147 1042 5202 treiciam.
1056 5136 1133 5192 savit.
1145 5133 1354 5198 lamnae-amate.

51 5235 70 5264 κι
80 5207 209 5278 legebatur
221 5214 433 5282 interpunctione,
445 5215 530 5270 locum
538 5217 702 5288 sanavimus]
1331 5278 1369 5338 54
