3750 5940
441 419 474 467 ιιι
505 418 705 467 νιιιιιιοιιιιι
731 419 776 466 nn
800 419 891 469 rico.
1375 399 1445 496 753

57 539 215 616 πητὸδύνδ
271 545 317 602 τῶ
331 545 481 624 occupem
518 541 649 615 πλώθηέν
702 541 731 601 in
753 543 850 602 calum
871 541 948 604 mam
970 542 1097 620 munivit,
1112 557 1138 604 et
1153 544 1253 605 scalam
1263 544 1341 605 nobis
1363 544 1447 605 fidem

57 620 125 695 ςθινὴ
144 620 217 699 ἄμπε
234 627 306 696 ος,ἡ
325 621 452 702 λέγουσα,
476 565 550 680 ’Fui
565 623 650 699 εἷμιὴ
703 635 799 680 aterra
833 643 942 682 sursum
968 621 1137 699 tendentem
1170 623 1296 702 quodque
1328 623 1449 683 admira-

57 700 173 774 ἱληθινή·
185 699 342 781 καὶύγύνετο
354 705 393 781 τῷ
402 700 449 778 μὲν
462 647 652 781 διαύύλῳάνα-
703 701 776 760 tione
800 699 915 780 dignum
935 715 991 779 est,
1017 703 1040 762 si
1059 702 1242 775 attenderitis,
1262 703 1448 780 dilectissimi,

57 779 276 861 ατηφόρος,ῆμῑν
290 779 318 840 δύ
335 781 492 861 ἀναδενδρὰς
511 779 652 860 ζωηούρος,
705 781 778 839 stetit
794 780 881 839 crucis
890 780 982 856 arbor,
994 803 1112 864 expansa
1132 782 1209 841 estin
1224 781 1272 842 ilto
1292 783 1356 843 vitis
1374 804 1448 857 vera,

57 864 131 919 ιτῶν
145 861 284 938 ἇμαρτιῶν
295 862 372 936 ἡμῶν
386 858 595 930 ἀναστέλλουσα,
607 859 653 917 καὶ
724 880 765 918 ua
781 859 849 918 dicit
866 883 873 917 t
890 863 955 941 Ego
969 882 1034 920 sum
1055 864 1130 921 uitis
1149 883 1244 921 vera:
1269 875 1296 920 et
1319 863 1388 921 facta
1410 877 1450 921 est
1458 872 1524 916 Joan.
1535 870 1598 918 151·

57 938 151 1008 ιύσεως
169 943 234 1017 ἡμῖν
255 937 417 1020 δωρουμένη.
431 937 500 998 Ὑπὸ
515 937 563 1011 τὴν
577 937 653 998 σκιὰν
705 880 815 998 diabolo
826 938 938 1017 quidem
948 940 1036 1000 letifer
1044 942 1157 1023 palmes,
1170 941 1349 1000 nobisautem
1363 941 1450 1000 vitam

57 1017 167 1098 ύήμενος
188 1017 261 1098 λέγει
279 1018 328 1077 Ιτὸ
349 1018 400 1078 ὑπὸ
422 1023 467 1077 τοῦ
483 1019 654 1094 Σολομῶντος
704 1018 819 1077 afferens
842 1019 959 1099 palmes,
983 1035 1155 1100 peccatorum
1177 1034 1331 1079 nostrorum
1355 1035 1450 1080 astum

57 1097 102 1157 Ἐν
122 1102 234 1177 τῇσιιιᾳ
248 1099 328 1157 αὐτοῦ
340 1095 495 1175 ἐπεθύμησα
508 1097 553 1156 καὶ
568 1097 654 1156 isdot-
669 1108 687 1154 lt
705 1098 864 1178 reprimens,
880 1113 907 1157 et
936 1099 1071 1178 refrigerii
1099 1100 1177 1160 nobis
1199 1099 1326 1158 umbram
1347 1099 1383 1158 im
1403 1120 1451 1158 er-

57 1176 116 1245 osb<
133 1179 213 1236 αὐτοῦ
228 1182 243 1236 δ
258 1177 359 1256 καρπὸς
373 1179 400 1234 ἐν
416 1181 455 1258 τῷ
471 1175 584 1256 λάρυγγί
595 1199 654 1252 μου.
705 1176 782 1235 tiens.
794 1178 853 1238 Sub
871 1179 930 1258 ejus
939 1179 1036 1237 umbra
1060 1179 1105 1257 qui
1125 1179 1254 1252 considet,
1273 1179 1344 1238 illud
1395 1179 1450 1253 'cit,

57 1262 148 1338 ῇσιιιᾷ
162 1256 296 1337 θαῤῥήσας
307 1261 322 1315 ὁ
335 1255 463 1335 μακάριος
476 1255 561 1314 Δαυὶδ
572 1253 655 1334 ἔλεγε·
706 1255 804 1334 quoda
821 1257 963 1317 Salomone
984 1257 1119 1339 prolatum
1135 1272 1175 1317 est
1193 1263 1252 1317 :In
1268 1261 1372 1317 umbra
1388 1262 1451 1340 ejus
1461 1277 1529 1321 cant.
1539 1277 1597 1324 aa.

57 1346 89 1414 ιιᾷ
100 1341 153 1396 τῶν
164 1334 300 1419 πτερύγων
311 1359 357 1396 σου
367 1337 460 1395 bren.
478 1335 551 1401 Ἕως
561 1332 654 1408 πύπαξ
706 1340 871 1415 concupivi,
884 1350 912 1396 et
922 1339 995 1410 sedi,
1008 1351 1037 1395 et
1047 1339 1141 1397 dulcis
1153 1341 1214 1396 e'us
1221 1341 1343 1420 fructus
1357 1340 1452 1415 sauci-

57 1415 153 1496 αρίλθῃ
184 1415 316 1494 ἡάνομύα
340 1439 399 1492 μου.
437 1411 476 1474 Ὦ
503 1419 656 1491 θαυμαστοῦ
708 1417 760 1473 bus
782 1419 861 1475 meis.
876 1417 907 1475 ln
923 1416 974 1475 bac
994 1417 1090 1475 umbra
1101 1361 1238 1476 conlidens
1250 1408 1451 1476 beatus'David

57 1494 100 1554 sei
118 1495 263 1575 μυστηρίου
282 1501 380 1554 καινοῦ.
405 1492 440 1553 Ἥ
459 1492 533 1572 πηγὴ
546 1493 590 1553 ἐπὶ
600 1493 655 1554 δέν·
706 1491 828 1552 dioebat:
843 1497 884 1554 Et
897 1499 930 1554 in
944 1499 1048 1554 umbra
1062 1497 1179 1555 alarum
1193 1509 1308 1555 tuarum
1319 1500 1448 1575 sperabo.
1460 1520 1528 1567 mar,
1536 1517 1602 1565 562,

58 1573 103 1634 rud
114 1575 249 1656 ύσταυρὸς
260 1574 305 1634 ὑπ’
319 1574 401 1644 αύτῆς
413 1573 559 1642 ἐποτύζιτο·
571 1572 656 1653 νυγεὶς
706 1572 855 1651 Quousque
871 1574 1001 1634 tandem?
1025 1577 1127 1634 Donec
1151 1589 1281 1634 transeat
1308 1580 1450 1655 iniquitas

58 1652 107 1727 τὴν
131 1653 247 1735 πλευρὰν
271 1657 362 1726 αὐτοῦ,
388 1645 455 1730 αἷμα
468 1652 514 1711 καὶ
531 1651 601 1732 ὕδωρ
614 1651 656 1719 ἐξ·
707 1673 780 1711 mea.
804 1656 829 1711 0
854 1675 911 1713 rem
925 1654 1089 1731 mirabilem,
1105 1675 1261 1732 novumque
1274 1653 1448 1736 mysterium!

68 1732 115 1811 μὲν
128 1732 224 1810 αἵματι
238 1732 282 1792 τὸν
297 1731 408 1814 σταυρὸν
421 1731 602 1831 πορφυμίζων,
616 1736 655 1814 τῷ
706 1732 777 1790 ans
786 1732 814 1792 in
823 1734 918 1792 arbore
924 1734 1028 1814 positus
1039 1748 1105 1807 erat,
1114 1747 1139 1793 et
1149 1735 1184 1793 ab
1198 1756 1229 1793 eo
1239 1734 1449 1812 cruxirrigaba-

57 1816 99 1872 ἰων
116 1814 196 1872 αὐτοῦ
209 1811 257 1879 τὰς
276 1811 362 1894 ῥίζας,
377 1809 421 1870 ἵνα
435 1815 580 1879 ἀθανατους
590 1835 655 1892 nup-
707 1813 862 1871 turzlancea
870 1813 1152 1891 namqnevnlneratus
1160 1814 1186 1872 in
1195 1814 1286 1889 latere,
1293 1813 1449 1894 sangninem

57 1891 212 1952 πιστεύουσιν
227 1895 263 1959 εἰς
275 1890 317 1951 ἀεὶ
332 1892 477 1971 ἀναθάλλῃ.
502 1890 540 1950 ‘ss
551 1890 608 1950 δένδ
626 1913 654 1949 ον
705 1903 835 1970 etaquam
847 1892 936 1951 emisit
950 1893 1099 1972 :sanguine
1109 1893 1219 1971 quidem
1233 1914 1339 1951 crucem
1348 1914 1451 1974 purpu-

71 1972 86 2030 8
97 1973 214 2050 βασιλεῖς
225 1975 348 2048 τιμῶσιν,
360 1971 426 2030 “sai
436 1969 551 2051 ύπαρχοι
565 1914 655 2030 eiflins-
705 1990 777 2042 rans,
789 1992 859 2050 aqna
870 1992 935 2031 vero
946 1972 1050 2032 radices
1061 1973 1119 2052 ejus
1132 1973 1259 2052 irrigans,
1271 1985 1301 2029 ut
1312 1972 1451 2031 immorta-

66 2050 154 2111 τεκαὶ
168 2061 288 2129 γυναῖκας
301 2049 348 2108 καὶ
362 2061 437 2110 πᾶσα
472 2051 528 2117 ύοις
541 2049 654 2109 sciari-
704 2048 743 2107 les
752 2051 855 2110 berctus
868 2050 1037 2110 credentibus
1050 2051 1079 2111 in
1093 2066 1252 2133 perpetuum
1284 2052 1451 2110 erminet0

57 2131 259 2213 νφυλακτήμιον
268 2129 417 2200 κέκτηνται·
429 2073 653 2212 ὃύαύμονεςφρίτ-
704 2128 885 2188 beatissimam
897 2133 1031 2203 arborem,
1046 2152 1127 2209 quam
1148 2151 1222 2210 reges
1235 2072 1326 2195 coiunt
1339 2145 1363 2190 ct
1381 2152 1452 2212 pra·

61 2209 181 2277 διάύολος
195 2209 301 2348 effic·
318 2210 333 2267 ὃ
348 2210 454 2288 ἄγγελοι
467 2213 593 2286 ὑμνοῦσι,
607 2208 653 2268 καὶ
705 2207 775 2268 sides
794 2225 965 2287 venerantur,
988 2211 1097 2289 virique
1116 2231 1147 2269 ac
1169 2210 1304 2284 mulieres,
1317 2224 1344 2269 et
1365 2210 1453 2270 omnis

57 2294 174 2370 ογοῦοιν·
198 2288 230 2309 ”
283 2287 360 2360 setar
385 2287 412 2348 δὲ
437 2287 589 2366 σεμνύνουσι
608 2287 652 2347 τὸν
704 2301 800 2347 natura
822 2302 941 2349 creatura
963 2311 996 2349 ue
1025 2290 1166 2349 hominum
1199 2289 1397 2349 munimentum
1420 2311 1452 2349 ac

57 2368 198 2448 ιυρωθέντα
209 2367 324 2449 Χριστόν
333 2358 400 2448 ‘tbi
413 2366 474 2437 δόξα
486 2368 531 2427 καὶ
544 2369 575 2427 τὸ
588 2367 653 2449 spoi-
707 2367 863 2505 praesidium
873 2311 1011 2450 possident
1023 2392 1029 2426 ι
1041 2369 1176 2428 daemones
1187 2369 1308 2440 horrent,
1318 2382 1344 2427 et
1357 2368 1453 2427 diabo-

57 2448 70 2508 t
87 2449 149 2523 ἀεὶ,
166 2447 212 2506 καὶ
232 2451 268 2514 εἰς
286 2446 346 2515 τοὺς
368 2450 464 2515 αἰῶνας
480 2455 527 2507 τοῦ
541 2446 652 2508 αἰώνων.
719 2447 752 2506 us‘
765 2448 871 2523 tremit;
881 2448 968 2527 angeli
986 2448 1150 2522 collaudent,
1162 2462 1189 2507 et
1204 2448 1262 2507 caeli
1274 2446 1452 2520 benedicunt3

707 2514 914 2587 Ecclesiae'vero
928 2528 1079 2604 Christum,
1093 2528 1140 2607 qni
1152 2527 1179 2586 in
1190 2548 1220 2586 ea
1237 2527 1386 2587 crucifixus
1401 2541 1452 2604 est,

706 2605 856 2665 honoribus
883 2621 1108 2688 prosequuntur:
1131 2607 1176 2667 cui
1202 2607 1288 2686 gloria
1314 2620 1341 2666 et
1362 2607 1453 2688 impe-

708 2684 790 2761 rium,
804 2707 877 2745 nunc
895 2699 921 2746 et
939 2706 1056 2769 semper,
1075 2686 1147 2746 etin
1165 2686 1262 2748 secula
1282 2686 1452 2745 saeculorum.

709 2768 802 2823 Amen.

57 2981 73 3017 t.
86 2970 159 3032 λόγιον
169 2963 259 3034 Sarit]
718 2975 730 3002 ⁸
747 2963 757 3030 [
768 2961 847 3015 savit.
861 2975 906 3025 τοῖς
916 2975 1008 3024 πιστοῖς.
1023 2963 1055 3014 Et
1065 2980 1140 3030 supra
1156 2968 1256 3035 ἀμδιύων
1266 2980 1313 3032 pro
1323 2965 1421 3035 ἄρδων]

57 3041 104 3095 tdu
114 3043 253 3111 Savil.‚qni
266 3060 325 3094 mox
337 3039 579 3095 combusserunt
590 3064 644 3110 μου.
719 3045 734 3083 4
751 3043 761 3109 [
774 3050 811 3096 καὶ
823 3048 919 3114 ἔπαρχοι
930 3051 968 3097 καὶ
979 3051 1095 3114 τοπάρχαι
1107 3041 1198 3108 srvit]

57 3131 77 3178 πὶ
88 3131 115 3177 τὸ
126 3128 215 3196 δι’νὸμον
225 3120 349 3193 ἐπέκειτο]

388 3311 592 3375 sEvssnlsnt
613 3309 937 3372 INTERPRETATIO.

57 3539 80 3585 st
93 3539 248 3606 spumantes
266 3525 416 3607 voluptatis
437 3523 543 3584 sedavit
561 3523 668 3583 fluctus.
693 3523 810 3584 Arcfecit
828 3521 984 3596 ficulneam,
996 3535 1022 3582 et
1035 3521 1171 3603 plantavit
1191 3542 1309 3596 crucem,
1324 3543 1384 3602 que
1396 3522 1453 3593 fide

57 3622 96 3681 ,cit
108 3635 138 3680 ut
148 3621 205 3683 vita
215 3621 403 3682 universorum
413 3620 442 3679 in
456 3619 564 3680 Christo
578 3622 640 3681 Jesu
652 3618 770 3680 Domino
784 3634 875 3680 nostro
887 3616 1041 3702 splendeat,
1056 3617 1099 3677 cui
1111 3616 1197 3697 gloria
1211 3618 1239 3676 in
1254 3617 1350 3677 saecula
1365 3639 1453 3677 saecu-

57 3738 89 3777 en.

57 3913 1446 3951 m

452 4118 859 4245 MONITUM

334 4382 398 4456 nn
423 4379 720 4477 anunnrnn
746 4377 1002 4456 nonium.
1046 4486 1048 4491 v

57 4631 122 4690 nque
134 4607 279 4670 Severiano
289 4605 421 4666 adscribit
436 4606 459 4665 is
477 4605 546 4687 ipse,
559 4606 607 4685 qui
617 4601 796 4686 praecedentes
809 4603 935 4664 homilias
954 4603 1042 4664 eidem
1061 4602 1199 4664 tribuerat.
1214 4605 1320 4668 Verum
1340 4625 1394 4666 non
1415 4607 1453 4666 ita

57 4704 245 4782 intricatusque
264 4714 302 4760 est
320 4700 367 4759 hic
379 4698 502 4779 quisquis
516 4698 551 4758 sit
564 4697 694 4780 scriptor,
709 4711 740 4758 ut
759 4696 805 4757 ille
819 4695 989 4758 Gabalorum
1003 4694 1156 4778 episeopus,
1173 4696 1223 4756 etsi
1236 4717 1252 4756 a
1264 4695 1453 4779 Chrysostomi

57 4814 73 4859 tt
83 4799 236 4860 inventione
250 4797 330 4877 longe
339 4797 374 4856 sit
387 4795 499 4855 alienus.

57 4896 113 4957 atio
127 4895 224 4956 Latina
237 4907 278 4955 est
290 4892 433 4955 Frontonis
446 4889 550 4952 Ducaei.
