3750 5940
482 494 515 539 ru
542 494 747 542 erraneum
773 494 819 540 nn
844 494 934 541 rica.
1418 462 1489 564 §45
1580 490 1596 505 ⁰

56 618 106 693 τὴν
120 617 236 681 διάνοιαν
251 615 396 691 ἀνατείνει,
413 617 449 685 ὥς
462 609 529 677 εἷναι
550 616 594 676 τὸν
612 624 694 678 τοιοῦ-
749 615 813 677 sitas
828 615 917 694 audit,
928 615 964 674 ad
980 636 1024 676 eas
1041 629 1156 674 mentem
1167 588 1305 676 intendit:
1320 616 1359 677 sic
1379 629 1409 675 nt
1430 618 1491 677 talis

53 699 80 759 is
93 697 200 775 σώματι
212 697 316 777 insipie
328 698 367 777 τῷ
379 695 466 778 τόιτιρ,
489 695 544 776 Ι’τῆ
556 696 582 757 δὲ
594 697 695 777 διανοίρ
749 696 785 756 sit
797 716 909 834 corpore
919 694 1030 774 quidem
1040 694 1092 754 hoc
1103 694 1132 754 in
1144 695 1214 772 loco,
1221 709 1310 757 mente
1324 717 1389 756 vero
1403 694 1453 756 illo
1462 698 1491 757 in

53 781 121 859 ιτῷ
144 777 233 859 τόπῳ,
256 774 434 855 ένθαθλίγοι
446 780 494 849 τῆς
509 775 626 858 ἱστορίας
640 777 695 837 δια·
749 775 833 836 locoa
863 773 1410 853 quemhistoriaeuarratioremtraducit.
1424 777 1493 836 Tale

53 859 209 940 τὸπρᾶγμα.
228 855 354 918 Τοιοῦτόν
368 881 395 915 τι
407 856 473 916 οκιιί
488 855 548 933 ἐμοὶ
561 853 695 934 espeiss-
750 855 820 916 mihi
832 853 964 933 quiddam
978 854 1078 927 evenit,
1092 853 1270 914 dilectissimi.
1280 858 1354 914 Dum
1368 855 1439 915 enim
1450 878 1492 916 res

53 936 142 1012 τητοί.
164 936 288 1004 Ἀκούσας
302 933 354 1018 γάρ
371 941 417 996 τοῦ
433 937 617 1016 εὐαγγελιστοῦ
636 936 695 1008 διη-
750 956 805 1013 eas,
817 955 877 1013 quae
895 934 923 993 in
939 933 1070 994 Bethania
1085 933 1156 993 circa
1169 934 1254 994 licum
1265 934 1432 1011 acciderunt,
1443 957 1492 994 au-

75 1017 110 1078 τδι
130 1019 156 1076 ἐν
178 1016 296 1098 Βηθανίᾳ
314 1015 383 1076 κατὰ
400 1015 449 1088 τὴν
470 1018 552 1087 συκῆν
571 1015 697 1095 γεγονότα
750 1013 798 1074 dio
808 1013 999 1093 evangelistam
1009 1027 1173 1092 narrantem,
1184 1013 1230 1074 hic
1242 1013 1353 1094 quidem
1365 1035 1426 1074 sum
1435 1036 1493 1074 eor-

55 1124 89 1168 α,
106 1087 159 1157 ὧδε
174 1094 222 1175 μέν
242 1100 298 1176 ιίμι
312 1099 351 1176 τῷ
368 1093 486 1175 σώματι·
504 1093 580 1175 τῇδέ
596 1095 698 1177 διανοίρ
752 1114 828 1176 pore,
843 1107 932 1153 mente
952 1114 1016 1154 vero
1035 1093 1170 1175 meipsum
1189 1092 1323 1174 imaginor
1342 1093 1400 1155 illic
1415 1116 1490 1154 esse:

59 1169 125 1238 alsat
147 1180 202 1237 ἐκεῖ
218 1175 396 1256 φαντάζομαι·
412 1174 458 1235 καί
474 1174 620 1253 elepantos
635 1179 698 1236 άκο-
751 1193 846 1254 meque
858 1193 929 1233 nuuc
940 1173 1058 1234 arbitror
1069 1173 1217 1233 Dominum
1226 1176 1320 1235 Jesum
1328 1173 1414 1252 sequi,
1420 1195 1453 1233 ac
1462 1175 1494 1234 fi·

53 1261 78 1317 .'⁴
95 1255 217 1335 Δεστιάτῃ
231 1255 332 1330 Ἰησοῦ,
352 1255 398 1314 καί
413 1260 476 1337 ὁρῆν
487 1253 536 1326 τῆν
547 1257 631 1326 συκῆν
645 1256 699 1338 πρδ
750 1251 923 1328 cumvidere,
934 1253 1110 1334 antejussum
1117 1251 1228 1331 quidem
1236 1253 1358 1330 Domini,
1367 1253 1494 1314 floridam

91 1340 217 1396 σιεοτικοῦ
240 1333 445 1433 προστάγματος
461 1332 578 1413 ἀνθηράν
591 1331 637 1393 καὶ
649 1358 699 1393 κα-
750 1346 831 1412 atqie
845 1330 1023 1409 frondentem,
1036 1346 1096 1413 post
1111 1333 1219 1412 jussum
1235 1347 1326 1393 antem
1347 1335 1416 1415 ejus,
1431 1334 1495 1394 hor-

74 1413 143 1495 μιτδι
162 1412 191 1474 δὲ
207 1415 238 1474 τδ
257 1413 445 1495 κυριακονπ’
479 1438 554 1494 αγμα
570 1414 698 1553 στυγερδν
752 1412 861 1472 ribilem
883 1425 909 1470 et
924 1426 1052 1472 arentem.
1066 1415 1159 1471 Mane
1175 1413 1319 1491 siquidem,
1336 1413 1434 1492 inquit,
1450 1436 1494 1473 re·
1503 1426 1591 1470 Μαιιιι.
1604 1431 1645 1468 τι.

53 1496 141 1574 ξηρον.
157 1492 267 1575 Πριυίας
316 1516 348 1573 ρ,
361 1435 604 1573 φησίέῖίτανάγων
616 1493 651 1552 δ’
666 1519 700 1567 η-
715 1506 733 1554 n
755 1505 867 1551 vertens
885 1493 973 1552 lesus
988 1496 1021 1550 in
1035 1495 1194 1564 civitatem,
1207 1498 1316 1552 esuriit.
1333 1495 1375 1553 Et
1388 1496 1495 1554 uidens
1508 1485 1543 1534 ¹⁸·
1558 1499 1595 1547 ¹9·

54 1575 103 1648 τῆν
120 1572 211 1647 πάλιν,
229 1576 276 1633 fre
288 1596 361 1634 νασε.
381 1571 436 1632 Καὶ
456 1570 517 1632 ἰδὼν
532 1575 625 1644 συκῆν,
651 1565 699 1646 dl·
744 1571 852 1652 ficum,
866 1575 950 1630 uenit
961 1573 1003 1631 ad
1012 1592 1088 1642 eam,
1103 1584 1131 1630 et
1141 1572 1217 1630 nihil
1226 1577 1339 1633 invenit
1350 1577 1381 1631 in
1388 1595 1424 1632 ea
1439 1578 1497 1634 nisi

53 1654 132 1727 ιῦτῆν,
144 1652 191 1711 καί
204 1651 276 1713 οὐδὲν
291 1642 364 1735 εὗρεν
385 1654 413 1710 ἐν
435 1655 502 1731 αὐτῆ
521 1655 545 1711 εἰ
565 1652 602 1729 μῆ
614 1650 699 1731 φύλλα
745 1651 831 1732 solia
849 1662 982 1728 tanturn,
1020 1663 1049 1709 et
1065 1654 1109 1709 ait
1132 1651 1179 1710 ilii
1193 1675 1202 1708 .·
1218 1655 1389 1734 Numquam
1411 1675 1448 1711 ex
1467 1667 1497 1713 te

53 1733 79 1792 ιιί
93 1732 165 1812 λέγει
179 1735 263 1810 αὐτῇ·
283 1730 383 1810 μηκέτι
395 1734 426 1791 ἐκ
443 1739 489 1792 σοῦ
503 1732 604 1812 καρπὸς
618 1729 699 1810 γένη·
751 1730 869 1811 fruetus
893 1743 1033 1790 nascatur
1059 1733 1092 1788 in
1109 1734 1328 1810 sempiternum
1347 1744 1375 1791 et
1400 1735 1497 1791 subito

53 1814 83 1873 δν
98 1816 196 1871 αἰῶνα·
211 1810 257 1869 καί
280 1810 374 1877 εὐθέως
390 1809 435 1881 iia
454 1811 529 1882 άνθη.
544 1813 631 1871 Τοῦτο
649 1811 701 1892 γάρ
755 1810 891 1890 arefacta
908 1808 1033 1868 escilus
1050 1809 1122 1868 enim
1135 1809 1218 1891 paulo
1234 1825 1296 1871 ante
1311 1811 1389 1871 nobis
1403 1811 1499 1871 recita-

56 1900 74 1965 ῆ
97 1901 122 1950 ῖν
132 1889 329 1968 θπανεγνώσθη.
342 1834 588 1968 Ἐκτλιίττειμετδ
598 1895 699 1968 θαῦμα·
755 1901 814 1947 tum
832 1901 882 1947 est.
900 1887 1087 1968 Obstupefecit
1104 1909 1147 1948 me
1168 1889 1331 1952 miraculum
1344 1915 1351 1948 :
1365 1890 1455 1951 varias
1468 1892 1498 1963 in

54 1918 168 2050 elpwd
178 1971 288 2029 διάνοια.
300 1968 388 2028 Ὅταν
398 1968 449 2050 γὰρ
462 1971 581 2071 proludii
591 1970 622 2029 τὸ
634 1981 703 2050 πρᾶ-
774 1981 845 2026 artes
861 1986 936 2026 mens
953 1988 1011 2057 mea
1027 1967 1200 2028 distrahitur.
1213 1971 1282 2030 Cum
1297 1970 1368 2030 enim
1378 1969 1498 2030 historiae

77 2048 194 2150 ἱστορίας
215 2048 406 2149 διηγήσασθαι,
430 2047 541 2118 ἐυθέως
565 2049 634 2127 μετὰ
654 2054 703 2122 τῆς
755 1987 857 2106 lactum
867 2067 976 2106 narrare
988 2047 1109 2121 instituo,
1117 2048 1438 2110 continuocumhistoria
1449 2050 1499 2109 mi·

53 2130 86 2190 et
95 2134 218 2207 θαυματα
231 2152 296 2208 προς
307 2128 374 2187 αὐτὰ
383 2131 537 2188 ἐπισπᾶται.
549 2127 603 2187 Καὶ
612 2127 686 2188 ὥστε
757 2126 848 2184 racula
863 2125 941 2185 adse
954 2125 1074 2185 trahunt.
1088 2126 1125 2186 Et
1138 2127 1367 2206 quemadmodum
1380 2150 1443 2188 curn
1453 2151 1500 2188 ur-

53 2212 79 2290 e,
96 2233 137 2277 τις
157 2208 271 2286 στάμνον
289 2213 391 2287 χρυσῆν
412 2207 523 2288 &psoras
545 2208 645 2268 ένδοθεν
663 2153 704 2267 λί-
757 2226 821 2264 nam
836 2226 946 2265 auream
966 2205 1097 2294 pretiosos
1118 2207 1296 2268 continentem
1313 2209 1420 2290 lapillos
1439 2210 1500 2287 quis

53 2289 115 2362 ἶους,
140 2286 173 2367 ρι’
236 2312 267 2354 ας
298 2291 324 2347 ἐν
344 2289 445 2355 ἑαυτοῖς
458 2287 630 2367 γεγραμμένα
651 2311 701 2365 μυ·
758 2285 941 2366 conspexerit,
963 2306 992 2343 ια
1021 2285 1121 2363 quihus
1143 2307 1239 2347 arcana
1258 2288 1366 2370 depicta
1388 2289 1499 2358 fuerint,

59 2369 131 2428 θέλει
152 2390 200 2444 μν
221 2372 285 2447 ὀροῖν
312 2365 360 2438 τῆν
382 2364 500 2444 στάμνον
526 2367 570 2426 δια
587 2366 635 2438 τῆν
656 2372 702 2426 τοῦ
758 2385 864 2423 cernere
878 2363 989 2443 quidem
1004 2385 1101 2424 urnam
1121 2365 1256 2427 desiderat
1275 2382 1386 2458 propter
1408 2368 1499 2427 forme

53 2446 203 2521 ιιλῦάιητα,
225 2446 379 2506 ἀνθέλκεται
406 2445 434 2504 δέ
457 2446 509 2506 harh
528 2451 581 2505 τῶν
602 2445 703 2506 ἔνδοθεν
757 2443 938 2583 ργγίυινᾶοιοω,
951 2443 1000 2503 sed
1018 2444 1053 2503 ab
1074 2444 1108 2503 iis
1127 2445 1175 2524 qni
1192 2459 1255 2507 sunt
1273 2461 1345 2507 intus
1359 2447 1460 2528 lapillis
1472 2448 1499 2506 in

53 2526 142 2587 τεύδει
160 2525 212 2606 γάρ
235 2527 280 2585 καί
300 2525 331 2585 τδ
351 2529 403 2584 τῶν
425 2523 505 2585 λίθων
527 2529 704 2607 τεριοθρῆσαι
782 2525 898 2584 'versum
920 2522 1083 2599 trahitur,et
1095 2525 1252 2606 lapillorum
1269 2525 1501 2607 pulchritudinem

53 2607 97 2666 καί
110 2607 144 2666 τὰ
160 2609 186 2665 ἐν
202 2607 268 2686 αὐτῆ
282 2604 474 2686 ’γεγραμμένα
489 2606 622 2687 μυστήρια
633 2609 701 2685 γνῶ-
758 2617 784 2663 et
799 2623 895 2663 arcana
909 2602 1015 2684 depicta
1029 2602 1058 2662 in
1071 2625 1102 2663 ea
1116 2619 1235 2686 spectare
1250 2607 1357 2666 festinat
1369 2630 1376 2664 ι
1386 2606 1447 2697 pari
1458 2627 1502 2665 ra-

53 2684 124 2752 dere<
150 2685 225 2766 κάγὼ
249 2685 317 2764 θροῦν
337 2683 386 2762 μὲν
406 2684 454 2758 τῆν
476 2692 522 2744 τοῦ
544 2684 701 2765 γράμματος
758 2683 831 2743 tione
851 2681 946 2743 videns
966 2702 1015 2772 ego
1036 2703 1072 2761 qu
1109 2705 1143 2744 ue
1160 2683 1331 2766 splendidam
1345 2685 1456 2765 quidem
1470 2707 1502 2744 ac

64 2763 191 2847 λαμπρδν
209 2764 254 2824 καί
265 2765 413 2846 περικαλλῆ
439 2763 633 2844 τυγχάνουσαν,
647 2768 702 2824 ἐκεῖ
758 2764 954 2844 perelegantem
965 2761 1084 2822 historiae
1111 2764 1343 2840 'tetamesse,illic
1357 2764 1502 2826 mentcde-

53 2870 75 2906 ιι
96 2844 142 2903 τὸν
157 2851 229 2904 νοῦν·
257 2844 416 2923 ἀνθέὶοιομαι
436 2842 464 2904 il
485 2843 565 2904 πάλιν
584 2844 636 2904 iel
653 2848 701 2915 τῆς
759 2843 859 2917 tincor3
875 2840 923 2900 sed
943 2841 971 2901 in
990 2840 1130 2902 diversum
1150 2864 1244 2903 rursus
1263 2844 1502 2926 trahoraspiritus

53 2925 145 3003 ίματοι
170 2921 288 3005 θεωρίας,
313 2921 419 3002 μείζονά
446 2946 491 3000 μοι
509 2926 558 2993 τῆς
585 2923 702 3007 ἱστορίας
758 2920 944 3000 intelligentia,
978 2942 1019 2979 uae
1039 2921 1151 2981 historia
1166 2924 1267 3004 majora
1282 2945 1311 2984 se
1328 2923 1397 2985 mihi
1416 2937 1501 2983 osten·

53 3029 73 3065 ιο
108 3028 155 3076 νης
178 3001 302 3062 δεικνύειν
315 3000 350 3061 rh
363 3000 494 3080 θαύματα.
510 3000 620 3084 [lpotius
633 3004 700 3084 γὰρ,
719 3013 738 3061 C
757 3022 849 3060 suram
859 2942 1503 3084 miracdlapolliceturMonesiquidem,inquit‚

53 3084 167 3162 εανοίγων
179 3087 192 3142 h
203 3085 307 3153 Ἰησοῦς
327 3084 363 3150 είς
383 3081 431 3155 τῆν
451 3081 538 3151 πόλιν,
551 3081 699 3143 ἐπείνασεν.
758 3093 904 3140 revertens
918 3081 1005 3139 lesus
1018 3084 1051 3137 in
1063 3085 1222 3155 civitatem,
1239 3088 1352 3144 esuriit.
1368 3087 1393 3143 0
1405 3096 1503 3164 myste-

53 3163 162 3244 ρράστου
175 3161 221 3220 καί
236 3160 424 3240 ἀνεκδιηγῆτου
441 3159 595 3241 μυστηρίου.
609 3161 700 3222 Ἐπεί·
757 3159 830 3219 rium
847 3159 985 3219 ineffabile
1002 3174 1082 3238 atque
1105 3160 1297 3223 inenarrabile!
1315 3163 1420 3224 Esuriit
1442 3163 1499 3238 dle,

53 3340 90 3393 ril.
103 3342 176 3394 addit
187 3345 280 3410 τεῖναι]
767 3349 777 3373 ·
794 3338 865 3391 Unus
876 3343 956 3400 citios
966 3362 997 3406 με
1006 3348 1117 3412 ταράττει
1124 3347 1155 3394 τὰ
1164 3349 1307 3412 τῆςέστορίας
1320 3345 1436 3410 deipara.
1446 3353 1502 3414 πρὸς

53 3421 83 3473 il.
94 3437 123 3493 τῇ
135 3428 158 3475 δέ
169 3428 262 3491 διανοίᾳ,
271 3429 324 3476 iuda
335 3427 346 3474 δ
359 3427 380 3472 i·
392 3444 415 3473 r.
424 3427 467 3475 ἔστ.
479 3425 595 3493 διαγράριι
605 3442 628 3472 τ.
641 3418 695 3490 πρε]
735 3425 796 3474 αὐτὰ
807 3426 940 3486 iniuratum.

53 3500 87 3554 il.
101 3509 137 3555 καί
148 3511 183 3556 νῦν
196 3511 246 3570 έμοί
266 3525 287 3554 o·
301 3503 380 3567 οἶά-μ,
402 3506 503 3554 ἀκούοντι
515 3508 554 3553 τοῦ
567 3504 694 3565 clay-salios
765 3497 777 3538 s
793 3497 857 3548 Tres
873 3497 932 3548 ifle.
946 3505 969 3550 έν
982 3501 1043 3566 adep
1055 3509 1212 3569 γεγραμμένα.
1225 3499 1318 3566 [Savil.
1336 3509 1358 3554 έν
1370 3506 1427 3571 αὐτῇ
1439 3509 1501 3569 έγγι·

64 3585 107 3633 ὑπὸ
118 3588 157 3632 τοῦ
169 3588 266 3650 Χριστοῦ
277 3588 307 3632 τὰ
318 3602 340 3631 κ.
354 3602 377 3630 τ.
389 3601 410 3631 e.
424 3601 446 3645 γ.
460 3600 499 3650 πρ.
512 3571 577 3643 dte]
734 3581 858 3648 γραμμίνοι
868 3600 930 3642 μμ..
946 3576 1123 3642 meladense]

53 3656 89 3710 dl.
103 3663 154 3724 ὑμῖν
164 3666 247 3731 ἀρτίως
258 3662 309 3719 oe„
318 3665 355 3711 καί
367 3655 444 3723 faiel-J
769 3671 780 3708 t
798 3652 895 3721 [Savil.
909 3660 931 3708 is
947 3659 1023 3715 αὐτοῖς
1034 3661 1209 3727 έῃιγραμμίνει
1219 3656 1260 3726 γι]

440 3866 646 3932 snvuulsul
668 3867 991 3931 intentantium.

55 4059 95 4139 git
108 4074 238 4137 mentem,
254 4060 291 4119 ita
304 4073 334 4119 ut
345 4060 407 4120 talis
421 4060 565 4138 quisquam
576 4059 624 4120 etsi
636 4059 664 4119 in
679 4058 737 4141 ipso
750 4061 809 4119 loco
820 4060 865 4133 sit,
877 4073 965 4119 mente
981 4074 1068 4119 tamen
1084 4056 1123 4119 ibi
1137 4061 1309 4143 comperitur,
1326 4061 1372 4122 ubi
1387 4063 1500 4123 verbum

53 4139 107 4198 iriae
120 4138 260 4199 describit.
276 4139 432 4199 istiusmodi
447 4160 523 4199 casus
540 4140 608 4199 mihi
631 4138 721 4199 evenit
734 4139 826 4216 hodie,
839 4139 932 4219 dilecti
947 4162 954 4195 ι
968 4138 1080 4198 audiens
1096 4140 1168 4199 enim
1179 4162 1215 4201 ex
1224 4141 1398 4221 evangelista,
1411 4142 1459 4234 qui
1472 4143 1500 4202 in

53 4240 61 4277 ι
76 4240 93 4279 a
106 4220 214 4278 Christo
227 4219 311 4279 licum
331 4221 473 4279 arefactam
490 4219 573 4279 fuisse
595 4232 796 4297 commemorat,
810 4219 856 4278 hic
873 4217 983 4298 quidem
994 4240 1056 4278 sum
1073 4240 1194 4302 corpore,
1208 4219 1256 4280 sed
1274 4220 1366 4281 animo
1386 4220 1445 4281 ilnc
1458 4243 1501 4281 me

53 4319 106 4374 seo,
119 4313 200 4390 atque
212 4299 279 4358 mihi
293 4300 369 4378 sequi
385 4302 488 4372 lesum,
500 4299 583 4358 ficum
622 4312 710 4359 eante
719 4298 1061 4359 Dominicummandatum
1070 4299 1203 4361 virentem
1213 4299 1399 4380 arrigentem,
1408 4315 1500 4383 postea

55 4379 169 4437 Domini
179 4379 258 4457 jussu
271 4393 478 4438 marcescentem
491 4399 523 4438 ac
536 4321 680 4438 eruditam
691 4378 809 4459 aspicere
820 4377 927 4439 videor.

53 4479 76 4529 e,
93 4458 193 4536 inquit,
213 4479 279 4516 cum
295 4462 349 4518 iret
369 4461 402 4518 in
418 4462 568 4518 civitatem
586 4461 683 4530 lesus,
700 4462 834 4528 esurivit;
848 4471 877 4519 et
890 4459 1177 4541 vidensfieulneam,
1197 4461 1273 4521 adiit
1287 4480 1367 4537 eam,
1382 4473 1411 4520 et
1424 4463 1501 4521 nihil

58 4541 91 4595 ι’νι
100 4559 147 4609 ea,
161 4538 307 4619 nisisolia
321 4550 447 4598 tontum.
456 4541 497 4597 Et
510 4542 554 4598 ait
565 4539 614 4598 illi
626 4540 714 4598 :Nou
724 4539 852 4619 amplius
865 4557 902 4597 ea
912 4551 941 4597 te
945 4541 1068 4630 juretus
1085 4552 1225 4598 meatur
1241 4543 1274 4599 in
1284 4561 1344 4601 sem
1364 4545 1500 4617 iternum3

53 4637 66 4674 o
80 4620 216 4699 artesaeta
230 4630 282 4676 est.
299 4617 362 4677 llaec
376 4617 454 4678 nobis
466 4637 538 4677 nuuc
550 4618 619 4678 lecta
639 4629 713 4677 sunt.
728 4619 874 4699 Stuporem
888 4617 957 4677 mihi
969 4637 1011 4676 res
1023 4618 1081 4708 ipsa
1094 4617 1216 4697 adducit,
1232 4633 1258 4679 et
1277 4619 1336 4681 divi
1359 4620 1412 4681 'tur
1425 4641 1501 4681 mens

53 4717 98 4755 nm
110 4697 183 4756 enim
201 4697 265 4756 volo
277 4697 458 4757 narrationem
468 4698 557 4779 ipsam
570 4696 671 4776 dicere,
684 4697 776 4757 statim
790 4719 852 4758 curn
865 4697 925 4758 risa
934 4696 1080 4775 (historia)
1093 4697 1225 4758 miracula
1238 4699 1267 4759 in
1281 4720 1311 4760 se
1323 4720 1367 4760 me
1379 4701 1498 4760 trahunt.

55 4775 168 4835 modum
189 4775 298 4855 quando
318 4777 380 4856 quis
401 4776 492 4838 videat
514 4798 611 4837 urnam
633 4797 743 4837 auream
770 4777 879 4859 lapillos
899 4775 1029 4859 pretiosos
1041 4777 1222 4839 eontinentem
1239 4800 1294 4841 una
1317 4801 1381 4840 cnm
1401 4779 1500 4840 iuscri-

53 4855 205 4937 iysteriosa‚
222 4877 318 4916 urnam
337 4856 449 4934 quidem
464 4870 574 4939 propter
598 4878 678 4916 suum
701 4857 815 4917 nitorem
837 4856 930 4917 videre
946 4855 1030 4937 cupit,
1047 4876 1140 4917 verum
1159 4878 1195 4919 ex
1214 4880 1231 4919 o
1246 4858 1339 4952 posito
1356 4859 1502 4921 trahuntur

59 4956 179 5016 gemmas
199 4935 271 4995 intus
290 4935 449 5015 existentcs3
464 4936 592 5017 quoniam
607 4936 714 4996 festinat
737 4951 764 4996 et
783 4936 939 5018 lapillorum
957 4936 1089 5032 inspicere
1102 4935 1223 5019 pulcritu
1254 4960 1316 5000 nem
1336 4941 1501 5020 variegatam
1511 4957 1550 5015 ιιιΙ
1562 5009 1581 5017 β

53 5015 131 5074 ‚rium
145 5015 173 5074 in
188 5015 227 5075 eis
247 5016 469 5098 comprehensum
484 5038 600 5077 noscere.
613 5016 746 5078 Similiter
766 5031 793 5077 et
809 5036 859 5097 ego
880 5015 976 5078 ridens
996 5016 1145 5099 hcripture
1160 5017 1302 5079 historiam
1314 5019 1434 5080 lucidam
1445 5019 1500 5077 cir-

53 5093 190 5166 udentem,
205 5108 231 5154 et
245 5095 304 5154 illic
314 5096 406 5177 capior
419 5097 509 5156 animo
527 5121 534 5154 =
548 5111 629 5177 atque
647 5117 741 5158 rursus
759 5117 873 5159 renovor
884 5116 920 5157 ex
938 5093 1058 5178 Spiritus
1068 5096 1180 5179 intuitu,
1194 5099 1243 5179 qni
1257 5099 1346 5182 majus
1358 5098 1500 5181 quiddam,

53 5173 176 5250 storiam,
192 5175 336 5255 pollicetur
348 5192 498 5237 monstrare
512 5177 684 5237 miraculum.

53 5276 71 5329 ι,
82 5256 132 5327 ait,
150 5275 219 5314 cum
233 5259 289 5318 iret
299 5257 386 5319 Iesus
398 5260 430 5319 ιἰι
443 5261 603 5332 civitatem,
620 5260 751 5319 esurivit.
764 5258 789 5317 0
800 5254 937 5318 ineffabile
951 5268 1032 5336 atque
1041 5256 1221 5320 inenarrabile
1232 5258 1409 5340 mysterium!
1434 5259 1506 5323 Esu-

86 5369 160 5410 rorr.
182 5370 255 5410 vui.
1331 5356 1373 5416 ⁴9
1471 5353 1477 5363 ’
