3750 5940
518 256 532 287 .,
561 206 646 277 '-'·'..=
678 190 765 285 pf*

151 416 222 516 374
473 440 504 491 s.
528 406 672 515 εοιιιιιια
695 437 887 491 onntsosr.
915 438 1078 489 neusse.
1104 438 1381 491 οοιιατιιιτιιιοι».
1434 470 1437 475 -

149 561 244 623 salutis
255 561 381 644 cupidus,
392 576 422 623 ut
430 563 617 646 improborum
627 584 675 625 orn
682 562 843 642 obsuueret,
852 561 891 621 ni·
910 567 929 613 B
944 561 1078 644 σωτηρίας
1089 562 1235 642 κηδόμσνος
1243 610 1251 639 ,
1260 562 1309 625 καὶ
1320 567 1374 625 τῶν
1382 562 1547 645 epopeus
1555 564 1601 627 el·

149 652 297 715 hilomittit
309 677 402 716 eorum
413 655 608 736 quaeadhilieie
622 678 672 739 par
684 669 751 731 erat,
757 655 808 717 etsi
816 676 894 715 nemo
944 654 1077 738 ἐμφράξαι
1089 655 1182 731 θέλων,
1196 653 1271 716 ὠδλν
1284 660 1338 717 τῶν
1355 659 1393 727 εἰς
1405 657 1485 717 αθτδν
1498 655 1601 729 indens

10 743 138 794 ¹¹⁴²·⁵⁰·⁶·
149 750 173 808 ei
182 749 341 810 attenderet.
357 750 416 811 Hoc
436 748 533 812 videns
557 751 688 832 propheta
710 748 838 809 dicebat:
855 751 894 809 Ut
946 747 1089 827 λιμπόνιι,
1102 747 1153 807 κᾶν
1165 749 1258 828 μηδεὶς
1273 754 1291 810 θ
1311 750 1451 832 προσέχων
1463 740 1493 831 ᾖ.
1504 750 1593 811 Tum

142 844 315 925 justificeris
324 846 356 903 in
367 846 547 905 sermonibus
556 847 624 917 tuis,
646 856 676 903 et
700 835 894 903 niueas'eum
947 841 1112 924 θπρορόνης
1125 841 1200 911 αἰδὼς
1210 842 1299 924 ἴλιγον
1308 867 1315 881 ·
1325 841 1424 912 'Onne
1438 842 1470 902 ἂν
1481 844 1601 922 διιιαιοιθὶΙ

142 937 299 1018 J‘ndicnris.
313 935 378 997 ldeo
391 958 471 1012 nnnc,
485 936 550 1016 quia
573 935 720 998 verborum
740 935 894 995 sublimita·
947 932 1033 1013 λόγοις
1052 957 1114 1009 σου,
1133 934 1180 995 καὶ
1196 935 1308 1016 νικήσῃς
1321 938 1349 995 όν
1364 932 1601 1019 τῷαρίνισθαόσα

148 1040 203 1087 tem
224 1049 278 1089 non
298 1028 452 1111 capiebant,
475 1027 523 1089 sed
539 1028 621 1088 etiam
641 1024 836 1089 demoniacum
860 1027 894 1087 il-
946 1031 1024 1087 τοῦτο
1041 1025 1088 1085 sel
1100 1017 1228 1103 ἐνταῦθα,
1242 1027 1376 1102 δπιιδὴτδ
1388 1030 1443 1089 τῶν
1457 1026 1545 1106 λόγων
1561 1028 1601 1108 ult

147 1119 206 1179 lum
218 1120 361 1195 vocabant,
375 1135 457 1201 atque
472 1120 622 1182 interlicere
632 1120 781 1198 tentabant,
796 1141 812 1179 α
826 1134 894 1181 tem·
947 1115 1080 1192 θθίξανιο,
1094 1118 1222 1179 ἀλλὰκαὶ
1235 1120 1403 1200 δαιμονῶνια
1416 1119 1558 1194 ἐκάλεσαν,
1567 1142 1601 1179 αα

147 1211 194 1292 plu
209 1233 339 1293 egressus,
351 1234 452 1273 cecum
465 1226 551 1289 sanat,
564 1227 595 1273 ut
608 1212 762 1272 etahsentia
773 1232 823 1273 sua
832 1211 893 1272 illo-
948 1209 1108 1291 ὶπιχιίρσον,
1126 1209 1236 1278 ἐξελθὼν
1251 1215 1282 1272 ia
1303 1219 1351 1275 τῶ
1369 1216 1451 1295 tapeti,
1462 1209 1601 1294 θιραπαόιι

146 1324 210 1363 rum
222 1305 341 1365 furorem
350 1303 465 1383 sedaret,
480 1318 507 1364 et
521 1304 598 1384 signo
610 1305 681 1365 lacto
690 1301 819 1365 duritiem
831 1303 893 1364 illo-
945 1306 979 1383 τῇ
997 1326 1028 1362 τε
1042 1303 1157 1385 ἀπουσίᾳ
1173 1305 1218 1365 τὀν
1239 1304 1321 1385 θνμδν
1338 1305 1594 1385 παραμυθούμενος,

146 1416 210 1454 rum
222 1395 471 1475 immanitatemque
485 1395 628 1474 emolliret,
648 1417 681 1455 ac
701 1393 786 1455 [idem
809 1395 891 1456 dictis
945 1400 994 1468 τῆς
1008 1395 1133 1476 θργασόας
1144 1404 1191 1457 τοῦ
1204 1397 1316 1477 οημεόω
1327 1398 1485 1481 τδσιιληρδν
1497 1400 1601 1458 αθτῶοι

147 1487 315 1564 conciliaret3
330 1488 491 1568 signumque
500 1486 555 1547 edit
566 1509 620 1548 non
629 1486 891 1568 vtilgamsedquod
945 1486 987 1556 νθς
1001 1488 1227 1567 καταμαλόσαοον,
1237 1488 1284 1550 sel
1294 1488 1330 1549 ed
1339 1487 1601 1573 ιθρημόναπιστῶμι

58 1597 79 1627 v.
90 1580 129 1628 3⁸·
149 1594 213 1641 tunc
228 1582 348 1663 primum
366 1581 456 1642 visum
480 1583 577 1642 fumat.
602 1581 636 1642 A
657 1583 776 1658 saeculo,
792 1582 892 1662 inquit,
907 1589 927 1637 C
945 1589 1015 1641 ποιεῖ
1025 1588 1144 1659 οημνῖον,
1155 1580 1325 1664 ὠτδτνχδν,
1337 1582 1478 1644 Meu«
1488 1586 1598 1665 πρῦταν

148 1686 262 1733 nonest
281 1676 426 1748 nuditum,
447 1674 528 1756 quod
545 1678 690 1753 apuuerit
709 1677 775 1756 queis
792 1675 893 1736 oculos
945 1673 1010 1735 Ἀπὸ
1022 1673 1074 1756 γθιρ
1086 1680 1133 1735 τοῦ
1147 1678 1257 1749 αἰῶνος,
1270 1675 1361 1757 φησὶν,
1373 1678 1423 1736 odii
1434 1673 1601 1748 inuium!

123 1814 128 1823 .
146 1771 218 1828 eoeci
231 1771 304 1827 noti.
317 1767 387 1827 Caeci
401 1767 474 1827 enim
489 1766 584 1827 oculos
596 1767 664 1827 torte
674 1767 737 1846 quis
743 1767 891 1851 aperuerit3
945 1790 985 1834 τις
1000 1765 1149 1848 ὀφθαλμοὺς
1161 1769 1260 1849 euplus*
1271 1766 1472 1849 γιγιννημόνου.
1486 1769 1597 1848 'rugitui

146 1859 210 1921 caci
225 1858 291 1937 nati,
303 1880 356 1919 non
370 1859 444 1920 item.
454 1863 494 1920 Ac
503 1858 579 1939 quod
589 1860 893 1943 egressusetcmpload
946 1858 1009 1926 ἴσως
1024 1856 1113 1931 ivonii
1129 1882 1188 1928 τις·
1204 1858 1392 1940 γσγεννημόνοι
1413 1858 1456 1934 il,
1476 1863 1526 1920 οὐκ
1548 1859 1599 1921 ἔτι.

145 1953 198 2013 hoc
211 1951 275 2013 data
290 1974 371 2034 opera
393 1951 507 2031 venerit,
535 1952 599 2013 inde
620 1952 711 2034 palam
738 1968 790 2032 est,
816 1954 891 2034 quod
945 1948 1053 2018 ἐξελθὼν
1073 1954 1162 2011 insci
1183 1955 1267 2031 θοροῦ,
1283 1951 1328 2012 ἐπὶ
1344 1952 1375 2013 rt
1393 1950 1470 2035 ἔργον
1495 1943 1601 2024 iliud

148 2048 207 2128 ipse
220 2068 321 2107 cascum
334 2045 445 2124 viderit,
457 2068 544 2107 cacus
552 2068 617 2108 vero
629 2046 766 2130 adipsum
778 2069 832 2109 non
844 2070 891 2111 ve·
945 2043 1025 2115 δῆλον
1035 2046 1151 2104 θιαῖθιν·
1165 2043 1243 2112 αθτδς
1255 2043 1309 2127 γδιρ
1328 2032 1382 2103 niis
1394 2044 1439 2105 τδν
1454 2043 1565 2125 τυφλὸν,
1578 2046 1601 2105 ol

146 2139 224 2199 uerit.
241 2138 344 2199 Ettam
358 2138 501 2219 diligenter
515 2138 595 2199 illum
609 2137 723 2199 intuitus
743 2153 793 2218 est,
812 2155 842 2200 ut
861 2140 892 2199 id
946 2135 1009 2217 φλθς
1025 2140 1098 2219 αὐτῷ
1110 2139 1260 2218 προσῆλθε·
1274 2134 1601 2205 ιιαλοθτωσπωδαόωςθι

146 2229 275 2311 discipuli
284 2229 465 2307 adverterent,
481 2243 508 2289 et
520 2229 557 2290 ad
568 2228 786 2311 interrogandum
807 2230 890 2291 indu-
945 2232 982 2299 όις
996 2230 1042 2290 uel
1060 2239 1115 2298 τοῖς
1129 2234 1259 2309 μαθηταῖς
1273 2227 1395 2302 αἴσθησιν
1410 2226 1601 2309 παρασχιῑν.’ό

147 2338 280 2384 curentur.
297 2322 429 2385 videntes
443 2323 592 2383 enimcum
601 2322 892 2407 studioseconspicien-
944 2346 991 2383 ται
1004 2329 1065 2404 γοῦν
1080 2322 1127 2382 καὶ
1140 2322 1184 2383 ἐπὶ
1196 2321 1246 2396 τὴν
1263 2319 1394 2403 ἐρώτησιν
1411 2312 1505 2394 ἦλθον.
1519 2319 1601 2404 ‘opu

144 2415 532 2495 tem,interrogaverunteuni:
546 2417 761 2496 Quispeceavit,
771 2418 829 2490 lie,
839 2428 892 2476 aut
946 2417 1023 2477 uiris
1036 2415 1185 2483 σπουδαίοις
1199 2413 1379 2497 προσέχοντα,
1397 2414 1601 2475 θπννθόνονιολ

143 2524 280 2592 parentes
291 2513 372 2592 ejus?
386 2510 467 2571 Falso
482 2509 547 2570 nixa
565 2508 747 2592 interrogatio.
768 2514 891 2588 Quomu-
945 2507 995 2575 tt<
1009 2507 1139 2590 ἥμαρτεν,
1154 2498 1276 2582 οὗτος,ἢ
1293 2510 1319 2567 οἱ
1336 2516 1421 2588 γονεῖς
1437 2509 1536 2579 αὐτοῖς
1549 2504 1601 2567 'Es

147 2602 266 2663 doenim
277 2603 891 2685 pecmssetantequammsoereturi’quomodo
944 2599 1113 2684 ἡὶρόιτησις.
1124 2601 1188 2668 Πῶς
1198 2598 1421 2682 γθιρθνῆμαρτι,
1445 2598 1601 2680 πρὶνῆγιπ

145 2695 182 2755 ob
189 2708 332 2777 parentum
340 2707 480 2777 peccatum
486 2693 891 2776 hicpunitusesseti'Quomudo
907 2708 927 2755 ιι
944 2698 1001 2762 πῶς
1016 2692 1044 2755 δὲ
1051 2740 1060 2769 ,
1072 2698 1125 2753 τῶν
1136 2691 1233 2774 γονέων
1245 2693 1427 2777 ἁμαρτόντοω,
1436 2692 1517 2760 αὐτὸς
1531 2690 1601 2753 tiu

146 2808 212 2869 ergo
223 2786 260 2848 ad
278 2787 349 2848 hanc
359 2801 493 2849 venerunt
504 2786 759 2869 interrogationem?
770 2790 892 2850 Antehac
945 2785 1030 2847 Πόθεν
1042 2777 1087 2846 οὖν
1096 2777 1177 2859 ἦλθον
1191 2786 1235 2845 ἐπὶ
1249 2785 1299 2858 τὴν
1313 2783 1443 2866 ἐρώτησιν
1457 2784 1601 2859 ταᾶσηνςΙ

8 2891 135 2951 enatat.
145 2903 207 2943 cum
216 2880 399 2964 paralyticum
411 2879 528 2959 sanavit,
542 2878 616 2940 dixit
632 2882 732 2941 :Eece
742 2885 890 2966 sonussa-
943 2877 1043 2938 τωτθν
1052 2877 1267 2961 παραλελυμένον
1276 2876 1439 2958 θεραπεύων,
1450 2874 1558 2958 ἶλεγον
1569 2874 1601 2937 ’li

145 2989 209 3036 ctus
229 2996 260 3035 es
265 3000 277 3046 ,·
292 2974 356 3033 noli
376 2974 504 3053 amplius
516 2992 648 3055 peccare.
671 2973 807 3055 Discipuli
825 2996 891 3057 ergo
943 2971 1060 3054 γέγονας·
1074 2970 1170 3051 μηκέτι
1184 2970 1330 3054 ἇμόρτανι.
1342 2959 1426 3029 oinos
1439 2968 1529 3029 τοόνυν
1543 2971 1601 3029 &aa

145 3065 342 3128 considerante
354 3066 435 3126 illum
447 3078 557 3148 propter
574 3079 714 3146 peccatum
730 3066 759 3127 in
780 3069 890 3152 paraly-
944 3063 985 3124 ότι
998 3067 1095 3132 θιιιῖνος
1109 3065 1142 3122 δι’
1157 3060 1289 3144 ἁμαρτίας
1301 3060 1456 3141 παρελύθη,
1480 3058 1601 3141 λέγουσιν

144 3160 187 3221 sin
200 3158 337 3235 incidisse,
358 3157 474 3219 dicunt:
495 3158 570 3237 Esto,
591 3158 638 3218 ille
658 3173 769 3242 psopter
781 3177 890 3242 peccata
944 3159 1040 3224 ἐκεῖνος
1055 3157 1088 3215 δι’
1098 3154 1280 3236 ἁμαρτήματα
1295 3153 1445 3235 παριλόθη·
1455 3150 1601 3234 'explevi

145 3254 172 3311 in
189 3252 326 3333 paralysin
344 3250 480 3327 inciderit5
495 3251 531 3311 de
544 3250 670 3330 hocquid
686 3250 810 3313 dixeris?
823 3276 889 3316 num
944 3250 975 3309 ἂν
993 3248 1089 3323 εἴπαις
1105 3239 1179 3315 οἶτος
1194 3247 1328 3328 ἥμαρτον,
1343 3245 1412 3307 Ἀλλ’
1427 3250 1477 3306 οὐκ
1493 3246 1567 3306 ἔστιν
1582 3247 1601 3305 sl

144 3344 190 3404 hic
205 3344 347 3425 peccavit?
362 3346 469 3405 Verum
483 3342 512 3402 id
522 3343 577 3403 dici
590 3344 703 3422 nequit:
719 3367 814 3406 nanta
838 3370 887 3408 na-
942 3347 1050 3423 γενετῆς
1065 3341 1118 3421 γόρ
1135 3344 1192 3401 ἐστι
1206 3338 1310 3420 τυφλός.
1319 3339 1389 3399 Ἀλλ’
1404 3341 1429 3399 ol
1442 3347 1528 3420 γονεῖς
1545 3340 1601 3399 mitt

143 3437 249 3496 tivitate
261 3458 348 3496 caeeus
360 3450 410 3496 cst.
424 3438 495 3496 Num
516 3437 585 3496 sorte
599 3451 723 3518 parentes
733 3439 811 3519 ejus?
831 3443 887 3502 Ne·
942 3433 1002 3496 οὐδὲ
1016 3438 1103 3493 τοῦτο.
1124 3434 1194 3500 Παῖς
1208 3431 1261 3513 γθρ
1278 3430 1345 3513 ὑπὲρ
1358 3430 1460 3512 πατρὸς
1474 3433 1505 3490 οὗ
1522 3431 1601 3492 δίθωο

143 3551 196 3610 que
210 3529 261 3588 hoc
273 3529 328 3589 dici
337 3541 424 3609 potest
436 3551 443 3586 ι
455 3528 531 3588 filius
545 3528 618 3588 enim
626 3550 677 3610 pro
690 3543 768 3610 patre
777 3552 831 3592 non
841 3532 889 3594 dat
942 3526 1049 3608 Ὥσπερ
1067 3515 1113 3585 οὖν
1131 3524 1235 3585 παιδίον
1251 3523 1413 3603 κακούμεναι
1427 3528 1544 3604 ὁρῶντες
1554 3523 1601 3605 δή

143 3642 245 3703 poenas.
259 3622 298 3680 Ut
310 3640 375 3699 ergo
398 3639 513 3700 puerum
537 3618 632 3677 morbo
655 3618 823 3681 laborantem
843 3624 888 3684 vi·
943 3620 975 3680 όν
990 3644 1030 3687 τις
1044 3618 1115 3678 εἴποι
1128 3618 1190 3697 περὶ
1203 3616 1294 3677 sokun
1304 3639 1313 3692 3
1328 3616 1356 3675 τό
1368 3615 1522 3689 truanes
1536 3618 1601 3677 παιδ

143 3713 236 3774 dentes
250 3712 385 3771 dicimus:
401 3709 479 3787 Quid
490 3709 525 3768 de
534 3710 586 3769 hoc
599 3709 759 3790 dicendum,
771 3713 838 3793 quid
852 3718 889 3775 ie-
944 3717 1108 3796 ἐρωτῶντες,
1118 3709 1187 3770 ἀλλὰ
1200 3711 1399 3790 διαποροῦντες·
1410 3707 1481 3768 οὕτω
1494 3707 1529 3781 δὴ
1541 3709 1601 3770 καὶ.

144 3806 181 3865 cit
192 3805 237 3864 hic
248 3803 334 3885 puer?
343 3824 395 3863 non
409 3800 540 3882 rogando,
556 3799 602 3860 sed
615 3800 783 3865 dubitando:
794 3807 834 3866 sic
847 3806 889 3866 di·
906 3819 926 3866 Β
943 3805 988 3863 ταὶ
1014 3806 1043 3863 οὐ
1062 3807 1184 3862 τοσοῦτον
1207 3805 1355 3883 ἐρωτῶντος
1369 3807 1447 3860 τοῦτο
1461 3801 1565 3881 ἔλεγον,
1583 3805 1601 3863 d

144 3896 242 3979 scipuli
257 3909 372 3956 nontam
386 3891 575 3972 interrogando
589 3913 672 3970 quam
683 3893 844 3977 dubitando,
860 3900 891 3960 id
946 3900 1058 3979 ροῢντις.
1071 3894 1109 3954 Ti
1127 3886 1170 3954 σόν
1181 3891 1333 3976 δΧρισιός,
1345 3891 1416 3953 otu
1430 3886 1507 3961 οἶτος
1521 3893 1601 3975 ἦμαρ

143 3989 279 4050 dicebant.
294 3986 370 4062 Quid
379 4006 443 4067 ergo
453 3984 596 4044 Christus?
611 3987 639 4044 5.
654 3988 756 4068 Neque
767 3991 815 4049 ‚tic
822 4013 889 4072 pec·
944 3992 968 4049 oi
986 3997 1069 4068 γονεῖς
1093 3992 1180 4047 αὐτοῦ.
1197 3983 1327 4046 Τοῦιοδθ
1348 3989 1398 4066 οὐχ
1415 3986 1601 4067 ἇμαρτημότα

143 4087 234 4156 cavit,
249 4102 343 4162 neque
350 4092 486 4162 parentes
503 4080 575 4159 ejus.
590 4078 672 4152 Quod
693 4101 746 4139 non
759 4080 837 4159 dicit,
859 4100 889 4145 ut
942 4081 1045 4141 λάττων
1056 4079 1147 4146 αὐτούς
1160 4101 1238 4158 φησιν
1264 4077 1305 4157 (οὗ
1314 4076 1366 4158 γὰρ
1377 4080 1470 4145 ἁπλῶς
1488 4070 1601 4153 sinen(

145 4196 190 4234 cos
203 4194 312 4255 prorsus
322 4170 438 4254 peccatis
458 4169 558 4228 liberos
572 4168 673 4229 indicet
691 4174 702 4247 (
711 4192 797 4252 neque
817 4176 889 4236 enim
943 4197 988 4242 τος
1006 4173 1134 4252 ἥμαρτεν,
1154 4173 1212 4232 οὔτε
1226 4176 1251 4232 οἱ
1264 4180 1348 4252 γονεῖς
1361 4174 1455 4232 αὐτοῦ·
1472 4171 1601 4233 1ἀιλίο

146 4266 306 4348 simpliciter
314 4263 396 4338 dixit,
404 4265 507 4342 Neque
518 4263 566 4320 iric
574 4264 718 4341 peccavit,
732 4286 827 4347 neque
833 4290 889 4350 pa·
944 4268 987 4326 ἵνα
1001 4265 1097 4346 τυφλὸς
1111 4270 1254 4345 γεννηθῇ),
1271 4267 1330 4325 ἀλλ’
1354 4264 1397 4325 ἵνα
1417 4263 1535 4345 δοξασθῇ
1556 4271 1571 4329 ὁ
1590 4269 1601 4328 l

146 4372 241 4418 rentes
256 4362 318 4439 ejus
325 4381 337 4426 ;
347 4355 392 4416 sed
404 4354 511 4415 addidit
523 4378 530 4411 ι
541 4354 580 4414 Ut
597 4374 681 4414 caecus
704 4367 886 4437 nasceretur),
945 4362 1022 4419 Θεοῦ.
1036 4356 1162 4438 Ἥμαρτε
1177 4355 1224 4435 μὲν
1243 4355 1296 4439 γθρ
1309 4354 1355 4416 καὶ
1369 4347 1461 4431 οὗτος,
1478 4358 1526 4417 καὶ
1538 4363 1601 4440 olgi

147 4449 196 4509 sed
211 4462 241 4508 ut
254 4447 421 4527 glorificetur
440 4446 527 4505 Filius
541 4446 603 4504 Dei.
631 4448 757 4507 Peccavit
775 4470 889 4531 namque
898 4459 1005 4534 mcci·
1020 4451 1077 4510 ἀλλ’
1098 4452 1147 4508 οὐκ
1165 4453 1290 4523 ἐντεῦθεν,
1308 4448 1397 4530 φησὶν,
1411 4453 1429 4521 ἡ
1445 4450 1601 4530 πήρωσιςθ

147 4540 193 4600 hic
208 4554 233 4600 et
248 4551 372 4620 parentes
385 4538 462 4619 ejus:
476 4535 589 4596 sednon
603 4537 667 4598 inde
683 4539 787 4601 caecitas
802 4543 886 4605 venit.
907 4554 927 4599 Δ
945 4543 1042 4623 ἔλεγεν,
1062 4544 1178 4601 οὔτοῦτο
1192 4540 1337 4620 ἐμφαίνων,
1355 4540 1397 4599 ότι
1410 4531 1486 4610 οὗτος
1499 4542 1551 4622 μὲν
1561 4546 1601 4627 οὐ)

147 4634 213 4693 Hanc
232 4652 314 4714 porro
324 4629 401 4705 dicit,
416 4628 659 4709 nonutindicaret,
674 4632 813 4693 nonhunc
826 4636 889 4714 qui·
945 4636 1021 4695 ἄλλοι
1034 4632 1142 4700 δότινις
1154 4630 1292 4692 ἐκτοότων
1304 4630 1601 4712 ἐτορλῶθησαντῶναθ

146 4725 220 4803 dem,
235 4720 360 4783 sedalios
370 4721 414 4779 his
430 4720 561 4781 decausis
573 4742 656 4781 caecos
675 4722 769 4802 luisse,
792 4746 889 4809 nempe
945 4727 991 4796 τὰς
1009 4731 1061 4786 τῶν
1072 4723 1169 4805 γονέων
1183 4722 1323 4804 ἁμαρτίας.
1338 4722 1409 4784 otti
1420 4724 1474 4808 γὰρ
1484 4725 1542 4802 ἔνι,
1557 4730 1601 4810 ἃμ

148 4818 184 4878 oh
195 4828 339 4900 parentum
353 4812 522 4894 iniquitatem
541 4837 547 4870 :
564 4834 649 4893 neque
661 4815 734 4876 enim
746 4816 823 4895 licet,
834 4818 889 4880 alio
943 4844 987 4888 τος
1002 4818 1106 4900 ἑτέρου,
1126 4816 1282 4886 κολάζεσθαι
1299 4813 1396 4898 ἕτερον.
1408 4817 1488 4878 'Emi
1503 4822 1528 4880 ei
1543 4827 1601 4882 τοῦι

179 5009 191 5033 ι
207 4990 255 5042 ilii
265 4997 318 5061 πορθ
327 4992 407 5043 τούτου
419 4994 449 5042 τό.
956 4993 1080 5059 aptiorem
1093 4987 1178 5042 sedem
1190 4988 1265 5040 alicui
1276 4987 1601 5062 habituravidennturpw

179 5073 192 5112 b
209 5077 262 5125 ἀλλ’
275 5079 401 5137 λπηγαγιν,
411 5075 446 5121 ἵνα
457 5072 540 5137 replis
549 5076 651 5139 γεννηθῇ.
667 5072 742 5139 Atqui
759 5069 813 5123 hmo
829 5070 905 5123 verba
955 5069 1066 5138 responsi
1079 5081 1176 5136 partem
1189 5072 1250 5137 (sier
1262 5079 1282 5124 οἱ
1294 5076 1455 5136 pientissimi,
1468 5080 1505 5127 ἱνα
1518 5082 1601 5145 αυρὶλς

146 5168 268 5219 „empnam
280 5153 307 5201 iu
320 5145 456 5217 Evangelio
464 5149 630 5213 reperiuntur.
645 5148 721 5215 [sunt
732 5166 762 5202 en
773 5149 849 5203 verba
865 5149 906 5202 di·
954 5162 990 5214 at,
1003 5167 1061 5201 cum
1073 5146 1156 5200 Codd.
1171 5146 1196 5198 in
1208 5146 1258 5199 linc
1269 5144 1544 5219 ordineconsentinnt,
1555 5170 1601 5207 nm

147 5231 300 5299 scipulorum
314 5232 340 5281 in
359 5244 403 5280 ore
415 5224 528 5295 Magistri
546 5228 662 5293 repetim.
673 5229 737 5291 Qun
755 5242 784 5281 ιιι
799 5229 904 5282 tortasse
953 5227 1116 5284 stinctioncn
1127 5228 1250 5279 orationis
1259 5226 1365 5294 paulum
1384 5230 1572 5303 mutavimus]
