3750 5940
61 448 81 497 ·..
106 448 226 499 ιινιιι.
252 427 302 501 al.
330 448 437 501 srvit.
780 420 851 516 4⁶3

107 571 221 652 eunus,
235 585 267 633 ut
288 573 363 634 Deus
383 572 470 654 gloria
485 569 631 633 alliciatur.
648 570 719 631 Nam
741 570 791 647 ait,
802 572 853 634 Vn

107 686 186 729 servo
203 666 259 743 illi,
281 688 331 748 per
347 686 429 746 quem
452 684 550 725 nomm
577 663 629 725 Dei
649 664 855 746 blasphematur

108 757 237 838 (pundo
253 772 343 820 autem
356 761 407 822 Va
423 757 535 835 dieitur,
547 756 636 819 omnis
654 758 790 819 msseiams
811 778 853 819 se·

107 852 201 928 quitur
216 862 296 931 atque
311 850 495 932 supplicium)
509 872 517 909 t
533 851 628 912 beatus
640 863 731 911 sutem
742 850 790 913 ille
799 862 851 928 est,

64 963 155 1041 ’ὥρα
172 963 253 1023 quem
266 964 362 1005 nomen
371 944 432 1025 ejus
445 943 602 1005 bonorntur.
610 945 654 1005 No
662 943 754 1024 itaque
766 943 853 1005 simus

72 1056 93 1101 Α
107 1036 185 1115 quasi
193 1037 222 1096 in
234 1037 359 1115 tenebris,
369 1036 416 1098 sed
427 1038 517 1098 omnia
527 1051 635 1120 peomta
643 1037 853 1119 iugiamttsmn-

107 1129 181 1190 rime
189 1143 280 1191 autem
288 1129 335 1191 illa
348 1151 409 1210 que
417 1129 594 1212 inpublieom
606 1128 753 1212 perniciem
765 1142 852 1191 trans·

105 1235 187 1281 eunt:
198 1222 226 1282 in
243 1221 288 1282 bis
299 1223 372 1283 enim
385 1223 623 1305 prasertimDeus
633 1222 848 1306 blasphematur.

105 1313 196 1387 Quam
215 1315 289 1376 enim
309 1314 417 1376 veniam
435 1315 678 1395 consequammi
700 1314 763 1377 eliis
782 1313 1006 1423 derewffl'ss':t

102 1407 183 1488 jussi,
193 1408 281 1469 aliena
302 1407 458 1490 rap'umus?
471 1430 533 1488 qun
549 1408 629 1469 nobis
642 1409 694 1471 erit
705 1429 766 1492 spes
778 1410 850 1489 nalu-
860 1454 957 1502 „m

105 1501 162 1561 tis?
180 1502 211 1562 Si
233 1501 395 1563 esurientem
414 1522 468 1563 non
483 1502 550 1579 alus,
566 1501 701 1584 punieris3
726 1502 751 1565 si
770 1502 852 1565 indu·

105 1607 164 1655 tum
187 1616 281 1672 exuas,
297 1616 380 1675 quum
395 1595 565 1677 oonsequeris
586 1595 712 1656 veniam?
722 1596 787 1657 llee
800 1598 854 1659 ire·

105 1700 217 1766 quenter
235 1688 326 1749 dioere
346 1708 399 1749 nou
417 1688 589 1750 cessabimus.
610 1690 750 1769 Fnrteqosi
771 1690 854 1751 hodie

106 1800 159 1839 uon
168 1779 291 1858 audiunt,
301 1801 360 1841 oras
371 1779 483 1841 audient
494 1803 502 1839 ι
512 1780 561 1860 qui
572 1802 631 1841 eras
643 1803 696 1841 non
705 1781 853 1857 attmsdent,

105 1870 236 1951 postridie
253 1871 374 1931 audient.
392 1871 475 1947 Quod
495 1873 580 1951 siqui
598 1873 765 1956 immorigeri
786 1875 852 1952 sint,

106 1985 154 2024 nos
167 1964 263 2024 saltem
285 1964 390 2025 innoxii
405 1964 541 2046 judicium
561 1986 615 2026 non
627 1967 792 2044 subibimus,
804 1968 854 2048 qui

70 2072 89 2121 n
105 2078 166 2135 qun
179 2069 269 2117 nostra
281 2069 358 2117 erant
363 2056 574 2139 impleverimus.
580 2058 693 2120 Utinam
702 2080 751 2119 nee
760 2060 854 2121 nonde

105 2149 187 2209 dictis
207 2150 404 2225 erubesosmus,
417 2169 467 2210 neo
488 2170 539 2211 vos
559 2150 663 2233 pudore
684 2152 853 2227 afficiamini,

108 2242 155 2302 sod
166 2263 259 2302 omnes
268 2262 332 2302 cum
341 2242 443 2303 fiducie
456 2256 528 2305 sure
543 2243 679 2325 possimus
694 2258 758 2306 ante
767 2246 854 2306 tribu·

111 2336 155 2395 nal
168 2335 281 2411 Christi,
295 2348 327 2395 nt
341 2348 367 2395 et
384 2355 434 2397 nos
444 2336 618 2418 possimnsin
631 2336 711 2400 vobis
728 2338 852 2419 ghrinri,

108 2427 197 2508 dequse
215 2428 295 2489 malis
316 2427 415 2488 nostris
431 2428 551 2508 aliquam
563 2430 772 2493 oonsolationem
783 2431 854 2492 seci-

109 2541 185 2601 pe1e3
193 2533 311 2580 vostram
321 2540 418 2601 nempe
428 2520 624 2601 probationem,
633 2523 661 2584 in
673 2522 782 2584 Christo
790 2528 854 2587 lesu

109 2611 226 2673 Domino
244 2626 347 2689 nostro,
368 2612 480 2692 quicum
506 2614 581 2675 Patri
602 2614 699 2697 gloria,
718 2615 854 2697 simulque

108 2703 223 2785 Spiritui
236 2716 327 2765 uncto
336 2703 364 2763 in
378 2705 484 2765 seculo.
499 2709 592 2768 Amen.

61 3016 835 3049 ΨἪ

327 3190 484 3252 Homul
510 3192 639 3256 LXVlll.

68 3390 87 3439 c
109 3373 285 3436 Cur.Xll.v.
296 3376 541 3460 &Responderi
553 3382 852 3446 turbarli'osaudiei-

148 3487 211 3527 mus
224 3488 261 3527 ex
276 3468 348 3550 lege,
364 3472 444 3552 quod
462 3473 596 3534 Christro
610 3488 711 3536 manet
722 3480 756 3536 in
770 3491 852 3538 ceter-

148 3581 216 3618 num
231 3583 240 3616 .·
253 3572 283 3619 et
294 3564 439 3642 quomodo
451 3577 482 3624 tu
493 3566 577 3638 dieis,
588 3568 707 3647 Oportet
725 3571 854 3630 exaltari

147 3653 258 3714 Filium
264 3656 406 3717 bominis?
414 3658 487 3736 Quis
493 3671 536 3718 est
547 3662 601 3718 iste
606 3661 704 3721 Filius
711 3663 853 3722 bominis?

147 3841 173 3896 t.
197 3838 280 3898 Error
303 3838 471 3921 deprebensu
494 3843 581 3904 facilis
604 3858 632 3905 et
657 3845 782 3908 infirmus
803 3862 851 3924 est,

105 3931 208 3991 etiarnsi
229 3932 347 3991 exterius
373 3933 451 3992 mille
472 3934 635 4016 depingatur
653 3937 797 3999 eoloribus.
815 3940 852 4002 Et

106 4024 333 4103 quemadmodum
355 4024 387 4098 ii,
418 4025 465 4105 ‹pri
489 4027 573 4086 ruine
597 4029 736 4110 proximos
765 4034 851 4114 parie-

106 4131 145 4176 tes
162 4116 296 4193 oblinunt,
312 4137 364 4176 non
380 4116 442 4176 illos
459 4131 547 4178 tamen
570 4120 653 4180 illitos
672 4122 800 4183 llrmant‘:
812 4127 851 4186 sin

105 4208 151 4288 qui
171 4209 347 4285 mentiuntur,
363 4210 442 4270 facile
465 4212 636 4272 confutantur
650 4235 657 4271 ε
671 4213 702 4274 id
717 4217 791 4297 quod
806 4218 851 4278 bie

105 4303 176 4384 passi
191 4317 253 4362 sunt
262 4301 360 4365 iudai.
373 4304 443 4362 Nam
454 4303 563 4364 Christo
578 4304 643 4387 ipsis
651 4305 765 4389 dicente,
775 4312 850 4372 Cum

66 4412 86 4460 1)
105 4395 253 4455 exaltatus
264 4396 361 4476 suero,
375 4408 485 4455 eterra
499 4416 599 4458 omnes
613 4401 732 4460 naham
741 4404 849 4464 adme-

104 4494 212 4570 ipsum;
226 4491 287 4549 Nos
307 4490 486 4563 audivimus,
503 4490 639 4570 inquiunt,
657 4514 678 4553 a
691 4495 763 4577 lege,
779 4492 851 4580 puin

106 4587 239 4644 Christus
250 4597 348 4644 manet
358 4587 703 4666 inoeteruum.Quomodo
717 4602 750 4651 tu
762 4593 847 4665 dinis,

107 4680 226 4758 Oportet
238 4677 367 4738 exaltari
373 4678 486 4737 Filium
496 4679 646 4740 bominis?
658 4682 731 4762 Quis
744 4696 788 4744 est
795 4688 850 4745 iste

106 4770 203 4828 Filius
212 4771 356 4828 bominis?
365 4770 469 4829 Norant
482 4768 567 4850 igitur
577 4768 716 4835 Christum
731 4796 787 4836 esse
799 4775 849 4834 im·

106 4859 255 4936 mortalem,
268 4874 294 4920 et
316 4860 402 4920 vitam
426 4860 524 4922 habere
547 4861 605 4922 sine
627 4865 749 4926 termino.
775 4866 849 4948 Ergo

105 4953 171 5034 quid
197 4953 298 5015 diceret
317 4952 510 5036 intelligebant.
524 4954 632 5016 Etenim
651 4957 678 5017 in
701 4958 848 5042 scripturis

106 5047 205 5129 passim
219 5061 244 5106 rt
265 5046 354 5128 passio
383 5060 408 5105 et
432 5048 590 5108 resurreetio
614 5052 847 5111 ocutmtnt.Nntn
871 5074 874 5079 ·

641 5314 673 5352 Ἠ
