3750 5940
168 442 237 529 elo
480 461 511 511 s.
538 460 682 512 rosuurs
708 458 894 510 cunrsosr.
921 459 1079 513 summu.

166 584 342 646 sermotiem
352 584 508 665 ostenderet,
519 599 545 646 et
553 600 584 645 ut
596 585 726 646 sciremus
735 583 797 643 ideo
806 584 907 665 ipsum,
939 615 952 633 ·
965 588 1091 669 (τῶτογι

167 675 270 738 oeteis
289 677 406 753 omissis,
427 678 501 739 bunc
520 679 626 739 adiisse.
641 674 719 753 Quid
743 696 807 756 ergo
832 675 909 736 infir·
965 674 1014 748 ιὴν
1027 700 1091 759 supr

169 769 252 829 musi
268 772 428 851 Respondit
450 776 477 831 ei
494 798 502 832 .·
518 773 655 844 Domine,
676 771 824 829 bominem
849 787 910 828 non
964 768 1026 835 λους
1044 770 1091 851 ipe

170 864 275 935 babeo,
290 875 323 923 ut
334 884 400 923 cum
411 865 633 946 turbatefieerit
645 884 736 943 αᾳιια,
752 866 850 921 mittet
865 882 911 923 me
965 856 1091 940 Ἀπεκρίθ

169 958 202 1012 in
212 957 358 1034 piscinam
376 980 386 1013 .·
402 958 570 1018 dumuenio
585 960 663 1017 enim
672 975 734 1036 ego,
747 954 824 1013 attus
840 966 911 1013 ente
965 948 1024 1022 tre,
1042 951 1090 1012 dre

169 1069 216 1107 me
225 1048 384 1109 descendit.
396 1049 461 1109 Ideo
469 1049 653 1131 interrogavit,
664 1051 714 1107 Vis
727 1047 910 1128 sanusfieri?
964 1043 1091 1125 lopdrltp

170 1151 201 1199 ut
213 1138 272 1199 bec
283 1139 444 1201 ediscamus.
459 1143 554 1221 Neque
562 1141 645 1217 dixit,
655 1140 707 1202 Vis
722 1152 752 1198 ut
760 1152 787 1197 te
800 1136 911 1197 sanem?
965 1136 1091 1196 xeredelu

166 1230 290 1291 nondum
308 1233 381 1293 enim
401 1246 473 1293 taum
492 1231 528 1293 de
547 1234 606 1316 ipso
628 1231 782 1291 habebatur
804 1227 909 1309 opinio;
966 1232 1042 1300 obem
1055 1226 1091 1287 ivs

168 1322 225 1398 sed,
238 1326 483 1408 Wssamtsfim'?
497 1324 636 1407 Stupenda
652 1343 763 1406 prorsus
777 1335 817 1381 est
831 1341 910 1402 para·
966 1339 996 1376 σε
1009 1323 1091 1398 deperi

167 1413 247 1495 lyrici
263 1416 459 1496 perseverantia
473 1441 480 1474 :
496 1438 543 1498 per
567 1416 679 1496 triginta
699 1428 725 1474 et
740 1426 806 1473 octo
817 1432 909 1489 annos,
964 1410 1027 1491 περὶ
1037 1413 1091 1471 ete

167 1504 235 1564 dum
244 1521 365 1588 speraret
373 1508 569 1589 singulisannis
577 1509 613 1568 ab
622 1505 782 1587 egritudine
790 1504 909 1579 liberari,
925 1505 945 1554 C
962 1506 1091 1584 rixepnp

167 1597 278 1677 mansit,
291 1620 340 1659 nec
347 1598 480 1661 discessit.
497 1599 610 1660 Etiamsi
619 1597 692 1659 enim
703 1619 756 1658 uon
767 1597 910 1679 preterita,
964 1593 1010 1654 ecl
1021 1600 1080 1655 καθ’

166 1710 256 1750 annon
268 1691 360 1750 futura
372 1705 494 1773 poteraut
509 1690 588 1751 illum
600 1712 617 1751 a
630 1692 690 1751 loco
702 1689 846 1768 abducere,
857 1687 909 1749 nisi
965 1710 1047 1765 ματος
1056 1711 1091 1769 πρ

166 1782 377 1863 patientissimus
386 1783 502 1844 luisset?
527 1784 623 1865 Cogita
642 1784 716 1845 enim
735 1804 798 1843 cum
811 1795 910 1863 qrranta
964 1779 1015 1861 γὰρ
1026 1780 1091 1858 μὴτ

166 1894 230 1933 cura
241 1874 404 1955 remugit
422 1874 575 1955 vigilarent
592 1877 686 1955 Neque
708 1874 783 1936 enim
802 1887 909 1955 tempus
964 1863 997 1944 ἦν
1010 1873 1088 1934 αὐτὸν

165 1987 219 2045 quo
232 1965 359 2047 agitems
369 1979 427 2028 erat
442 1981 628 2047 equqnotum
650 1982 722 2048 eret3
743 1966 790 2029 sed
804 1967 906 2043 claudi,
964 1961 1091 2037 Ι’Ἐννόηε

164 2072 192 2118 et
205 2058 297 2119 mutili
311 2060 454 2121 observare
466 2073 603 2141 poteran13
617 2060 680 2120 caeci
694 2081 758 2121 vero
772 2058 907 2140 quomodo
963 2056 1022 2124 τοὺς
1041 2058 1091 2137 κάρ

164 2149 306 2230 vidissent,
322 2150 374 2221 nisi
392 2151 504 2212 fortasse
523 2172 558 2211 ex
572 2165 649 2211 motu
659 2150 836 2213 didicissent?
963 2150 1022 2208 καθ’
1040 2149 1091 2210 ivi

963 2241 1091 2316 κυλλοὶήὅ

602 2388 606 2395 .
964 2332 1087 2394 lebret

202 2452 232 2508 2.
253 2445 868 2528 Errrbescamusergo,erubescamus,dilecti,
881 2461 907 2506 et
1004 2444 1092 2523 Αἰσχυ

163 2541 304 2622 lugeamus
322 2540 358 2602 de
375 2555 465 2602 nostra
488 2554 561 2601 tanta
584 2541 705 2620 segnitie.
724 2538 774 2599 llle
795 2539 906 2619 triginta
924 2546 944 2592 Ι)
963 2533 1091 2613 “utullus

162 2648 223 2694 octo
232 2634 311 2695 annis
325 2634 521 2716 perseveravit,
535 2631 666 2711 necquod
679 2630 786 2693 volebat
799 2653 906 2713 aecepe-
962 2627 1008 2701 tm
1023 2619 1078 2709 εἶχε

161 2740 218 2803 rat,
229 2748 314 2809 neque
331 2742 421 2788 temen
440 2727 562 2788 discessit
576 2752 584 2786 ε
598 2748 684 2806 neque
697 2748 732 2786 ex
743 2726 906 2807 negligentia
962 2720 1085 2781 ἐΰούλετο

161 2841 209 2880 sua
222 2840 276 2881 non
289 2833 470 2901 consequutus
487 2834 541 2898 est3
553 2820 600 2882 sed
619 2820 682 2880 aliis
697 2819 905 2903 impedientibus
960 2815 1034 2895 παρὰ
1046 2814 1091 2889 τὴν

159 2907 271 2991 vimque
287 2932 399 2995 pussus3
416 2932 504 2991 neque
522 2927 611 2973 tamen
627 2926 767 2995 propterea
782 2911 904 2971 animum
960 2907 1057 2989 ἐτέρων
1078 2932 1091 2968 x

158 3004 325 3087 despondit:
340 3026 389 3065 nos
406 3027 471 3068 vero
484 3006 507 3066 si
520 3004 614 3067 decem
635 3004 732 3066 diebus
752 3026 904 3087 persevere-
958 3006 1035 3079 ἡμεῖς
1046 3003 1091 3062 dii

159 3118 221 3158 mus
242 3118 292 3179 pro
310 3119 340 3157 re
357 3097 449 3177 alique
468 3113 622 3180 precantes,
647 3118 695 3158 nec
714 3097 902 3179 impetremus,
958 3091 1091 3173 ὖπίρτινο

158 3188 257 3249 deinde
273 3204 409 3271 torpemus
423 3191 450 3249 in
465 3190 558 3251 eodem
573 3189 728 3249 adhibendo
749 3191 848 3250 studio.
866 3193 903 3251 Et
957 3182 1091 3263 λῡῑπδντῗ

158 3280 205 3359 qui
226 3280 381 3341 bominibus
398 3295 454 3340 tam
469 3280 599 3340 diuturno
617 3294 736 3361 tempore
752 3281 900 3354 haeremus,
957 3274 1005 3351 μὲν
1026 3284 1091 3335 τοσά

159 3373 315 3448 militantes,
335 3374 361 3432 in
381 3374 508 3433 erumnis
526 3370 675 3448 versantes,
696 3374 804 3434 seruilia
821 3375 902 3434 mini·
956 3366 1000 3426 ml
1017 3369 1091 3427 sudet

158 3465 239 3525 steria
254 3480 429 3538 ,exercemes‚
443 3466 510 3526 etin
529 3466 584 3527 fine
593 3488 663 3549 saepe
675 3467 710 3525 ab
723 3465 769 3525 illa
783 3487 830 3547 spe
839 3488 897 3526 oon·
956 3460 1088 3527 διακονίας

6 3559 77 3648 ’ἒξ
80 3558 150 3650 ζῃθω
158 3562 288 3641 uidimus,
314 3563 388 3645 apud
413 3563 562 3623 Dominum
587 3577 724 3637 nostrum,
749 3563 798 3621 ubi
822 3563 901 3644 longe
956 3550 1060 3621 ἐλπίδος
1075 3557 1091 3613 ε’]

158 3659 244 3738 major
261 3679 361 3718 merces
379 3658 513 3738 sequitur,
533 3680 615 3737 quam
631 3658 684 3717 sint
705 3656 756 3738 ipsi
776 3655 896 3717 labores:
918 3645 1017 3707 Ηνθα
1039 3647 1091 3707 πάν

7 3763 73 3810 ltom.
88 3764 111 3810 5.
123 3765 146 3812 5.
157 3772 221 3810 nam
234 3752 314 3833 Spes,
327 3750 425 3829 inquit,
443 3771 502 3809 non
517 3751 687 3833 conjunclit5
706 3770 768 3809 cum
783 3770 830 3826 eo,
845 3771 899 3829 quo
956 3739 1038 3816 μείζω
1053 3741 1089 3797 τῶ

156 3865 207 3925 par
225 3856 293 3905 esset
312 3842 402 3902 studio
421 3864 589 3923 perseverare
604 3864 657 3902 non
674 3843 846 3902 sustinemus.
863 3843 900 3902 Et
955 3831 996 3890 “lt
1003 3837 1022 3906 b
1038 3835 1086 3891 Οὐκ

154 3950 255 4015 quanto
278 3956 331 3995 non
353 3934 487 4016 supplicio
505 3935 564 3993 baec
582 3934 665 4014 digua
687 3935 804 3993 brerint?
829 3936 899 3996 Nam
954 3923 1091 3998 remoue«

154 4028 259 4088 etiarnsi
279 4026 349 4088 nibil
371 4026 507 4107 accepturi
525 4047 659 4102 essemus,
673 4026 716 4085 vcl
736 4026 788 4085 boc
808 4027 897 4108 ipsum
954 4019 987 4077 Εἶ
1005 4016 1056 4096 γὰρ
1076 4040 1091 4075 κ

153 4120 225 4199 quod
237 4122 387 4201 frequenter
400 4119 598 4199 alloqueremur
617 4109 679 4179 errni
687 4165 696 4196 ,
711 4141 799 4179 annon
819 4121 897 4181 bonis
906 4157 942 4196 ,ω
953 4113 1025 4190 αὐτῷ
1047 4110 1091 4168 διὰ

154 4211 301 4272 innumeris
315 4211 537 4293 aequiparandum
561 4211 647 4270 esset?
658 4212 713 4271 Sed
722 4215 840 4293 precatio
854 4213 896 4272 la·
915 4219 934 4258 Α
952 4206 1090 4280 ἦγεῖῦθαῑὶ

153 4302 259 4363 boriosa
274 4317 299 4363 et
312 4303 420 4363 assidua
441 4324 499 4362 esse
515 4301 616 4362 debet?
634 4302 741 4383 Ecquid
755 4305 783 4364 in
797 4304 897 4366 virtute
951 4296 1024 4366 ῑῖπὲ,
1034 4298 1082 4353 Οὔκ

152 4413 206 4456 uon
229 4394 394 4454 laboriosum
418 4394 551 4456 estivel
574 4395 626 4455 boc
647 4395 753 4478 ipsum,
777 4397 893 4476 inquies,
951 4388 1091 4467 ttffbml

152 4484 232 4547 valde
252 4486 364 4544 anxium
379 4486 484 4563 reddit,
499 4487 572 4566 quod
588 4489 734 4566 nequitiam
752 4490 892 4572 voluptas,
949 4483 1091 4563 viderim]

152 4579 280 4642 virtutem
290 4578 368 4638 lab'or
378 4579 520 4640 comitetur
534 4583 703 4662 :multosque
715 4583 833 4644 arbitror
847 4583 892 4643 id·
949 4584 1008 4653 tote
1020 4577 1091 4663 οἶμαι

184 4779 198 4806 ²⁵
209 4778 318 4844 [iusim
329 4782 463 4849 rel‚tuiprr,
475 4787 541 4848 puel,
554 4770 675 4851 hupenci
684 4785 708 4833 δὲ
726 4787 764 4834 eiu
776 4789 821 4849 ἔχω
833 4780 909 4834 Suril.
994 4793 1003 4813 ⁸
1015 4776 1091 4834 llorel

141 4852 268 4910 'etGodd.
277 4859 380 4924 nostri]
994 4862 1058 4928 ‘¹[p.
1071 4870 1091 4914 ei

183 4940 198 4979 b
208 4936 257 4989 stit
269 4946 311 4992 τοῦ
320 4948 399 4992 τόπον.
412 4944 513 4995 ἐννόησον
525 4945 570 5008 γάρ
579 4960 628 5003 μοι.
640 4937 702 4989 Post
710 4936 763 4990 brec
773 4938 862 5005 uerba,
874 4950 913 4995 τοῦ
960 4939 1091 5003 Medd]

149 5028 229 5083 mee,
240 5013 265 5067 in
276 5034 320 5067 suu
329 5013 538 5082 interpretatione
547 5012 635 5082 adjicit
644 5019 688 5069 Fr.
698 5019 828 5069 Aretinus:
840 5017 913 5090 ρηο-
993 5034 1005 5059 ·
1016 5020 1058 5071 Sic
1076 5020 1091 5072 S

148 5099 219 5147 niam
239 5094 386 5147 incredibile
397 5104 452 5144 eret
468 5092 576 5162 reliquos
594 5107 700 5162 oegmtos
716 5099 824 5162 priorem
840 5098 911 5148 illum
961 5107 999 5151 xil
1019 5108 1060 5159 τὴν
1079 5105 1091 5151 l

148 5172 248 5243 ingredi
258 5174 412 5224 deutereses.
424 5168 476 5224 Sed
486 5173 513 5222 in
532 5169 607 5224 nullis
619 5171 713 5224 Grecis
725 5173 910 5241 exemplaribus
959 5184 1065 5247 tpotpu.
1079 5200 1091 5230 τ

147 5251 201 5304 brec
212 5252 399 5321 exprimuntur.
