3750 5940
53 456 90 506 rr
115 457 159 505 nr.
184 458 314 507 nrvrrn.
774 439 841 536 757

98 601 206 639 norum.
224 586 282 660 Age
299 601 373 661 ergo,
389 581 567 657 dilectissimi,
577 582 796 677 quandoquidem
815 586 843 646 iu

98 680 206 718 arenam
220 660 347 720 doctrina
358 660 559 738 descendimus,
568 663 743 754 precedentis
752 664 844 727 Evan-

99 739 162 817 gelii
175 738 336 799 documenta
352 756 547 823 persequentes,
566 763 600 801 us
615 764 674 821 quae
690 744 771 823 paulo
783 759 845 804 aute

99 819 171 877 dicta
183 819 281 878 suntin
293 822 504 898 manussumtis,
513 821 593 881 vobis
605 820 732 881 omuibus
740 821 845 884 debitas

99 921 116 956 a
131 898 208 957 nobis
221 899 350 958 orationis
360 900 457 974 stillas,
471 900 547 979 quasi
562 901 632 960 roris
642 914 742 979 guttas,
755 924 845 983 asper-

100 998 204 1057 gamus.
223 979 306 1037 Porro
324 979 419 1040 divitis
435 979 513 1039 uobis
523 993 549 1038 et
561 979 689 1070 pauperis
706 999 844 1042 couversa-

99 1058 199 1115 tionem
210 1057 290 1116 lectio
304 1060 448 1118 narrabat:
464 1058 559 1119 divitis
572 1057 682 1138 quidem
697 1059 783 1119 vitam
797 1060 845 1120 de-

97 1135 168 1195 liciis
178 1137 348 1215 immersam,
360 1139 485 1218 pauperis
494 1152 585 1197 autem
594 1139 681 1198 vitam
688 1153 845 1220 paupertate

98 1231 268 1276 maceratam.
285 1219 381 1275 Homo
391 1219 512 1299 quidam
522 1230 586 1277 erat
597 1219 688 1288 dives,
701 1231 731 1277 et
742 1220 844 1278 iudue-
856 1242 908 1287 tue.
916 1243 993 1304 ¹⁶³9·

99 1298 186 1354 batur
199 1299 287 1370 bysso
300 1309 329 1355 et
339 1317 480 1377 purpura,
497 1300 548 1378 qui
556 1298 734 1376 epulabatur
745 1303 844 1379 quoti-

64 1371 80 1416 Β
98 1377 146 1432 die
158 1376 318 1454 splendide.
334 1379 410 1436 Erat
432 1390 530 1435 autem
551 1378 674 1458 quidam
694 1379 843 1439 mendicus
856 1405 943 1451 ura„
954 1419 993 1452 20,

100 1458 217 1512 nomine
230 1457 372 1527 lazarus,
384 1459 435 1537 qui
443 1459 562 1536 jacebat
571 1457 613 1514 ad
621 1459 751 1537 januam
767 1457 844 1516 diri-

100 1537 147 1604 tis,
162 1535 305 1593 ulceribus
317 1536 433 1614 plenus,
447 1548 475 1593 et
487 1556 523 1594 cu
543 1539 605 1594 iens
621 1539 766 1614 particeps
769 1537 843 1618 fieri

100 1616 253 1684 micarum,
270 1635 335 1692 quoe
348 1615 494 1675 cadebant
561 1635 661 1674 maresa
676 1617 775 1675 divitis
792 1630 843 1676 :et

101 1713 185 1751 nemo
196 1693 243 1751 illi
253 1694 360 1768 dabat,
372 1695 461 1752 sedet
472 1713 560 1752 canes
573 1697 733 1753 ueniebant
743 1707 772 1753 et
784 1696 843 1754 lin-

118 1775 207 1830 ebant
226 1773 326 1831 ulcera
366 1776 416 1831 'us.
432 1774 529 1852 Opera
546 1774 664 1852 pretium
683 1787 723 1832 est
740 1773 841 1852 itaque,

98 1792 283 1926 dilectissimi,
298 1796 437 1944 siqidatim
448 1852 506 1911 lraec
519 1873 662 1932 exponere,
675 1866 705 1912 ut
717 1853 844 1931 quemad-

101 1929 212 1989 modum
223 1931 274 2003 illi,
293 1954 339 2010 qur
351 1931 496 2009 navigant,
508 1952 543 1990 ex
556 1952 649 1990 eorum
663 1933 712 2010 qui
726 1933 842 2012 nariga-

100 2010 172 2068 tione
182 2024 243 2068 ante
253 2011 385 2090 perfuncti
396 2024 470 2086 sunt,
483 2011 561 2070 malis
572 2011 670 2088 edocti,
678 2032 727 2071 uos
735 2032 843 2091 quoque

101 2090 229 2169 naufraga
242 2091 293 2149 sub
306 2090 375 2149 mari
385 2090 494 2148 latentia
504 2112 569 2150 saxa
580 2090 696 2151 vitemus
710 2114 717 2148 ι
731 2104 762 2149 ut
772 2091 843 2150 divi-

101 2182 139 2226 tes
147 2168 256 2247 quidem
265 2191 299 2229 ex
310 2169 481 2252 praecedentis
489 2169 584 2229 divitis
597 2170 732 2252 supplicio
742 2170 844 2251 seipsos

102 2249 252 2327 corrigant;
273 2270 404 2331 pauperes
423 2269 498 2326 vero,
518 2249 584 2308 dum
607 2250 793 2331 praefulgentes
815 2252 843 2309 iu

103 2328 202 2387 Lazaro
223 2349 283 2410 spes
302 2350 364 2387 suas
385 2329 531 2405 intuentur,
544 2329 667 2388 alacriter
681 2349 790 2388 cursum
804 2330 845 2387 af·

102 2407 229 2467 llictiouis
246 2407 398 2467 decurrant.
411 2410 507 2466 Homo
528 2411 650 2498 quidam
671 2421 734 2468 erat
751 2409 842 2468 dives.
892 2477 895 2484 ,

103 2489 163 2546 Nou
181 2486 307 2566 diguatus
328 2502 368 2547 est
388 2508 450 2546 eum
470 2489 588 2547 nominis
605 2488 648 2547 sui
668 2487 846 2568 appellatione

68 2566 239 2645 cdecorare,
265 2566 492 2646 quemadmodum
514 2567 567 2627 Job
591 2568 695 2648 justum
718 2590 725 2624 :
749 2569 845 2625 Homo
855 2588 908 2634 lat.
928 2600 948 2631 ι,
974 2601 994 2632 r.

53 2674 54 2678 ¹
105 2648 226 2726 quidam
241 2661 303 2706 erat
319 2652 351 2705 in
366 2651 482 2727 regione
503 2646 651 2718 Ausitide,
672 2650 721 2706 eui
741 2666 847 2706 nomen

53 2764 54 2770 κ
105 2729 173 2785 lob.
187 2727 242 2786 Sed
262 2726 343 2806 hujus
366 2747 461 2784 nomon
483 2725 591 2785 silentio
609 2740 649 2785 est
663 2746 845 2807 suppressum.

53 2836 54 2842 κ
107 2806 161 2876 Qui
173 2806 245 2864 enim
254 2819 293 2864 est
304 2807 494 2879 infructuosus,
506 2805 588 2864 etiam
599 2805 706 2864 nomine
734 2804 846 2864 rivatur.

105 2887 176 2945 Nam
189 2887 324 2966 justorum
344 2885 424 2944 etiam
447 2884 555 2942 nomina
570 2884 674 2944 suntin
689 2827 848 2960 trireme,

125 2979 275 3023 cecatorum
287 2986 351 3023 raro
364 2964 470 3023 nomina
481 2963 651 3023 delebuntur.
665 2965 785 3023 Tantum
799 2963 846 3021 ha·

104 2987 267 3104 ictuatum
285 3065 427 3103 commune
447 3063 558 3118 nomen,
574 3043 655 3102 homo
677 3067 684 3100 r
703 3043 755 3101 hue
777 3041 848 3101 enirn

53 3177 54 3180 ,
106 3123 228 3183 omnium
248 3136 286 3182 est
307 3144 449 3182 commune
470 3143 564 3181 nomen
580 3123 741 3204 :propriam
759 3135 849 3180 autem

53 3244 54 3248 κ
107 3203 233 3281 nequitia*
249 3225 304 3261 suae
320 3201 515 3261 crudelitatem.
538 3204 635 3260 Homo
648 3203 768 3284 quidam
786 3214 850 3260 erat

108 3285 197 3342 diras.
214 3285 349 3361 (loquutus
358 3281 468 3361 quidem
478 3281 603 3372 pauperis
614 3283 719 3357 Lazari,
733 3280 757 3340 si
771 3294 850 3339 uatu-

53 3414 55 3422 ,
108 3385 165 3420 ram
177 3363 297 3443 corporis
306 3376 424 3442 spectes,
438 3381 595 3441 peregrinus
603 3375 693 3420 autem
704 3375 731 3420 et
746 3360 850 3420 alienus

53 3482 55 3487 »
108 3443 142 3500 ab
154 3442 307 3502 haereditate
321 3441 423 3500 Christi
435 3455 544 3522 propter
555 3440 703 3500 voluntatis
720 3439 851 3522 improbi·

53 3572 55 3587 ‚
109 3535 198 3581 tatem.
212 3525 308 3580 Homo
319 3522 441 3602 quidam
452 3534 526 3580 erat.
541 3520 629 3579 Homo
639 3520 751 3600 quidam
761 3539 853 3600 corpo·

53 3641 56 3647 -
109 3602 147 3660 ris
161 3601 261 3683 specie,
275 3601 358 3660 animi
372 3621 437 3659 vero
450 3622 528 3660 sensu
543 3600 645 3675 bellua,
659 3622 719 3679 quae
737 3600 792 3658 sula
804 3619 852 3679 pa-

53 3721 56 3729 ·
110 3695 208 3740 scatur.
225 3685 321 3741 Homo
333 3682 454 3761 quidam
472 3694 535 3739 erat
550 3682 639 3739 dives.
655 3680 738 3739 Dives
751 3699 854 3759 posses-

53 3788 56 3800 ·
74 3779 92 3824 tr
111 3761 241 3834 sionibus,
255 3761 332 3820 dives
341 3760 511 3835 criminibus,
522 3758 598 3818 dives
609 3780 660 3817 tere
669 3759 766 3834 multo,
777 3757 855 3815 dives

53 3877 57 3887 ‚
111 3841 229 3917 aerugiue
240 3839 341 3921 pcccati
358 3863 364 3895 :
378 3853 487 3917 argento
501 3839 725 3916 circumfulgens,
741 3835 789 3895 sed
805 3835 855 3894 ob·

53 3959 58 3967 -
112 3921 264 3979 tenebratus
277 3918 392 3999 peccatis
408 3942 414 3973 :
428 3918 504 3975 dives
519 3917 546 3974 in
560 3935 626 3973 auro
634 3960 642 3991 ,
656 3915 704 3974 sed
717 3936 817 3995 egenus
827 3915 854 3973 iu

53 4029 59 4061 r
114 4000 220 4058 Christo
235 4000 296 4058 :cui
314 3997 399 4055 multa
416 3995 527 4074 quidem
549 3995 632 4052 vestis
652 4007 719 4070 erat,
735 3993 782 4054 sed
797 3994 855 4053 ani·

53 4119 59 4127 -
113 4100 185 4137 marn
200 4078 301 4136 nudam
312 4075 429 4133 babebat
444 4097 450 4130 :
465 4074 511 4152 qni
526 4073 657 4154 pretiosas
669 4087 754 4133 vestes
765 4094 856 4132 serva-

53 4188 59 4230 ;
112 4158 170 4231 bat,
183 4159 310 4216 actiacas
323 4153 422 4212 multas
439 4154 536 4212 alebat.
550 4156 647 4211 Homo
661 4156 782 4234 quidam
793 4165 857 4211 erat

53 4277 59 4287 .
113 4239 202 4296 clives.
216 4236 328 4295 Divitiis
341 4233 499 4308 luxurians,
512 4234 604 4292 florem
618 4232 731 4312 justitia
744 4253 797 4290 non
808 4231 857 4290 ha·

53 4347 60 4388 ;
112 4317 191 4391 bens,
206 4317 286 4375 arbor
299 4313 479 4385 autumnalis,
501 4313 675 4386 infructuosa,
687 4311 729 4371 bis
742 4325 857 4370 mortua.

53 4436 59 4446 -
113 4400 209 4455 Homo
231 4397 351 4476 quidam
370 4407 433 4452 erat
451 4393 541 4463 dives,
555 4404 584 4450 et
598 4393 774 4450 induebatur
783 4412 857 4472 pur-

53 4507 59 4548 ;
110 4477 228 4556 puroet
244 4474 378 4551 hyssop
432 4493 480 4529 ura
499 4471 609 4550 quidem
619 4472 660 4530 illi
669 4471 860 4531 vestimentum

53 4595 59 4603 -
112 4570 178 4626 crat,
199 4555 246 4613 sed
267 4576 282 4613 a
305 4494 459 4633 regnourssei
481 4552 595 4631 rejectus
615 4565 672 4610 erat
688 4575 695 4608 r
711 4573 860 4633 purpuram

53 4672 57 4683 ·
112 4635 240 4709 habebat,
254 4655 306 4693 uon
319 4632 449 4711 sanguine
460 4631 561 4690 Christi
580 4652 728 4712 aspersam,
742 4631 789 4692 sed
803 4652 860 4690 ma·

53 4765 57 4789 ‚
113 4716 165 4774 rini
177 4713 315 4795 conchylii
329 4712 458 4791 sanguine
473 4711 595 4787 tinctam,
627 4733 666 4768 uae
677 4731 731 4770 non
747 4732 861 4789 regnum

53 4835 57 4844 ·
113 4795 154 4853 itti
166 4791 456 4874 caelorumspondebat,
466 4790 514 4850 sed
523 4733 724 4850 formidabilem
734 4790 861 4871 gehenuae

133 5000 146 5039 a
165 5000 213 5049 Hic
229 5014 320 5065 magna
338 5005 376 5045 est
392 4991 530 5045 lectionum
548 4992 665 5043 varietas.
678 4987 754 5042 Sarii.
768 5000 793 5039 et
811 4987 863 5041 duo

100 5076 196 5128 habent
216 5081 298 5144 κόχλου
316 5079 451 5132 θαλαττίου,
469 5087 532 5120 unus
550 5075 631 5137 κόχλου
654 5074 788 5133 θαλασσίας,
801 5066 864 5121 alius

103 5161 198 5223 κσχύλης
207 5161 341 5218 talassiae,
354 5147 440 5201 Mosei.
454 5150 676 5216 κοχλίοᾶθαλιῗσσης.
