3750 5940
523 415 566 461 ns
591 413 685 460 carco
712 411 818 458 nuno.
1387 379 1459 480 699

61 571 67 605 ι
85 549 167 606 εἰπεῖν
181 542 246 623 πρὸς
257 522 304 600 τὸν
317 540 426 621 λῃστήν·
443 540 571 618 μνησθείη
581 563 627 598 σου
639 544 653 598 ό
707 542 748 596 rr's
761 541 793 596 ιἐε
806 558 927 675 regnum
946 549 1036 596 tutent.
1051 537 1158 625 Vellem
1171 537 1266 618 etipse
1280 537 1369 602 verbis
1389 537 1450 617 qui.

61 626 122 696 ίξιον
133 619 576 700 ποιήσαντος;θιιίφόνευσας;ότι
593 619 653 680 ἔσθ·
707 617 821 677 busdam
848 631 968 678 atronem
987 616 1220 699 compellarc2Ut
1237 617 1391 678 meminerit
1409 617 1450 675 tui

61 702 309 847 ςγδιλργθίνήσθητί
323 724 385 776 μου,
406 699 469 761 όταν
488 700 566 779 ἔλθῃς
579 701 650 777 ἐντῇ
707 697 843 774 Christus,
857 696 925 776 quid
939 695 1047 757 tandem
1066 697 1164 773 fecisti,
1175 718 1230 777 qno
1242 696 1273 757 id
1285 718 1451 758 commerue-

175 784 212 863 μή
228 806 272 849 τις
281 779 479 859 repellanda
492 780 561 840 κατὰ
571 780 650 860 χάριν
706 776 766 835 ris?
779 798 814 835 an
837 778 901 856 quia
925 777 1061 856 occidisti,
1082 777 1146 856 quia
1168 776 1338 859 depraedatus
1350 779 1399 838 csi'·
1411 777 1451 837 sic

73 865 118 925 τόν
130 861 231 934 ληστὴν
243 866 257 921 ὁ
269 861 397 942 Χριστός,
419 860 486 919 sile
497 859 567 919 κατὰ
580 862 650 939 ὄρει·
705 855 996 931 enimtestamento
1006 861 1072 932 mer',
1084 879 1151 917 cum
1161 861 1279 917 veneris
1290 862 1450 939 inregnnm

61 956 112 1006 εῖτο
131 928 215 1003 αθτῶ.
228 944 310 1001 Ποῖον
324 941 419 1021 χρέοςς
434 940 529 1020 φησίν·
545 938 585 998 ότι
600 941 651 997 ἐδι·
670 943 688 987 Ι)
707 949 797 995 tuum.
817 937 873 997 Sed
897 959 975 997 nemo
996 938 1145 1012 existimet,
1167 935 1315 998 secundum
1335 937 1449 1018 gratiam
1497 981 1500 988 -

61 1002 442 1100 ν;ἐλεημόσόναςέδωκεν,τὰ
454 1019 509 1078 ίδια
521 1018 650 1102 ἐμέρισεν,
705 1029 809 1074 tanturn
832 1020 968 1077 salvatum
990 1039 1048 1078 esse
1067 1041 1082 1077 a
1098 1018 1207 1077 Christo
1231 1017 1374 1091 latronem;
1394 1017 1450 1077 imo

63 1104 244 1186 ἠγρύπνησεν,
269 1100 376 1173 ἐποίησε
395 1109 522 1183 πρᾶγμα,
535 1100 549 1159 θ
561 1098 652 1178 μηδεὶς
704 1096 853 1155 secundum
863 1097 987 1157 debitunt
997 1098 1037 1157 illi
1052 1096 1221 1158 addendum
1232 1097 1283 1156 hoc
1293 1098 1355 1157 luit.
1367 1098 1450 1170 Quod

71 1186 113 1245 ότι
126 1183 262 1243 ἐπίστευσε
280 1184 318 1261 τῷ
343 1184 423 1260 Θεαῖος
442 1180 495 1240 Καὶ
516 1185 652 1260 προφῆται
705 1175 814 1235 tandem
823 1176 958 1255 debitum,
970 1178 1043 1238 dicet
1052 1178 1172 1257 aliquis?
1185 1199 1218 1236 an
1230 1177 1302 1256 quod
1312 1200 1354 1238 res
1362 1180 1449 1259 justas

61 1268 96 1345 τῷ
126 1265 205 1343 Θεῷ,
226 1261 271 1320 καί
291 1261 456 1341 πατριάρχαι
485 1256 652 1331 ἐπίστευσαν,
704 1256 810 1333 egerit?
824 1258 1006 1339 eleemosynas
1026 1258 1152 1317 dederit?
1170 1280 1213 1317 res
1226 1279 1288 1317 suas
1302 1258 1450 1318 distribue-

61 1343 221 1416 ἐπίστευσαν,
235 1339 394 1412 ἀπόστολοι,
410 1337 536 1421 κήρυκες,
552 1339 651 1420 μάρτυ·
705 1337 764 1394 rit?
774 1336 922 1416 jejunarit?
934 1337 1072 1417 vigilarit?
1086 1359 1143 1397 rem
1159 1338 1262 1407 fecerit,
1275 1360 1359 1416 quam
1373 1358 1450 1398 nemo

60 1448 92 1483 ,οι
106 1424 203 1489 πάντες
216 1424 242 1480 ἐν
256 1419 317 1498 δόξῃ
329 1420 485 1499 θεασάμενοι
504 1419 548 1478 τδν
572 1418 651 1489 Θεὸν,
705 1415 794 1474 alius?
813 1420 855 1475 An
869 1438 934 1476 vero
949 1417 1024 1496 quod
1037 1421 1094 1478 Deo
1106 1418 1270 1478 crediderit?
1285 1418 1321 1477 Et
1332 1419 1451 1510 prophe·

61 1502 135 1578 ίὸρει.
149 1499 230 1560 Ἀλλὰ
244 1504 340 1571 στῆσον
351 1500 461 1581 μυρίους
478 1500 581 1563 οἰκέτας
595 1499 652 1556 δου·
707 1508 740 1553 tae
754 1497 812 1554 Deo
830 1496 1018 1575 erediderunt,
1042 1512 1067 1557 et
1106 1499 1246 1557 atriarchae
1265 1499 1449 1575 crediderunt,

61 1583 150 1654 τότ-η,
165 1579 208 1640 dae
221 1585 236 1640 θ
249 1580 377 1653 δεσπότης
392 1579 461 1639 ἐστὶν
479 1582 506 1638 ἐν
522 1577 653 1658 εὐπραγία
706 1575 871 1664 hymnorum
884 1577 1027 1658 scriptores
1040 1520 1226 1655 crediderunt,
1238 1580 1365 1670 apostoli,
1381 1602 1450 1660 prae·

61 1661 88 1722 el
107 1647 154 1720 όνα
177 1662 307 1720 δοῦλονέν
329 1662 415 1740 καιρῷ
436 1665 584 1742 πειρασμοῦ
608 1680 642 1714 κα
706 1653 847 1732 ducatores,
859 1671 1115 1737 martyres:verum
1124 1680 1215 1717 omncs
1227 1658 1352 1737 istr,curn
1362 1662 1451 1720 Deum

68 1745 169 1823 φυγῆς,
189 1743 236 1800 οὐκ
251 1743 439 1819 ἀναχωροῦντα
453 1746 500 1798 τοῦ
520 1737 585 1796 ἰδίου
607 1737 652 1794 δε·
707 1732 831 1815 ingloria
851 1737 1060 1818 conspexissent,
1075 1738 1121 1797 bic
1138 1753 1236 1812 autem,
1251 1759 1314 1797 cum
1328 1739 1356 1798 in
1370 1739 1449 1820 igno-

62 1823 129 1888 ίνοες
142 1819 170 1878 δὲ
185 1818 244 1887 τοὺς
268 1819 373 1900 μυρίους
388 1819 493 1885 δούλαις
509 1821 535 1877 ἐν
551 1819 589 1874 τῶ
608 1823 654 1874 τοῦ
707 1814 800 1873 minia.
818 1818 864 1875 Tu
880 1838 944 1877 vero
966 1818 1041 1877 mille
1055 1817 1123 1877 mibi
1144 1818 1382 1878 famulosdomino
1395 1841 1450 1879 ser-

62 1906 129 1983 αιρῷ
140 1899 186 1958 καί
199 1903 247 1970 τῆς
258 1903 341 1979 φυγῆς
352 1897 547 1963 καταλιπόντας
558 1919 601 1954 τον
614 1898 653 1954 δε·
708 1893 809 1954 vientes
822 1897 894 1971 siste,
909 1918 963 1988 quo
976 1911 1096 1980 tempore
1107 1898 1155 1957 ille
1164 1919 1291 1979 prospera
1307 1901 1414 1959 fontum
1425 1915 1451 1959 et
1468 1946 1472 1957 .

61 1979 294 2061 ίπογωρήσαντας·
309 1970 363 2059 ἇροί
380 2001 410 2058 γε
431 1968 502 2037 ebroe
522 1980 547 2035 οί
569 1976 655 2034 δοῦλοι
674 1985 692 2030 Β
708 1972 857 2036 honoribus
869 1977 988 2036 fruitur:
1001 1991 1027 2036 et
1040 1998 1124 2037 unum
1142 1999 1264 2055 serrum,
1320 1979 1329 2038 i
1344 1979 1371 2039 in
1384 1994 1450 2039 tcm-

61 2050 150 2121 ίατδν
168 2057 298 2130 δεσπότην
312 2061 339 2117 ἐν
353 2059 392 2115 τῶ
405 2060 490 2140 καιρῷ
503 2061 549 2115 τοῦ
562 2078 654 2136 πειρα-
708 2055 941 2133 poretentationis‚
957 2057 1269 2117 afflictionisetcxsiliia
1298 2058 1389 2119 omino
1403 2081 1451 2119 suo

62 2123 164 2212 πόντος,
175 2137 262 2217 ὅμοιοι
279 2128 345 2197 εἶναι
357 2113 481 2195 δθνανται
490 2143 536 2195 τοῦ
548 2137 575 2193 ἰν
590 2136 654 2194 δυσ·
708 2153 761 2192 non
775 2135 898 2213 recedat,
909 2136 971 2195 illos
983 2151 1075 2197 autem
1092 2137 1168 2197 mille
1181 2159 1284 2216 servm,
1297 2139 1346 2218 qui
1363 2153 1451 2199 tenta-

89 2218 205 2298 δεσπότῃ
245 2215 482 2290 ἀκολουθήσαντας
513 2217 655 2293 Οὐδαμῶς.
707 2211 788 2273 tionis
801 2215 829 2275 in
856 2229 976 2298 tempore
996 2231 1024 2276 et
1049 2218 1138 2277 exsilii
1162 2218 1305 2278 dominum
1326 2218 1452 2279 deserue-

61 2299 165 2379 Ιίτρος,
180 2299 238 2357 ἀλλ’
253 2296 315 2356 tntu
326 2294 431 2378 νεκροθς
442 2295 597 2376 ἐγείραντα,
607 2294 656 2365 τὴν
707 2292 773 2370 rint,
788 2296 986 2356 antecesserint
998 2296 1149 2375 :numquid
1162 2297 1192 2356 hi
1205 2318 1334 2380 prospera
1346 2301 1452 2360 brente

62 2378 223 2456 θεασάμενος
237 2375 410 2437 ἐπίστευσεν·
429 2376 567 2436 ἐπίστευσε
578 2375 656 2433 Παῦ-
707 2373 814 2433 fortuna
829 2375 913 2454 servi,
933 2377 980 2454 qui
1002 2378 1157 2437 tentationis
1171 2390 1291 2459 ternpore
1310 2378 1453 2439 dominum

61 2458 93 2519 ln
114 2463 169 2538 ρῶς
189 2454 337 2539 οὐρανόθεν,
351 2455 398 2514 καί
411 2456 459 2523 τὰς
474 2453 522 2535 μὲν
538 2477 656 2532 σωματι-
708 2452 974 2537 reliquerunt,parcs
994 2477 1052 2516 esse
1069 2471 1182 2539 possunt
1202 2457 1238 2530 ei,
1276 2459 1305 2518 ui
1324 2459 1405 2518 rebus
1424 2460 1452 2518 in

61 2538 207 2620 γρώσαντα,
227 2536 262 2597 τδ
283 2535 311 2596 δέ
327 2535 429 2617 ψοχικδι
446 2535 555 2613 ὄμματα
576 2531 656 2614 φωτί·
708 2531 829 2593 adversis
851 2535 1000 2595 Dominum
1025 2549 1065 2596 est
1086 2537 1241 2615 sequutus?
1289 2559 1450 2618 equaquam.

61 2642 156 2678 τευσεν
174 2615 311 2696 Ἀὅρσδμ,
328 2615 397 2675 ἀλλὰ
418 2615 577 2693 θεασόμενος
597 2614 656 2693 lpse
710 2613 833 2673 Credidit
844 2618 956 2694 Petinus,
970 2615 1089 2676 sedcum
1103 2630 1223 2678 mortuos
1239 2638 1303 2677 eunt
1317 2620 1454 2678 suscitan-

61 2697 116 2766 είας
127 2696 290 2767 ἐπίστευσεν,
304 2697 362 2756 ἀλλ’
376 2693 439 2754 ἰδὼν
451 2695 528 2753 αὐτὸν
540 2693 657 2770 καθήμε-
709 2704 765 2752 tem
788 2694 914 2764 vidisset,
947 2716 1010 2754 curn
1036 2696 1151 2776 gloriam
1175 2699 1235 2778 ejus
1257 2698 1454 2780 contemplatus

61 2783 116 2839 κείν
151 2775 266 2848 λοῦ,καί
278 2775 312 2835 τὰ
322 2775 457 2857 Χερουθίμ
467 2772 556 2854 κύκλῳ
567 2775 655 2832 αὐτοῦ.
672 2804 695 2843 η
710 2785 788 2847 essct,
816 2774 930 2834 credidit
944 2798 950 2831 ι
966 2774 1082 2835 credidit
1102 2776 1219 2852 Paulus,
1240 2777 1288 2836 sed
1313 2799 1376 2837 curn
1397 2799 1453 2838 εω-

67 2860 119 2918 ἀλλ
142 2861 170 2917 ἐν
185 2856 263 2929 δόξῃ·
279 2845 352 2921 οθτος
366 2853 393 2914 δὲ
408 2857 434 2913 ἐν
456 2853 546 2932 θὸρει·
560 2852 657 2912 διδκαί
676 2850 775 2911 alitus
804 2853 914 2913 missam
939 2854 1029 2914 lucem
1056 2855 1181 2935 vidisset,
1209 2878 1324 2936 eumque
1349 2858 1452 2919 lumina

61 2936 145 3010 ἱσθητί
156 2960 218 3014 μαι,
229 2922 319 3016 ίίθριε,
330 2931 391 2992 όταν
404 2932 481 3013 ἔλθῃς
496 2936 567 3012 ἐντῇ
581 2936 658 3012 βασι·
711 2932 829 3012 corporis
853 2949 1042 3012 execrantem,
1065 2937 1161 2995 anima
1185 2956 1250 2998 rem
1272 2937 1365 2998 oeulos
1385 2938 1453 2998 illu·

61 3018 150 3077 τδτῶν
166 3019 225 3074 κατ’
244 3016 291 3093 ἐμί
305 3013 421 3095 όφείλετί
437 3037 482 3092 μοι
494 3015 592 3072 εἰπεῖν·
614 3012 657 3071 διδι
710 3009 856 3072 minantem
872 3036 879 3071 ι
901 3014 1018 3074 eredidit
1042 3015 1199 3093 Abraham3
1222 3015 1270 3076 sed
1291 3038 1353 3077 cum
1379 3016 1453 3079 divi·

61 3101 103 3158 }rr
125 3094 281 3174 ἁμαρτωλός
294 3097 364 3173 είμι,
380 3092 541 3174 καίσρονεύς·
556 3091 657 3171 λῃστὴς
709 3111 773 3148 nam
785 3091 917 3153 visionem
927 3095 1073 3175 aspexisset
1082 3119 1088 3152 :
1097 3095 1181 3155 isaias
1192 3096 1320 3174 credidit5
1331 3097 1379 3157 sed
1389 3119 1453 3157 cum
1465 3112 1521 3156 Ιεσι.
1531 3112 1553 3158 6.
1567 3123 1587 3154 ε.

61 3200 98 3245 ιας
108 3175 219 3247 ταύτης·
230 3175 317 3234 πολλά
329 3196 381 3273 μου
391 3172 424 3232 τδι
435 3172 515 3245 κακδι,
526 3175 657 3272 ὁμολογῶ,
709 3190 771 3228 eum
783 3171 812 3230 iu
825 3173 893 3233 solio
904 3173 1041 3234 sedentem
1054 3175 1159 3235 excelso
1171 3175 1295 3254 vidisset,
1309 3192 1336 3236 et
1349 3178 1452 3237 Cheru-

66 3262 99 3337 τῇ
116 3255 218 3334 διανοίᾳ
240 3277 289 3331 μου
304 3276 393 3312 πιστιν
408 3275 604 3332 κεκρυμμενην,
623 3253 655 3323 ἣν
709 3249 766 3308 blm
781 3250 807 3309 in
825 3252 940 3312 circuitu
950 3255 1017 3346 qjus.
1030 3257 1132 3315 Omnes
1144 3255 1281 3331 viderunt,
1294 3257 1342 3317 sod
1354 3257 1382 3316 in
1394 3258 1452 3350 glo·

78 3340 102 3396 el
117 3335 155 3413 μὴ
165 3340 179 3394 ό
189 3332 327 3404 Δεσπότης
346 3331 423 3411 μόνος
437 3331 508 3392 bein
527 3332 586 3410 ἐμοί
605 3333 656 3391 πεί-
708 3329 748 3388 ria
760 3354 767 3388 ι
779 3331 824 3391 bic
844 3346 935 3392 autem
956 3355 984 3392 ιο
1003 3334 1151 3415 ignominia
1160 3359 1169 3411 ;
1181 3336 1357 3415 quamobrem
1371 3352 1453 3398 otram

61 3439 90 3476 ἐν
104 3415 185 3495 ἔχειὸ
197 3411 334 3486 Δεσπότης
344 3412 378 3471 τὰ
388 3416 433 3472 τοῦ
450 3411 547 3480 πάθους
560 3410 654 3493 qund—
708 3409 842 3471 clamabat
852 3435 859 3469 τ
869 3414 1008 3486 Domine,
1023 3429 1165 3474 mentento
1177 3420 1243 3490 mei,
1256 3437 1323 3476 cum
1336 3423 1454 3479 veneris

61 3519 95 3554 α·
110 3495 156 3554 καί
167 3493 228 3572 ἐγὼ,
243 3493 332 3572 φησίν,
348 3491 533 3573 οὐπροσίοχον
548 3497 580 3572 τῇ
596 3516 655 3571 ραι·
709 3493 741 3547 in
754 3512 875 3568 regnum
896 3506 986 3554 tuum.
1010 3494 1064 3555 sed
1083 3509 1200 3577 spectato
1222 3517 1313 3556 rerum
1332 3519 1453 3558 mearum

61 3600 89 3648 ιι,
105 3572 175 3634 ἀλλὰ
197 3573 245 3644 τὴν
262 3572 447 3654 κεκρυμμένην
462 3572 598 3650 βασιλείαν
615 3574 656 3631 δο·
708 3581 796 3643 statu,
810 3572 877 3632 mibi
898 3573 1000 3634 dicturi
1021 3577 1103 3634 estis:
1118 3576 1302 3650 Quamobrem
1320 3577 1373 3637 boc
1393 3579 1453 3638 ais?

76 3654 122 3714 καί
143 3653 175 3713 σθ
197 3653 273 3732 λέγε·
288 3652 385 3733 Κύριε,
407 3651 444 3730 μὴ
465 3651 523 3732 ίδῃς
546 3675 596 3729 μου
609 3651 656 3720 τθς
710 3650 844 3729 Equidem
853 3668 977 3734 peccator
989 3676 1059 3729 snm,
1070 3668 1095 3713 et
1104 3655 1330 3716 homicidatlatro
1339 3659 1375 3717 ad
1383 3658 1454 3718 banc

78 3733 233 3810 αινομένας,
242 3733 310 3792 ἀλλὰ
324 3731 372 3804 τὴν
382 3732 471 3790 πίστιν
482 3731 531 3804 τὴν
545 3755 657 3813 xpus-ro·
709 3733 804 3791 boram
828 3754 912 3812 usque
924 3758 931 3791 ι
944 3734 1030 3793 multa
1053 3749 1116 3794 sunt
1135 3737 1234 3795 scelera
1258 3757 1316 3795 mea
1324 3782 1334 3814 ,
1347 3739 1450 3814 lateor;

61 3759 205 3886 θίνήσθητί
217 3836 267 3893 μου
275 3858 283 3886 ,
291 3811 354 3872 όταν
361 3811 437 3891 ἔλθῃς
451 3815 476 3870 ἐν
489 3815 521 3890 τῇ
535 3811 657 3894 βασιλεία
709 3810 756 3870 sed
766 3812 793 3870 in
803 3827 892 3872 mente
901 3836 959 3874 mea
971 3813 1053 3873 fidem
1066 3814 1249 3875 absconditam
1262 3816 1358 3893 babeo,
1369 3839 1452 3896 quam

78 3893 161 3972 μηδὲν
188 3893 280 3971 μηδενὶ
297 3892 417 3963 λαλήσας
442 3893 569 3971 Χριστὸς,
588 3894 654 3952 stit
709 3912 787 3951 nemo
802 3893 887 3968 novit,
901 3894 953 3953 nisi
970 3893 1103 3953 Dominus
1118 3895 1203 3969 solus,
1218 3894 1265 3974 qui
1284 3916 1390 3955 mecum
1403 3919 1451 3977 pa-

64 3975 110 4034 καλ
131 3973 198 4051 μήτε
216 3977 254 4053 τῷ
272 3970 383 4053 Πιλάτῳ
405 3972 567 4051 ἀποκριθεὶς,
589 3973 656 4051 μήτε
709 3971 784 4029 titur.
805 3972 892 4031 Habet
910 3972 1028 4033 exterius
1050 3988 1206 4053 apparentes
1225 3988 1302 4034 notas
1320 3978 1452 4056 passionis

61 4053 164 4132 νώμονι
178 4055 251 4133 «ίυχῇ
264 4057 316 4111 τῶν
331 4051 474 4125 Ἰουδαίων,
487 4052 657 4132 ἀποκρίνεται
710 4051 862 4109 Dominus:
876 4067 904 4112 at
918 4075 933 4111 e
951 4073 1050 4128 ceam,
1065 4073 1125 4144 quse
1139 4068 1261 4134 apparet,
1276 4055 1452 4135 ignominiam

61 4132 121 4205 τειδὴ
137 4135 203 4193 πολυ
217 4130 284 4212 βαρθ
295 4122 327 4203 ἦν
343 4131 387 4190 καί
398 4131 494 4191 ἄτοπον
503 4132 534 4191 τὸ
545 4141 657 4200 σιωπᾶν,
676 4140 693 4186 θ
710 4152 762 4190 non
775 4074 950 4205 attendo,eed
951 4131 1135 4191 absconditam
1146 4135 1311 4214 majestatem
1319 4136 1451 4216 glorifico.

70 4214 172 4287 λοιπὸν,
181 4213 226 4272 καὶ
235 4211 352 4292 λίγειτῶ
363 4215 461 4292 λῃστῇ·
473 4209 565 4290 Ἀμὴν,
576 4195 657 4290 ἀμόν,
711 4211 756 4270 Sic
764 4223 790 4268 et
798 4210 932 4272 tudicito:
942 4212 1068 4289 Domine,
1081 4212 1145 4285 noli,
1156 4235 1218 4292 qnae
1230 4229 1358 4296 apparent
1371 4216 1452 4277 scele-

61 4295 155 4373 lpepos
168 4295 226 4371 μετ’
242 4295 305 4370 ἐμοῦ
326 4271 372 4370 tle-q
393 4295 420 4350 ἐν
441 4294 479 4371 τῷ
496 4290 656 4372 παραδείσω.
711 4313 740 4350 ra
755 4312 824 4367 mea,
839 4290 887 4350 sed
904 4290 1088 4351 absconditam
1103 4291 1184 4352 fidem
1198 4309 1332 4375 spectare5
1347 4310 1374 4356 et
1388 4301 1451 4356 Me·

61 4373 138 4454 γότου
152 4375 243 4453 χάρις·
259 4372 349 4442 ἐπειδὴ
364 4373 485 4452 βραδεῖαν
500 4372 593 4450 ᾐτήσω
609 4352 658 4441 riu
712 4384 809 4429 mento
819 4376 885 4443 mei,
899 4393 965 4432 cum
975 4377 1091 4432 veneris
1103 4377 1134 4431 in
1143 4394 1264 4454 regnum
1275 4383 1367 4440 trtte'm.
1381 4379 1453 4439 Cum

61 4454 148 4533 ιε’γεις,
167 4452 308 4525 Μνησθητί
323 4474 387 4529 μου,
401 4451 495 4530 Κύριε,
506 4449 569 4510 όταν
583 4451 659 4529 ἔλθῃς
712 4450 781 4510 nulli
800 4472 911 4532 prorsus
931 4451 1080 4531 quidquam
1094 4451 1222 4532 loquutus
1234 4468 1301 4515 esset
1314 4457 1452 4534 Christus,

61 4534 95 4593 ιία
108 4557 163 4593 σου,
177 4533 215 4593 Es
227 4534 351 4614 βραδεῖαν
360 4531 476 4611 ᾔτησας,
489 4530 541 4610 ἐγὼ
550 4539 659 4611 ταχεῖαν
712 4530 760 4589 sed
781 4531 922 4609 tacuisset,
938 4546 964 4591 et
982 4553 1067 4612 neque
1085 4532 1187 4608 Pilato,
1206 4556 1223 4594 n
1257 4557 1290 4594 ne
1307 4536 1357 4596 ulli
1374 4538 1453 4598 alteri

61 4596 148 4694 γείριν·
167 4613 290 4692 Σήμερον
307 4615 363 4690 μετ’
375 4614 439 4688 ἐμοῦ
453 4613 500 4690 ἔσῃ
512 4615 539 4670 ἐν
552 4616 590 4691 τῷ
609 4634 660 4670 ποι-
712 4610 869 4671 ludaeorum
882 4612 1008 4672 scelerato
1029 4612 1113 4694 capiti
1135 4634 1211 4694 respo
1251 4617 1326 4691 isset,
1339 4631 1453 4677 tumre·

61 4697 96 4761 ίες
116 4698 186 4755 Θεοῦ
206 4690 348 4771 σωτηρίαν,
360 4682 424 4758 εἶδες
442 4690 575 4750 Δεσπότου
588 4694 659 4769 εὐερ·
713 4713 725 4750 s
762 4691 838 4767 ndet3
848 4692 1009 4771 etqnoniam
1022 4713 1104 4787 granc
1113 4691 1261 4754 admodum
1270 4709 1296 4755 et
1307 4697 1454 4757 incommo-

61 4799 79 4842 ις
90 4773 134 4832 τὸν
176 4773 232 4854 ’γαν
250 4777 298 4842 τῆς
311 4771 435 4842 ἀληθείας
454 4771 595 4844 δικαστήν,
609 4770 661 4843 Σή-
712 4713 779 4830 didm
793 4784 850 4830 erat
862 4772 1011 4848 silentium,
1037 4794 1082 4832 am
1095 4773 1251 4854 respondet,
1269 4776 1359 4855 aitque
1371 4777 1453 4842 latro·

61 4799 229 4933 ἐμοῦίόξηέν
247 4856 285 4911 τῶ
306 4851 469 4932 παραδείσῳ.
489 4851 548 4931 Πρδ
570 4850 660 4911 τοθτου
713 4852 990 4923 ειίτᾹειιοει,αιιισεε,
1033 4856 1380 4915 'cotibt'rbodr'emecum
1398 4862 1454 4918 eris

62 4957 106 4993 σεν
131 4939 184 4992 τῶν
211 4912 345 4991 Ἰουδαίων
368 4930 385 5002 ἢ
409 4935 461 4989 τῶν
487 4936 658 5012 πατριαργῶν
713 4937 745 4990 in
763 4932 912 5012 paradiso.
932 4932 1105 4992 Oeximittm
1124 4933 1262 5013 largitoris
1273 4936 1452 4999 beneficium!

65 5012 241 5097 παραδείσου,
256 5015 300 5092 ἄρ’
316 5002 465 5088 οἶδ’Λδδμ
475 5011 597 5091 παρέθη,
615 5010 660 5070 καὶ
713 5011 939 5089 Quandoquidem
956 5011 1065 5071 tardum
1087 5013 1248 5072 beneficium
1257 5015 1456 5094 postulasti,ac

61 5096 152 5153 αὐτοῦ·
167 5090 254 5152 καίτοι
270 5091 350 5172 μυρία
368 5095 382 5150 θ
401 5091 469 5158 Θεδς
486 5090 661 5172 ἐπηγγείλατο
712 5091 818 5166 dixisti,
835 5093 983 5150 Memento
1002 5096 1069 5165 mei,
1093 5096 1230 5166 Domine,
1251 5114 1318 5153 cum
1338 5100 1456 5156 veneris
1475 5156 1478 5161 ,

61 5196 107 5240 nte
119 5179 174 5239 τοῖς
186 5181 305 5239 πιστοῖς·
325 5169 370 5228 καί
384 5171 468 5230 οὐδενί
487 5169 662 5269 ἐπηγγείλατο
714 5176 787 5231 inre
827 5192 877 5230 um
890 5183 982 5246 tuum,
1000 5192 1059 5232 sero
1076 5172 1229 5254 postulasti,
1243 5192 1293 5252 ego
1303 5195 1457 5257 praeprope-

73 5252 142 5334 ἣτῷ
154 5255 255 5332 λῃστῇ·
275 5249 562 5332 οῦδεμοῦραίνεταιτο
575 5249 661 5327 στόμα
679 5267 697 5314 c
714 5272 776 5312 rum
877 5251 949 5313 cium
964 5252 1072 5313 confero
1084 5276 1090 5310 :
1102 5254 1200 5314 Hodie
1218 5273 1331 5312 mecum
1351 5260 1409 5316 eris
1426 5254 1515 5316 inum
1527 5255 1607 5320 13·ίᾶ-

1268 5333 1316 5384 trs.
