3750 5940
49 439 105 493 ttat
130 438 258 490 ostris
285 439 373 506 uus,
404 438 483 489 xre.
782 412 855 506 645

50 601 58 612 -
110 563 275 623 exstinctos?
286 560 338 620 Hic
347 560 428 636 dixit,
436 560 699 632 ControJudoeam,
711 573 739 620 et
751 573 856 620 contro

51 671 60 721 ;
110 639 451 704 rensuumsodomam
464 637 632 719 aggreditur,
654 638 702 698 sed
720 640 779 720 jam
798 659 856 721 poe·

50 728 60 786 l
111 743 159 781 nas
170 719 255 780 dedit.
270 722 360 794 Quem
372 719 539 797 alloquitur?
551 717 616 777 Hac
626 719 683 777 sine
694 738 854 799 oonsequen-

52 847 60 877 ,
110 802 148 861 tia
168 800 310 877 dicuntur,
328 798 380 858 nisi
401 798 547 858 verborum
568 797 793 878 significationem
815 811 856 856 at·

51 919 58 928 -
110 879 220 954 tendas;
233 878 281 938 sed
293 879 316 938 si
329 876 469 954 didiceris,
489 877 706 968 consequentiam
725 876 854 937 invenies.

51 989 57 1037 ;
109 961 202 1039 Neque
216 958 287 1017 enim
306 957 459 1018 sodomitas
482 955 646 1035 alloquetur,
665 956 713 1016 sed
731 955 856 1033 ludaeos,

51 1077 58 1088 ·
108 1060 176 1116 quos
194 1037 347 1098 Sodomitas
364 1048 453 1095 uocat.
465 1035 538 1107 Quia
549 1056 636 1095 mores
656 1056 751 1095 eorum
765 1048 873 1114 secta-¹

52 1157 56 1167 -
107 1117 225 1194 bantur,
241 1116 298 1174 illis
310 1116 346 1175 ob
363 1116 463 1174 similia
484 1129 557 1193 gesta
576 1114 629 1174 hoc
646 1135 742 1175 nomen
761 1115 854 1196 impo-

52 1226 57 1256 i
109 1197 158 1255 uit.
186 1197 306 1255 Rursum
327 1195 421 1254 abbi:
448 1196 545 1254 Canes
567 1197 641 1254 muti
663 1194 774 1273 Judaei,
803 1197 1008 1277 quibat-⁵⁶³0·

52 1306 57 1334 ι
108 1278 220 1335 latrare
239 1296 299 1334 non
310 1286 452 1355 postianm
464 1294 516 1332 non
529 1272 603 1353 quod
618 1273 646 1332 in
660 1294 756 1334 eanum
776 1289 854 1335 natu·

52 1387 57 1421 ι
108 1376 167 1414 ram
185 1354 360 1426 transissent,
376 1353 423 1412 sed
440 1351 515 1432 quod
531 1352 653 1412 moribus
672 1374 750 1414 canes
763 1354 854 1414 imita-

53 1465 57 1492 ,
108 1448 210 1493 rentur.
218 1435 335 1495 ioannes
350 1432 506 1492 solitudinis
526 1432 854 1512 civis,excelsusanimus,

53 1544 57 1587 ;
108 1534 182 1572 mens
197 1513 317 1586 invicta,
341 1513 387 1591 qui
407 1511 484 1570 humi
504 1511 628 1571 innodens
646 1512 778 1573 caelestem
802 1515 856 1573 lor·

53 1633 59 1644 -
109 1593 195 1652 nicom
219 1592 394 1671 attingebat,
421 1590 519 1650 sterilis
543 1605 655 1672 partus,
676 1593 724 1683 qui
752 1606 856 1653 mumm

53 1704 58 1738 ι,
109 1672 192 1751 patris
210 1671 332 1752 linguam
350 1670 449 1747 solvit,
463 1691 519 1729 vox
537 1671 605 1731 muti
615 1694 624 1748 ;
646 1693 694 1762 qut
708 1673 737 1732 in
751 1670 856 1732 deserto

54 1755 91 1803 .Β
109 1751 264 1824 clamabat,
287 1751 315 1809 in
338 1750 449 1809 matrioe
472 1750 598 1824 (matrix
620 1771 694 1811 enun
717 1751 855 1811 desertum

54 1865 57 1892 t
107 1843 174 1906 erat,
190 1843 282 1911 utpote
293 1829 421 1905 sterilis),
436 1828 538 1910 duplex
561 1830 607 1889 ille
620 1851 717 1911 proteo,
731 1844 854 1890 oontem-

107 1923 150 1968 tor
159 1931 316 2000 puerorum,
325 1908 445 1968 risibilia
458 1909 657 1985 transcendens,
666 1908 775 1971 Judaeos
786 1909 855 1984 adit,

55 2023 57 2056 ς
108 1988 231 2067 dixitque
246 1989 318 2047 illis:
335 1989 486 2067 Serpentes
500 1993 651 2068 genimina
662 1993 831 2070 viperarum
841 2016 853 2062 ;
865 2001 951 2047 uarat.
967 2002 1007 2049 23.

108 2088 159 2127 non
173 2068 247 2147 quod
261 2081 356 2127 natura
369 2080 519 2147 serpentes,
532 2066 578 2127 sed
590 2067 663 2147 quod
674 2068 765 2128 animo
778 2067 855 2129 dolo-
864 2061 904 2108 33·
914 2063 968 2110 ⁰¹³·
983 2080 1007 2126 7·

55 2191 57 2204 .
107 2147 130 2205 si
150 2161 244 2207 essent.
271 2146 346 2205 Alius
367 2146 465 2205 iterum
488 2147 640 2228 propbeta:
657 2149 739 2229 Equi
760 2153 792 2207 in
798 2152 853 2230 je·
864 2157 913 2206 tor.
925 2159 949 2207 ⁵.
966 2161 992 2210 8.

55 2267 58 2288 .
107 2231 203 2285 minas
220 2229 359 2309 furentes
376 2228 461 2308 sacti
482 2238 551 2284 sunt
557 2250 570 2294 ‚·
595 2231 795 2308 unusquisque
815 2231 857 2288 ad

107 2326 227 2365 uxorem
259 2309 368 2364 rorimi
384 2307 430 2364 sui
444 2307 608 2365 hinniebat.
626 2309 667 2365 An
722 2327 770 2366 uos
786 2307 855 2368 allo·

107 2385 224 2463 quitur?
239 2329 364 2461 Ninime,
379 2383 428 2442 sed
442 2384 557 2444 lascivos
571 2399 597 2444 et
616 2327 755 2467 impribus
765 2386 856 2446 bomi-

107 2486 161 2523 nrs.
177 2467 238 2544 lpse
247 2464 373 2523 Christus
384 2462 503 2524 iudeis:
516 2466 574 2523 Vos
574 2463 641 2546 filu
652 2466 766 2525 &eboli
774 2471 853 2528 estis.
865 2478 1007 2544 manunt.

107 2544 180 2603 Num
203 2543 254 2603 lilii
277 2556 352 2603 erant
374 2541 489 2620 diaboli,
514 2557 540 2603 et
563 2558 667 2604 nature
691 2542 857 2606 diabolioae?

106 2624 298 2704 Nequaquam,
318 2620 364 2682 sed
391 2621 561 2704 propositum
585 2626 643 2705 ejus
664 2622 854 2703 imitabantur,

107 2725 256 2783 nomenque
269 2705 327 2785 ejus
343 2717 512 2784 aeceperunt,
520 2703 594 2782 quod
606 2703 652 2763 ille
666 2704 705 2763 sie
718 2703 855 2785 explicat:

108 2786 165 2842 Vos
168 2785 234 2865 filii
247 2783 360 2842 diaboli
382 2787 463 2854 estis,
477 2794 506 2841 et
520 2783 665 2842 desideria
685 2787 781 2864 patris
803 2805 855 2844 ve-

106 2867 160 2921 stri
175 2865 269 2922 onltis
277 2865 385 2945 facere
400 2885 410 2919 .·
425 2863 479 2920 ille
492 2864 641 2923 ltonneida
657 2875 723 2922 erat
737 2884 759 2922 a
768 2868 853 2943 prin·

105 2947 188 3021 cipio.
207 2943 283 3001 Hanc
300 2941 422 3020 regulam
442 2954 528 3000 tenete
546 2965 552 2998 :
570 2941 739 3023 impudentes
749 2987 759 3019 ,
775 2962 854 3004 canes

105 3035 186 3097 sunt,
209 3042 332 3103 rapaces,
354 3020 430 3101 lupi,
444 3019 575 3098 subdoli,
596 3034 730 3102 serpentes
741 3043 750 3098 ;
769 3022 853 3082 versi-

105 3100 206 3180 pelles,
223 3100 330 3181 aspides
339 3121 349 3175 ;
365 3098 489 3191 stupidi,
509 3100 595 3176 asini,
610 3100 705 3161 lascivi
718 3114 746 3161 et
763 3099 854 3192 impu-

70 3210 88 3257 ρ
105 3181 141 3255 ri,
162 3180 223 3259 equi
243 3178 390 3260 emissarii3
412 3179 558 3257 immundi,
574 3179 714 3240 nordicos:
729 3179 856 3241 sodomi-
903 3228 908 3238 .

105 3273 138 3317 ta:
157 3273 219 3318 sunt
229 3305 238 3332 ,
255 3261 301 3338 qui
318 3259 430 3318 illorum
453 3272 526 3338 gesta
547 3272 573 3319 et
596 3279 676 3342 opera
700 3258 850 3322 imitantur.

107 3340 167 3397 Non
182 3353 276 3398 natura
298 3339 369 3398 mala
400 3338 447 3397 sed
462 3339 617 3398 institutum
631 3352 792 3420 oorruptum
806 3355 854 3401 est.

106 3419 256 3498 Diligenter
278 3383 503 3496 animadvertite,
527 3433 553 3479 et
582 3418 723 3480 observate
745 3420 855 3481 nomina

106 3520 121 3556 a
140 3499 260 3557 moribus
275 3498 412 3579 imposita,
432 3511 458 3557 et
477 3498 670 3580 appellationes
682 3498 718 3558 ab
731 3497 855 3560 instituto

106 3578 197 3636 animi.
216 3579 308 3657 Neque
319 3578 349 3636 id
367 3578 395 3637 in
416 3578 558 3659 Scriptura
571 3592 688 3656 tantum,
705 3577 754 3639 sed
773 3579 854 3640 etiam

107 3658 134 3716 in
146 3658 253 3737 vulgari
268 3679 329 3716 usu.
341 3657 371 3717 si
387 3656 469 3717 bodie
479 3674 649 3718 mansuetum
659 3658 797 3719 bominem
811 3659 855 3720 vi·

105 3737 235 3813 deamus,
249 3737 387 3814 dicimus,
403 3737 472 3796 Ovis
487 3752 526 3797 est
539 3737 621 3797 bomo
644 3738 690 3797 ille
699 3762 708 3814 3
726 3738 749 3797 si
764 3738 854 3818 impu·

105 3816 212 3876 dentem
223 3817 376 3895 quemdam,
390 3816 517 3894 dicimus,
531 3818 590 3876 Non
605 3817 699 3893 homo,
719 3816 766 3875 sed
780 3817 853 3876 canis

105 3911 160 3972 est,
171 3897 193 3954 si
207 3896 344 3974 dolosum,
357 3908 506 3977 serpentem
522 3917 658 3955 vocamus.
669 3895 768 3957 Viden’
784 3894 853 3954 bane

105 3998 161 4035 esse
176 3997 346 4034 communem
366 3975 566 4034 eonsuetudinis
582 3975 693 4055 legem?
707 3974 737 4035 si
753 3973 853 4034 videa-

105 4078 166 4114 mus
187 4055 322 4113 hominem
340 4055 486 4114 soeleribus
503 4055 598 4113 miultis
619 4067 747 4113 onustum
756 4098 766 4130 ,
782 4053 852 4113 diei·

104 4158 173 4209 mus,
189 4136 316 4207 Satanas;
328 4154 381 4193 non
397 4132 472 4213 quod
487 4134 521 4192 sit
535 4147 651 4207 satanas,
661 4155 747 4212 neque
757 4147 852 4192 natura

71 4228 90 4273 1)
105 4216 157 4296 ipsi
170 4215 271 4288 affinis,
286 4213 331 4272 sed
365 4213 492 4304 roposito,
505 4213 569 4292 quia
584 4235 633 4294 pro
647 4212 754 4272 uiribus
772 4212 853 4272 illum

104 4295 193 4355 studet
207 4293 317 4353 imitari.
330 4235 443 4351 meuta
458 4293 548 4371 itaque
559 4314 594 4351 ex
608 4291 729 4351 moribus
740 4290 850 4351 dantur.

105 4378 175 4433 (lum
191 4394 254 4451 ergo
278 4371 356 4431 aradis
379 4372 494 4431 Paulum
509 4371 665 4447 dicentem,
688 4374 787 4431 Datus
810 4385 1005 4438 est¹.cor.12.

105 4456 241 4514 stimulus
258 4456 343 4510 carni
358 4473 428 4510 mee
443 4453 565 4532 angelus
579 4465 694 4510 sntonae
702 4475 714 4521 ;
729 4471 763 4510 ne
774 4465 853 4532 putes
863 4469 887 4515 7·

104 4556 161 4593 esse
175 4532 314 4592 diabolum
326 4555 335 4607 3
352 4531 400 4590 sed
412 4553 457 4590 eos
471 4532 517 4610 qui
541 4530 644 4590 diaboli
657 4531 728 4590 laeta
743 4531 853 4590 aemula-

103 4614 213 4680 bantur,
229 4612 352 4690 gentiles,
373 4610 500 4684 Judaeos,
522 4609 660 4670 demones
673 4634 680 4668 ε
694 4610 784 4690 qualis
796 4610 853 4671 dae·

105 4716 166 4753 mou
182 4693 292 4771 angelus
307 4705 402 4750 mtanae
417 4704 474 4748 erat
500 4690 653 4749 Alexander
664 4691 786 4768 erarius,
807 4691 854 4770 qui
865 4717 888 4749 ι.
904 4703 965 4747 Tim.
979 4697 1004 4761 4.

105 4775 188 4834 multa
199 4773 248 4853 ipsi
257 4770 326 4829 mala
337 4770 505 4828 exhibuerat.
515 4769 634 4848 Angelus
644 4783 853 4840 sauuaaatanae
869 4767 903 4824 ¹t·

104 4856 176 4914 enim
185 4874 264 4934 opera
279 4851 403 4910 faciebat.
413 4850 515 4923 Quales
526 4863 601 4908 eraut
615 4850 647 4926 ii,
661 4850 708 4929 qui
722 4850 812 4930 ipsum
827 4850 854 4909 in

105 4955 237 4994 canerem
245 4932 425 5010 conjecerunt,
432 4929 479 5007 qui
487 4929 667 5009 flagellarunt.
678 4929 806 4988 Homines
815 4950 854 4988 er-

106 5037 139 5094 go
150 5013 259 5092 angelos
270 5025 368 5070 satanae
382 5010 458 5080 dicit,
509 5011 516 5067 i
528 5024 626 5069 satane
635 5029 715 5089 opera
727 5008 852 5083 edebant,

106 5094 153 5173 qui
176 5091 347 5172 evangelium
362 5031 562 5171 praeriddbuaot,
579 5088 626 5168 qui
637 5087 854 5170 predicationem

66 5289 92 5340 ab
105 5285 176 5341 ndns.
