3750 5940
164 457 229 532 ¹9²
504 452 534 502 s.
561 450 699 501 souuuss
723 447 909 500 emrsosr.
937 487 940 496 .

158 569 276 657 ipsisque
291 572 439 648 ostendere,
454 573 527 655 ipsos
542 595 595 634 non
614 573 662 633 alii
679 593 762 652 quam
774 571 900 679 D'u'psi

156 667 309 740 adversari,
321 666 390 727 dum
402 667 482 726 illum
496 668 698 748 impugnarent,
714 663 788 744 quod
810 672 898 746 ipsum

5 775 61 821 Aci.
74 773 147 834 5.39.
157 760 264 821 dicebat
281 760 416 822 Gamaliel
433 785 439 818 :
458 761 527 820 Non
542 762 675 839 poteritis
691 758 848 817 dissolvere
864 757 901 816 il-

155 855 219 926 iud,
233 854 389 935 nequando
402 866 431 912 et
441 854 507 912 Deo
525 870 687 933 repugnare
702 851 899 930 reperiamini.

156 945 215 1006 llos
225 958 251 1006 et
263 946 321 1026 ipse
333 944 497 1005 subobscure
510 943 633 1004 adstruit.
651 943 721 1001 Cum
733 940 807 1001 enim
819 939 900 1017 dicit,

155 1038 250 1096 Nemo
266 1049 361 1116 potest
374 1039 515 1116 accipere,
532 1038 589 1109 nisi
600 1035 691 1113 fuerit
705 1036 733 1093 ei
745 1033 850 1091 datum
865 1033 902 1090 de
916 1037 935 1085 E

155 1127 240 1197 coelo,·
254 1126 324 1186 nihil
336 1124 412 1185 aliud
426 1125 576 1205 significat,
590 1145 672 1205 mam
687 1124 759 1205 ipsos
769 1122 899 1202 impossi-

154 1218 221 1277 bilia
234 1217 362 1298 aggredi,
377 1217 494 1297 hinoque
507 1219 565 1276 Deo
575 1214 744 1276 adversarios
752 1212 902 1295 deprehen-

154 1310 194 1370 di.
208 1309 283 1383 Quid
300 1310 407 1391 igitur?
422 1309 552 1370 Theudas
570 1307 902 1389 nonneaseipsoaooepe-

155 1402 215 1462 rat?
225 1406 370 1484 hooeperat
380 1401 506 1482 quidem,
519 1401 566 1461 sed
579 1400 670 1461 statim
681 1412 830 1481 prostratus
840 1419 901 1479 per·

156 1494 211 1553 iit:
230 1517 272 1555 res
291 1510 382 1555 autem
402 1496 503 1555 Christi
527 1516 579 1555 non
599 1494 645 1554 sic.
666 1493 737 1553 Hinc
753 1513 798 1552 eos
821 1491 900 1550 etiam

155 1589 254 1649 sensim
271 1589 436 1666 consolatur,
453 1588 594 1649 ostendens
611 1609 664 1647 non
683 1586 831 1659 hominem,
854 1584 902 1644 sed

155 1682 244 1739 Deum
255 1702 311 1740 esse
321 1679 368 1760 qui
381 1680 455 1761 ipsos
468 1679 554 1760 gloria
569 1691 715 1760 superaret.
731 1678 901 1757 Quapropter
908 1715 943 1757 m

154 1771 177 1831 si
190 1772 339 1853 splendidae
357 1794 399 1832 res
416 1774 474 1854 ejus
492 1785 591 1846 essent,
607 1771 630 1831 si
643 1792 734 1830 omnes
757 1769 836 1828 illum
850 1767 898 1827 ad·
917 1777 935 1821 Α

153 1864 237 1940 irent,
254 1886 307 1925 non
321 1863 476 1924 mirandum
491 1885 563 1940 esse3
580 1863 737 1943 hujusmodi
752 1862 824 1921 enim
837 1875 900 1921 sunt

152 1977 196 2015 res
210 1955 328 2032 divinae;
347 1969 373 2015 et
394 1959 483 2016 Deum
506 1976 562 2016 esse
580 1954 628 2035 qui
645 1955 719 2015 istaec
735 1967 898 2035 appararet:

152 2047 220 2106 alias
244 2047 316 2107 enim
343 2069 397 2107 non
424 2061 531 2107 tantum
560 2046 745 2107 invaluissent.
775 2045 900 2104 Humana

151 2138 252 2219 quippe
267 2139 347 2199 facile
360 2136 613 2219 deprehenduntur,
626 2152 652 2198 et
665 2139 740 2198 lluxa
756 2152 835 2213 sunt,
847 2137 901 2198 cito

152 2229 282 2290 diffluunt
292 2244 318 2289 et
330 2244 443 2312 pereunt
452 2254 461 2306 ;
475 2231 534 2290 haeo
549 2251 629 2311 porro
650 2251 702 2290 non
719 2231 799 2305 item3
816 2251 901 2309 neque

152 2325 237 2404 igitur
263 2325 382 2384 humana
405 2339 475 2385 sunt.
502 2325 538 2385 Et
563 2325 747 2386 animadverte
766 2325 900 2406 quomodo

152 2437 216 2475 eum
229 2415 372 2493 dicerent,
388 2418 444 2476 Cui
455 2430 487 2476 tu
502 2422 698 2478 testimonium
715 2422 898 2500 perhibuisti,

152 2524 331 2592 putarentque
341 2510 413 2570 illud
426 2510 462 2570 ad
477 2511 616 2571 Christum
632 2510 816 2592 dejiciendum
834 2534 900 2573 con·

152 2603 250 2664 ducere
255 2649 264 2680 ,
278 2604 331 2665 hoo
344 2604 434 2686 ipsum
447 2603 476 2664 in
489 2604 551 2664 illos
572 2619 717 2666 connotat.
736 2608 806 2666 Nam
822 2607 901 2688 prius

153 2719 216 2757 oum
230 2697 402 2775 ostendisset,
415 2719 469 2759 non
482 2719 518 2758 ex
531 2697 682 2760 testimonio
696 2720 746 2759 suo
759 2699 900 2760 Christum

153 2791 257 2851 clanim
267 2790 392 2866 erasisse,
404 2791 468 2851 hinc
477 2805 568 2873 postea
578 2791 652 2874 ipsos
660 2793 783 2875 reprimit
790 2793 899 2855 dicens:
915 2790 934 2837 Β

154 2887 224 2945 Non
234 2896 328 2966 potest
344 2885 431 2944 homo
441 2889 562 2966 nseipso
576 2890 707 2966 accipere
725 2888 898 2969 quidquam,

155 2980 213 3036 nisi
225 2981 281 3057 ipsi
291 2978 496 3060 datumsuerit
504 2978 540 3036 de
548 2977 631 3037 coelo.
645 2977 721 3050 Quid
732 2979 784 3039 hoo
798 2986 858 3040 est?
870 2981 901 3041 Si

153 3088 245 3129 meum
268 3089 378 3151 prorsus
401 3068 584 3129 testimonium
608 3070 746 3152 accipitis,
763 3086 791 3132 et
807 3094 902 3133 rerum

153 3164 271 3245 putatis,
281 3164 325 3225 vel
339 3186 374 3224 ex
383 3185 415 3224 eo
427 3162 535 3238 discite,
551 3186 604 3225 non
621 3187 665 3225 me
672 3211 681 3241 ,
695 3165 741 3226 sed
754 3167 835 3232 illum
848 3191 899 3250 po-

154 3258 250 3317 tiorem
272 3257 428 3317 habendum
446 3278 522 3318 esse.
545 3257 621 3330 Quid
645 3258 717 3318 enim
745 3261 903 3324 testificatus

161 3348 241 3409 sum?
256 3349 315 3409 Vos
327 3369 409 3408 evoco
429 3349 468 3408 rei
483 3362 570 3408 testes.
585 3347 650 3408 ldeo
663 3348 742 3409 addit
758 3352 825 3413 228.
839 3358 901 3434 Ipsi

155 3460 212 3500 vos
223 3441 297 3498 mitt
307 3443 504 3500 testimonium
509 3441 757 3522 perhibetis,quod
766 3445 900 3521 dixerim,

156 3533 226 3591 Non
241 3551 306 3590 sum
325 3551 378 3611 ego
399 3532 543 3609 Christus,
560 3532 613 3591 sed
630 3535 734 3593 missus
746 3550 817 3595 'sum
832 3551 902 3597 ante

151 3623 253 3682 illurn.
266 3622 296 3683 Si
306 3642 369 3702 ergo
380 3643 440 3682 meo
451 3623 579 3683 herentes
589 3623 757 3702 testimonio,
766 3626 825 3687 haec
835 3628 903 3688 mihi
931 3693 937 3708 υ

156 3714 275 3796 objicitis
286 3712 417 3791 dieentes,
434 3717 490 3775 Cui
504 3719 700 3776 testimonium
708 3722 901 3799 perhibuisti.-
919 3694 938 3739 ‘¹

157 3828 211 3868 non
225 3808 306 3867 modo
318 3828 371 3867 nou
388 3807 435 3867 ille
449 3808 609 3867 imminutus
627 3809 679 3868 suit
698 3831 732 3870 ex
753 3813 905 3874 testimonio
922 3879 925 3883 ,

157 3921 231 3977 meo,
255 3899 303 3960 sed
322 3919 357 3959 ex
380 3899 429 3959 illo
451 3900 602 3980 plurimum
625 3915 739 3981 augetur
758 3927 764 3960 :
783 3905 904 3984 alioquin

155 4006 249 4053 autem
273 4013 327 4052 non
356 4012 458 4063 meum,
482 3990 529 4050 sed
551 3992 602 4051 Dei
627 4005 683 4051 erat
711 3995 902 4057 testimonium.

158 4086 341 4160 Quamobrem
353 4086 375 4145 si
386 4085 441 4144 fide
451 4084 552 4165 dignus
564 4086 643 4147 vohis
657 4087 751 4148 videar
768 4113 825 4151 esse
828 4138 838 4169 ,
853 4093 904 4153 hoc

159 4181 240 4240 edam
251 4180 321 4239 inter
334 4178 388 4238 alin
401 4177 486 4238 multa
496 4175 567 4252 dixi,
578 4179 743 4240 me'missum
753 4183 836 4243 fuisse
844 4200 905 4245 ante

161 4272 248 4330 illum.
260 4270 361 4333 Viden’
371 4270 506 4350 quomodo
524 4271 655 4353 paulatim
674 4274 795 4334 ostendat
811 4298 903 4338 vocem

161 4366 238 4424 illam
250 4386 306 4424 esse
318 4363 460 4424 divinam?
476 4364 534 4423 Hoc
554 4364 624 4423 enim
645 4365 705 4425 vult
726 4368 878 4447 significare
895 4396 901 4427 :

161 4457 286 4517 Minister
298 4476 373 4532 sum,
385 4469 411 4515 et
423 4478 455 4515 ea
467 4455 562 4535 loquor
578 4478 638 4535 quae
647 4456 684 4517 ad
698 4460 845 4521 mittentem
862 4485 905 4522 me

161 4562 304 4633 spectant:
325 4568 377 4608 non
397 4548 544 4607 humanam
562 4569 682 4631 aucupor
704 4553 834 4631 gratiam,
857 4556 905 4616 sed

195 4737 304 4789 ellorel.
320 4742 455 4808 ιὐριθῶμιν,

194 4817 205 4849 ⁴
217 4818 323 4887 [οὐρανοῦ
340 4824 433 4876 ἀνωθεν,
446 4819 537 4867 οὐδέν...
558 4815 634 4868 Savil.
656 4830 683 4867 et
699 4816 766 4868 Cod.
781 4821 838 4871 706,
860 4828 920 4892 αὐτῷ

160 4904 253 4956 ἄνωθεν,
263 4899 324 4947 ὠδὶν
335 4899 401 4947 otilo·
410 4891 475 4943 (iod.
484 4894 556 4958 705.]

194 4990 205 5012 ¹¹
218 4970 307 5040 [Saul.
319 4979 345 5025 oi
363 4980 407 5040 γὰρ
416 4978 533 5040 ἅνθρωπος
553 4980 628 5037 ἴσχυσε
650 4981 745 5027 τοιαῦτά
760 4997 825 5028 ποτε.
835 4977 919 5031 codd.

161 5054 242 5104 nostri
255 5057 280 5105 οὐ
293 5059 338 5120 γὰρ
349 5057 464 5119 ἄνθρωπος
475 5056 574 5100 τοσαῦτα
587 5057 603 5100 ἴ.
618 5071 644 5102 n.
658 5049 716 5099 Mox
730 5049 805 5103 iidem
821 5057 857 5122 et]
873 5057 920 5108 Sa-

161 5130 204 5184 vil.
219 5141 250 5184 τὰ
259 5140 303 5202 γὰρ
313 5137 442 5197 ἀνθρώπινα
454 5136 538 5180 πάντα.
552 5124 639 5176 Morel.
654 5137 684 5181 τὰ
691 5135 736 5195 μᾶν
747 5132 784 5184 οὖν
795 5139 846 5186 ἀνθ.

194 5212 207 5248 h
219 5207 296 5260 sevit.
309 5214 412 5280 οὐρανοῦ.
424 5215 443 5259 sl
454 5214 499 5272 γὰρ
510 5211 565 5265 ὅλως
574 5213 660 5272 ἱχισθι.
