3750 5940
158 394 228 469 226
492 422 522 468 s.
548 419 690 471 rornms
716 413 899 466 cunrsosr.
928 412 1092 463 incurro.
1120 412 1382 464 cousrarrmoe.

154 539 294 603 obscurius
309 541 422 602 dixisset
429 567 439 620 γ
455 543 504 603 illa
516 565 579 606 vero
590 543 675 604 vitam
689 561 764 601 suam
777 538 898 599 declarat
952 539 1120 599 συνεσκίασεν
1135 537 1166 599 δν
1180 538 1224 598 τδν
1238 538 1362 619 ἔλεγχον·
1377 535 1446 610 αύτη
1460 533 1488 595 δὶ
1502 535 1635 611 ἐκπομπει

152 646 181 693 et
195 633 223 693 in
235 633 361 701 medium,
372 634 498 711 adducit,
515 649 545 695 ut
559 655 650 694 omnes
662 631 806 692 attraheret
819 650 897 710 eape-
952 631 1047 704 ἐαυιῆς
1070 630 1126 711 βίον
1140 631 1186 691 καλ
1205 634 1241 700 είς
1263 630 1342 708 μέσον
1355 627 1524 710 προτίθησιν,
1538 624 1612 687 ίίνστι
1626 652 1635 688 ι

153 739 254 804 retque.
279 727 330 792 51,
359 728 476 787 [nterea
499 730 642 809 rogabant
669 745 735 783 eum
762 722 898 802 discipuli
952 721 1149 784 ἐπισπάσασθαι
1171 721 1216 783 καί
1231 723 1308 781 ἑλεῖν.
1328 720 1376 782 Ἐν
1397 719 1425 780 δὲ
1446 723 1484 802 τῷ
1501 716 1635 798 μεταξδή

153 820 225 897 ejus,
239 818 366 877 diceutes
382 841 390 873 :
407 820 511 892 nabot,
528 818 686 879 mendum.
701 813 787 889 lllud,
802 815 896 893 Roga·
953 816 1029 877 αύεδν
1045 820 1069 876 οί
1083 816 1200 896 μαθηταί
1211 819 1303 890 αὐτοῦ,
1315 813 1450 894 λέγοντες·
1467 811 1565 897 podet,
1581 813 1635 894 φσίγ

155 911 237 979 bant,
258 907 386 968 idiomate
405 930 454 968 suo
472 909 519 969 hic
537 909 686 989 significat,
702 904 894 965 Hortabantur.
952 905 1089 989 Ἠριίνιων,
1099 912 1210 969 ἐνταῦθα
1225 907 1391 988 παρεκάλουν
1403 905 1522 987 ἐστί,,τῇ
1535 906 1635 989 ἐγρωρί

153 999 361 1060 Videntesenim
372 1023 434 1061 eum
447 1024 481 1062 ex
491 1001 693 1062 itinereetaestu
706 998 894 1078 defatigatum,
914 1012 931 1059 n
951 1002 1002 1058 τῶν
1019 1004 1103 1080 φωνῇ.
1117 999 1248 1082 Ὁρῶντες
1268 997 1320 1080 γάρ
1336 997 1414 1059 αὐτὸν
1433 995 1591 1077 κεκμηιεύτα
1612 997 1635 1055 iu

154 1091 330 1152 hortabantur
346 1115 416 1153 eum
430 1095 489 1153 Non
501 1093 572 1154 enim
585 1116 619 1154 ex
629 1091 789 1175 petulantia,
803 1086 896 1148 sodex
950 1091 1098 1172 ὁδοιπορίας
1117 1091 1163 1153 καί
1183 1094 1230 1164 τῆς
1247 1089 1413 1169 ἐπικειμένης
1427 1088 1539 1172 φλογδς,
1558 1111 1635 1170 παρα

153 1206 243 1246 amore
267 1187 385 1247 doctoris
403 1188 439 1247 ad
456 1188 548 1248 eibum
571 1186 730 1248 sumendum
750 1182 894 1266 pellebant.
951 1183 1038 1246 αὐτόν.
1058 1186 1100 1246 Οὐ
1110 1184 1162 1267 γάρ
1173 1175 1204 1258 ἦν
1215 1183 1372 1266 προπετείας
1385 1183 1416 1242 τδ
1427 1184 1529 1242 δεῖσθαι
1543 1180 1635 1265 incipe

152 1277 227 1349 Quid
253 1301 316 1359 ergo
344 1280 488 1340 Christus?
512 1283 560 1340 32.
587 1284 652 1362 Ego
676 1282 772 1339 cibum
800 1277 895 1335 habeo
951 1276 1019 1335 ἀλλά
1032 1275 1216 1357 φιλοστοργίας
1228 1275 1408 1359 τῆςπιρίτδν
1423 1272 1634 1334 διδάσκαλον.Τ

152 1371 340 1443 manducare,
357 1394 441 1453 quem
455 1394 510 1432 vos
526 1377 641 1432 nescitis
657 1373 728 1430 εδδ.
745 1371 893 1429 Dicebant
951 1368 1079 1449 Χριστύςς
1097 1367 1169 1449 Ἐγιλ
1187 1372 1286 1451 βρῶσιν
1305 1367 1360 1449 ἐχω
1375 1375 1476 1449 φαγεῖν,
1492 1366 1525 1440 ἣν
1542 1371 1635 1444 ύμιῑςι

154 1484 220 1543 ergo
238 1465 419 1524 adinvicem
435 1467 608 1545 :Numquid
628 1466 736 1546 reliquls
753 1461 853 1522 attulit
869 1465 898 1520 εἰ
951 1461 1022 1519 δατε.
1042 1459 1155 1541 Ἔλεγον
1175 1450 1220 1520 ούν
1242 1458 1306 1540 πρδς
1327 1458 1470 1532 ἀλλήλους·
1490 1457 1530 1537 μή
1552 1482 1593 1526 τις
1615 1456 1635 1532 ἦ

154 1555 351 1614 inandueare?
365 1555 441 1629 Quid
451 1576 514 1636 ergo
528 1555 635 1614 miraris
646 1555 669 1614 si
683 1552 781 1612 mulier
796 1572 896 1631 aquam
951 1555 1023 1634 αὐτῷ
1043 1562 1151 1635 φαγεῑν;
1173 1552 1210 1614 Τί
1224 1551 1310 1613 τοίνυν
1323 1550 1464 1630 θαυμάζεις
1477 1553 1500 1611 el
1515 1554 1534 1622 ἠ
1554 1548 1635 1631 γννλ,

153 1645 279 1722 audiens,
296 1670 360 1710 rere
382 1671 480 1728 aquam
503 1670 559 1709 esse
578 1647 774 1724 arbitrabatur,
788 1645 896 1726 qtrando
952 1644 1102 1721 ἀκούσασα,
1116 1647 1154 1707 ίτι
1174 1645 1245 1727 ὕδωρ
1256 1644 1428 1727 ἐφαντάζετο,
1442 1643 1507 1704 deror
1527 1667 1559 1724 γε
1575 1643 1624 1703 καί

152 1736 283 1819 discipuli
305 1740 363 1820 pari
380 1755 442 1799 sunt
458 1740 538 1800 modo
556 1741 661 1818 affecti,
676 1738 798 1818 nihilque
816 1737 896 1819 spiri·
951 1738 1029 1811 θηταλ
1039 1738 1078 1799 ἐτι
1089 1744 1173 1799 ταῦτα
1184 1738 1331 1818 πάσχουσι,
1345 1737 1392 1798 καί
1404 1735 1480 1798 οὐδὲν
1493 1735 1571 1797 οὔπω
1580 1759 1635 1797 πνοι

152 1829 226 1889 tuale
249 1830 416 1911 intelligunt,
434 1832 481 1893 sed
500 1831 637 1910 dubitant,
657 1831 724 1890 dum
739 1829 841 1890 doctori
856 1852 898 1890 re-
951 1830 997 1890 κδν
1014 1836 1124 1906 νοοῦσιν,
1141 1831 1209 1891 ἀλλδι
1222 1833 1350 1910 ἀποροῦσι
1365 1830 1422 1910 μὲν,
1435 1829 1517 1890 πάλιν
1539 1827 1568 1889 δέ
1587 1826 1635 1903 τὴν

152 1923 299 1982 verentiam
313 1937 339 1983 et
351 1925 481 1984 honorem
494 1946 543 2006 pro
555 1946 629 1984 more
639 1923 778 2000 exhibent,
791 1944 822 1983 ae
837 1944 895 1981 mu·
951 1920 999 1994 τὴν
1019 1923 1117 1997 συνήθη
1139 1924 1185 1984 καὶ
1203 1922 1252 1995 τὴν
1266 1921 1347 2000 τιμὴν
1367 1924 1405 2002 τῷ
1425 1921 1579 2002 διδασκάλῳ
1600 1919 1635 2001 νίγ

77 2062 79 2072 ι
151 2027 199 2074 tuo
219 2015 418 2096 colloquuntur,
435 2039 484 2078 nee
501 2017 600 2078 audent
623 2016 723 2077 abillo
746 2017 895 2077 sciscitari?
949 2014 1015 2093 πρδς
1028 2015 1158 2088 ἀλλήλους
1170 2014 1217 2095 μὲν
1233 2013 1427 2095 διαλεγόμενοι,
1441 2017 1512 2094 αὐτῷ
1536 2012 1567 2072 δέ
1587 2017 1635 2074 rem*

152 2106 209 2166 lloe
231 2107 312 2168 etiam
329 2109 395 2169 alibi
423 2111 540 2188 faciunt,
565 2110 631 2170 dum
658 2110 823 2190 interrogare
850 2130 896 2168 eu-
913 2119 932 2167 C
950 2109 1098 2186 τολμῶντες
1107 2115 1299 2189 προσαγαγεῑνς
1311 2109 1398 2167 Τοῦτο
1407 2106 1453 2166 καί
1465 2107 1635 2186 ἀλλαχοῦπα

150 2198 266 2277 pientes,
288 2200 421 2261 abstinent
444 2216 542 2262 tamen.
565 2201 640 2274 Quid
661 2223 724 2282 ergo
749 2201 895 2261 Christus?
951 2203 1134 2277 ἐπιθυμοῦντες
1157 2199 1206 2279 μὲν
1228 2200 1375 2280 ἐρωτῆσαι,
1391 2201 1438 2260 οὐκ
1460 2200 1612 2279 ἐρωτῶντες
1632 2227 1635 2252 ι

150 2291 198 2351 54.
212 2295 297 2353 Meus
311 2297 392 2354 cibus
406 2308 459 2367 est,
472 2309 504 2354 ut
507 2298 627 2378 faciam
638 2296 822 2355 voluntatem
832 2299 895 2377 ejus
950 2281 995 2351 ode
1009 2296 1023 2351 δ
1036 2293 1163 2376 Χριστός,
1176 2292 1261 2372 Ἐμὸν
1275 2292 1372 2373 βρῶμά
1388 2295 1461 2365 ἐστι,
1481 2289 1572 2372 φησίν,
1592 2289 1635 2351 ἵνα

149 2386 201 2462 qui
214 2388 294 2444 misit
306 2407 362 2458 me,
376 2399 405 2446 et
416 2387 568 2468 perficiam
578 2407 649 2467 opus
659 2391 732 2468 ejus.
746 2385 894 2446 Hominum
950 2383 982 2444 τδ
991 2384 1094 2464 θέλημα
1105 2391 1151 2446 τοῦ
1164 2383 1317 2466 πέμψαντός
1332 2408 1380 2463 με,
1395 2383 1442 2443 καί
1453 2381 1588 2442 τελεαύσω
1598 2383 1635 2443 αθ

148 2475 261 2538 salutem
277 2477 323 2537 hic
337 2478 429 2537 cibum
444 2492 534 2555 rorat,
551 2477 693 2538 ostendens
712 2500 774 2538 eum
795 2493 894 2558 quanta
951 2478 1035 2558 ἔργον.
1051 2477 1109 2552 Τὴν
1125 2482 1175 2538 τῶν
1192 2475 1336 2561 ἀνθρώπων
1348 2474 1481 2557 σωτηρίαν
1500 2477 1635 2555 ἐνταῦθαί

149 2587 213 2625 cura
225 2568 302 2627 nobis
315 2569 464 2649 provideat.
478 2572 518 2630 Ut
532 2570 604 2630 enim
619 2592 667 2630 nos
678 2569 770 2630 cibum
777 2615 787 2648 ,
800 2571 836 2630 ita
847 2571 895 2631 ille
951 2569 1075 2642 ἐκάλεσε,
1096 2569 1195 2637 δεικνύς
1214 2569 1277 2643 ὅσην
1298 2567 1438 2646 ἐπιθυμίαν
1457 2566 1514 2647 ἐγει
1527 2570 1575 2640 τῆς
1591 2571 1635 2646 ipe

149 2672 268 2719 nostram
288 2661 401 2720 salutem
419 2660 559 2722 desiderat.
578 2661 649 2722 audi
669 2683 733 2722 vero
748 2683 802 2742 quo
815 2678 894 2744 paeto
948 2661 1082 2742 προνοίας.
1094 2660 1198 2743 Ὠσπερ
1210 2661 1260 2743 γάρ
1273 2666 1338 2740 ἡμῖν
1349 2658 1468 2720 ποθεινδν
1479 2659 1511 2718 τδ
1523 2657 1629 2733 ἐσθίειν,

150 2771 203 2809 non
217 2751 317 2832 ubique
330 2753 420 2812 omnia
435 2753 489 2813 cito
503 2753 615 2832 revelet,
630 2754 676 2813 sed
689 2754 778 2835 primo
788 2754 893 2814 audito·
950 2756 1020 2833 αὐτῷ
1033 2753 1064 2812 τὸ
1078 2757 1194 2826 σωθῆναι
1207 2759 1287 2832 ἡμᾶς.
1302 2751 1395 2813 Ἄκουε
1411 2750 1438 2810 δέ
1451 2753 1510 2819 πῶς
1524 2772 1635 2831 πανταχι

149 2864 206 2901 rem
218 2843 246 2902 in
257 2843 453 2905 dubitationem
470 2845 603 2926 conjiciat,
621 2859 651 2904 ut
662 2860 805 2927 postquam
819 2869 893 2926 qnae·
950 2848 980 2906 ἐκ
994 2851 1041 2906 τοῦ
1056 2846 1196 2929 προχείρου
1217 2846 1305 2907 πάντα
1319 2843 1518 2919 ἀποκαλύπτει,
1532 2841 1604 2905 ἀλλά
1618 2865 1635 2903 τι

149 2928 207 2996 rere
217 2936 317 3018 incepit
328 2937 394 3016 quid
406 2937 440 2997 sit
449 2937 519 2996 illud
528 2936 601 3017 quod
612 2937 729 3013 dieitur,
744 2959 806 2998 eum
814 2938 894 3000 dubi·
949 2943 986 3007 είς
1003 2941 1115 3023 ἀπορίαν
1139 2939 1267 3017 ἐμύάλλει
1288 2939 1332 2998 τδν
1354 2935 1496 3019 ἀκροατὴν,
1515 2935 1561 2996 ἵνα
1580 2934 1635 3018 ἀρξι

149 3028 230 3088 tando
247 3029 368 3108 laborat,
387 3030 513 3090 libentius
527 3029 556 3089 id
569 3030 643 3110 quod
655 3030 794 3110 quaerebat
811 3054 895 3117 expo-
950 3030 1056 3104 *iareb
1077 3031 1104 3091 τί
1124 3032 1155 3091 τδ
1174 3031 1326 3112 λεγόμενον,
1343 3019 1401 3088 εἶτα
1416 3031 1525 3112 ἀπορῶν
1539 3027 1586 3088 καί
1603 3028 1635 3089 xl

149 3121 234 3200 situm
245 3123 371 3205 accipiat,
385 3137 411 3183 et
424 3123 459 3183 ad
472 3123 637 3184 audiendum
652 3125 739 3205 magis
752 3127 893 3187 excitetur.
950 3122 1018 3201 μετὰ
1029 3118 1150 3190 πλείονος
1160 3121 1318 3195 ύποδίξησαι
1331 3119 1479 3203 προθυμίας
1490 3119 1571 3201 φανέν
1584 3119 1635 3188 eli

150 3215 206 3272 Cur
223 3235 287 3293 ergo
303 3236 361 3273 non
384 3216 473 3274 statim
492 3215 577 3292 dixit,
596 3220 681 3276 Meus
702 3221 784 3277 cibus
801 3233 845 3280 est
863 3234 894 3279 ut
949 3240 1036 3293 μενον,
1049 3215 1096 3275 καί
1107 3217 1206 3294 μᾶλλον
1219 3217 1346 3294 διανασιῇ
1358 3212 1423 3295 πρδς
1432 3212 1480 3283 τὴν
1494 3211 1633 3296 ἀκρόασιν.

141 3309 262 3387 Ιρἀσιὶαιη
280 3307 464 3365 voluntatem
479 3310 579 3367 Patris
594 3313 652 3367 mei
668 3308 763 3386 :quod
777 3310 825 3369 etsi
842 3332 894 3371 non
912 3331 932 3377 n
948 3307 999 3391 γδιρ
1015 3307 1052 3388 μὴ
1067 3307 1159 3376 εὐθέως
1170 3297 1243 3377 εἶπε,
1255 3305 1338 3385 Ἐμὸν
1353 3305 1450 3388 βρῶμά
1460 3308 1543 3378 ἐστιν,
1559 3303 1604 3364 ίνα
1617 3329 1635 3366 π

149 3397 259 3455 omnino
270 3397 385 3475 elarum,
397 3411 485 3457 tamen
500 3399 601 3458 clarius
613 3399 661 3458 illo
674 3414 740 3476 erat,
751 3400 825 3480 quod
835 3404 894 3484 jam
947 3397 979 3457 τὸ
991 3395 1096 3477 θέλημα
1110 3402 1157 3456 τοῦ
1169 3396 1276 3477 Πατρός
1295 3419 1362 3474 μου5
1377 3393 1463 3455 καίτοι
1477 3393 1539 3456 θῧδέ
1551 3402 1629 3456 witto

149 3488 255 3548 dixerat
264 3513 273 3568 3
290 3490 335 3549 sed
356 3491 442 3568 quid?
457 3493 522 3573 Ego
539 3496 640 3552 cibum
660 3495 754 3553 habeo
772 3499 895 3557 manda.
947 3481 989 3565 ἦν,
1008 3489 1077 3550 ἀλλδι
1093 3495 1138 3548 τοῦ
1156 3489 1282 3568 προτέρου
1297 3487 1471 3568 σαφέστερον·
1487 3487 1557 3548 ἀλλὰ
1575 3487 1635 3562 τίςἔ

149 3602 228 3653 care,
242 3603 328 3661 quem
341 3602 396 3640 vos
409 3587 535 3642 nescitis
553 3584 646 3644 Primo
661 3584 762 3664 igitur,
776 3601 807 3647 ut
821 3587 892 3669 dixi,
947 3583 1012 3665 φησί
1020 3628 1028 3656 ,
1042 3586 1139 3663 βρῶσιν
1153 3582 1207 3662 ίχω
1218 3589 1319 3662 φαγεῖν,
1337 3581 1370 3652 ἣν
1386 3583 1462 3659 ὑμεῖς
1477 3583 1526 3640 οὐκ
1536 3579 1634 3643 οἴδατε.

150 3693 184 3730 ex
197 3671 364 3732 dubitatione
379 3673 532 3733 attentiores
554 3674 616 3735 illos
636 3675 725 3735 reddit
734 3724 744 3750 ,
758 3691 837 3759 atque
849 3702 894 3740 as-
947 3699 1021 3755 τερον
1030 3674 1082 3757 γάρ
1093 3673 1185 3740 αὐτοὺς
1195 3716 1203 3744 ,
1214 3673 1278 3755 ὅπερ
1289 3672 1404 3754 ἐφην,ι·ῇ
1415 3672 1573 3755 διαπορήσει
1585 3696 1635 3756 προ

150 3762 277 3839 suefacit,
288 3776 317 3821 ut
330 3763 634 3845 etiamperaenigmata,
647 3766 720 3826 dicta
734 3768 892 3851 intelligant.
948 3768 1076 3849 κωτίρους
1095 3767 1256 3847 ἐργάσασθαι
1281 3763 1420 3844 βούλεται,
1441 3765 1486 3846 καί
1509 3765 1596 3825 ἐθίσαι
1614 3789 1635 3826 ιιι

151 3855 226 3931 Quid
239 3870 329 3915 autem
339 3856 373 3917 sit
382 3857 507 3918 voluntas
516 3859 621 3935 Patris,
632 3859 758 3942 deinceps
767 3864 892 3945 explicat.
947 3860 1071 3921 τοιούτων
1086 3859 1248 3938 αἰνιγμάτων
1261 3857 1365 3918 ἀκούειν
1379 3856 1413 3918 τδι
1425 3856 1566 3937 λεγόμενα.
1579 3857 1635 3917 Τίί

150 3951 322 4010 55.'Nonne
340 3970 395 4012 vos
415 3954 522 4026 dicitis,
547 3956 626 4034 quod
643 3956 740 4016 adhue
768 3973 895 4039 quatuor
947 3953 977 4012 τδ
991 3952 1095 4030 θέλημα
1111 3958 1157 4011 τοῦ
1174 3949 1386 4030 Πατρύςςλέγει
1400 3950 1492 4012 λοιπὸν
1504 3949 1568 4009 αύτὸ
1579 3949 1625 4009 καί

150 4062 261 4101 menses
272 4054 350 4115 runt,
362 4054 391 4101 et
402 4047 502 4103 nassis
513 4048 616 4102 venit?
628 4048 707 4106 Eece
719 4049 785 4107 dieo
793 4054 889 4124 vobis,
948 4044 1024 4105 νεύει.
1035 4047 1098 4124 Οὐχ
1110 4049 1183 4122 ὑμεῖς
1201 4041 1292 4124 λέγετε
1308 4041 1349 4101 ὅτι
1360 4042 1399 4102 ἔτι
1411 4041 1578 4124 τετράμηνόν
1589 4044 1635 4102 ἐπ

149 4135 258 4193 Levate
272 4135 371 4194 oeulos
382 4147 505 4208 vestros,
519 4149 547 4195 et
557 4133 656 4196 videte
665 4143 806 4220 regiones,
820 4148 892 4224 quia
911 4147 929 4195 E
948 4139 1095 4220 ὁθερισμδς
1119 4137 1242 4219 ἔρχεται;
1261 4135 1329 4197 Ἰδού
1347 4136 1418 4217 λίγω
1438 4140 1510 4216 ὑμῖν,
1531 4135 1635 4220 ἐπάρατ

150 4224 225 4283 αίίιεε
235 4240 302 4285 sunt
310 4229 377 4307 jam
389 4229 431 4287 ad
441 4248 571 4288 messem.
947 4231 1094 4314 ὀφθαλμούς
1107 4234 1190 4309 ὑμῶν,
1204 4231 1250 4290 καί
1263 4230 1393 4290 θεάσασθε
1405 4229 1453 4297 τάς
1463 4229 1554 4310 χώρας
1562 4276 1571 4307 ,
1580 4228 1635 4290 δτι]

948 4329 999 4385 εἰσι
1011 4322 1077 4404 πρδς
1090 4323 1222 4406 θερισμόν.

73 4473 76 4479 ,
188 4410 218 4466 9.
238 4408 281 4467 En
294 4430 403 4471 rursum
412 4413 591 4475 familiaribus
606 4416 696 4477 verbis
708 4417 771 4479 illos
788 4418 824 4479 ad
848 4440 891 4480 su·
987 4417 1056 4479 Ἰδολ
1077 4417 1158 4476 πολιν
1180 4424 1235 4482 τοῖς
1248 4415 1401 4495 συντρόφοις
1412 4413 1539 4492 ὀνόμασιν
1554 4413 1635 4492 ἀνάγε

147 4499 273 4560 blimium
283 4522 374 4561 rerum
387 4507 637 4586 contemplationem
646 4509 734 4589 erigit.
748 4513 817 4571 Nam
830 4532 892 4573 eum
946 4512 994 4586 τὴν
1014 4514 1066 4571 τῶν
1088 4507 1219 4588 μεγίστοιν
1240 4506 1351 4586 θεωρίαν
1371 4505 1471 4575 αὐτούς.
1488 4506 1543 4565 Καὶ
1556 4505 1635 4586 rapt

24 4585 32 4600 ⁴
148 4592 252 4651 Cibum
263 4591 350 4670 dixit,
367 4594 436 4652 nihil
445 4596 610 4678 aliudquam
620 4600 739 4660 suturam
750 4602 891 4665 bominum
947 4604 1037 4678 εἰπὼν,
1056 4601 1129 4661 οὐδὲν
1152 4599 1241 4681 ἕτερον
1260 4597 1490 4673 ἐδήλωσεν,ἢτδ,ν
1505 4603 1558 4658 τῶν
1574 4600 1635 4677 pull

146 4683 260 4743 salutem
281 4683 445 4764 declaravit,
463 4708 527 4767 ager
552 4712 660 4751 rursum
682 4706 708 4751 et
728 4696 822 4755 messis
840 4696 892 4756 hoe
946 4694 1137 4776 παραγίνεσθαι
1161 4691 1293 4773 σωτηρίαν
1316 4689 1475 4773 ἀνθθίδδωψ
1498 4688 1578 4762 ’‘“l’l
1597 4687 1635 4772 λά

144 4776 234 4858 ipsum
246 4775 410 4856 significant,
422 4779 573 4840 animarum
586 4803 680 4866 nempe
689 4786 890 4849 multitudinem
946 4789 991 4848 καλ
1003 4793 1016 4847 θ
1029 4787 1150 4868 θερισμὸς
1170 4785 1220 4872 *tl
1232 4784 1295 4844 αὐτὸ
1309 4785 1400 4856 δηλοῖ,
1415 4783 1445 4843 τὸ
1457 4786 1558 4854 πλῆθος
1568 4786 1635 4843 τῶν4

143 4869 178 4929 ad
194 4867 368 4950 praedicantes
386 4869 558 4950 excipiendos
575 4891 706 4954 paratam.
723 4880 824 4941 Oculos
841 4904 890 4941 au·
943 4884 995 4940 τῶν
1020 4878 1133 4957 ἑτοίμων
1156 4878 1221 4959 πρὸς
1245 4875 1295 4947 τὴν
1316 4874 1451 4956 ὑποδοχὴν
1470 4880 1515 4935 τοῦ
1541 4874 1635 4957 κηρύγγ

144 4974 197 5019 tem
208 4959 253 5019 bie
265 4958 332 5019 dieit
343 4973 368 5020 et
382 4960 478 5020 mentis
491 4974 518 5020 et
531 4967 650 5044 eorporis
669 4991 749 5030 :nam
761 4970 888 5033 videbant
944 4969 1112 5052 Ὀφθαλμοὺς
1127 4970 1153 5028 δὲ
1168 4974 1278 5029 ἐνταῦθα
1291 4967 1378 5047 λέγει,
1393 4967 1439 5027 καί
1454 4966 1515 5035 rob<
1530 4971 1581 5040 τῆς
1595 4969 1635 5028 διν

176 5169 188 5207 ¹³
200 5168 276 5222 Ssst'il·
291 5179 365 5232 ζντιῑν
377 5180 402 5225 ri
414 5177 540 5237 λεγόμενον.
993 5187 1005 5210 “
1017 5187 1054 5250 [τὸ
1064 5194 1116 5238 αὐτὸ
1129 5195 1195 5238 τοῦτο
1207 5190 1274 5239 πάλιν
1286 5187 1335 5242 inl.
1349 5179 1426 5233 Saul.
1438 5191 1462 5230 et
1471 5165 1557 5231 Codd.
1569 5192 1634 5235 nost
