3750 5940
294 395 375 482 874

294 552 350 598 ram
362 536 441 597 attera
461 533 551 615 palato
567 529 737 606 suavitates,
753 540 784 586 ur
803 525 898 586 recha
911 538 938 584 ει
953 522 1040 585 tristia

1025 401 1159 456 tenuta.

1096 523 1168 621 ρίριι
1192 520 1243 594 τὴν
1258 520 1419 596 ἀνάπαυσιν,
1442 524 1479 602 τῇ
1503 518 1649 600 μεταόολῆ
1669 524 1715 578 τοῦ
1733 524 1850 601 ”paoli

295 618 589 749 selct,atq11eexdpotu
600 609 722 669 laetitiam
732 621 829 745 panat.
840 607 883 665 Ita
893 606 958 665 oleae
968 603 1042 687 plan·
1056 620 1077 667 u
1094 624 1175 663 ποτον
1192 602 1246 662 eat
1259 608 1305 663 τοῦ
1328 600 1405 670 ξύλω
1427 599 1638 681 προφερομένη.
1649 597 1754 666 Ἕλους
1768 601 1851 683 ρὲνρίρ

296 710 323 756 ta
337 716 442 776 semper
455 691 508 755 viri
531 711 556 748 ra
576 688 687 748 exhibet
703 688 731 747 io
743 687 780 759 ia,
797 684 878 746 arbor
895 684 953 743 baec
972 704 1041 744 sem·

296 795 344 856 per
356 795 425 836 nora
437 769 601 851 conspicitur
607 792 616 844 ;
626 769 730 826 fructus
740 786 803 825 vcro
814 763 905 846 prodit
916 784 964 823 suo
975 777 1043 822 tem·

296 875 373 934 pore,
388 874 441 912 non
455 870 530 910 more
543 862 698 907 ceterarum
711 845 851 920 arborum,
866 843 913 903 sed
924 843 1043 924 pecualia·

296 933 322 991 ri
338 932 428 991 modo.
445 931 508 989 Flos
522 948 637 1006 namque
650 925 779 1007 primum,
793 939 823 983 ut
837 922 928 1015 pulvis
939 921 1041 981 tenuis·

296 1011 382 1069 simus
392 1024 441 1086 est,
450 1010 477 1069 in
489 1006 579 1067 medio
597 1020 688 1065 autem
699 1002 776 1082 quasi
789 1003 897 1063 mihum
908 1002 1042 1063 babetur:

295 1103 324 1149 et
344 1089 437 1149 botrui
459 1086 566 1164 similia,
592 1082 800 1145 innumerabilia
825 1082 926 1163 profert
943 1100 1041 1161 grana;

296 1168 365 1228 dum
381 1168 476 1227 crescit
494 1179 602 1240 autem,
616 1185 669 1224 non
688 1163 727 1222 ita
747 1163 912 1241 fruprcntcm
932 1160 1044 1250 exbibet

298 1245 503 1306 multitudinem
514 1268 524 1322 ς
539 1259 565 1303 et
581 1264 665 1322 usquc
678 1241 705 1301 in
720 1242 802 1301 linem
813 1241 926 1300 acerbus
939 1254 1042 1320 gustui,

298 1339 441 1407 excerptus
464 1347 497 1384 ne
518 1323 656 1403 degustari
681 1320 791 1399 quidem
811 1319 963 1401 potestzita
978 1338 1044 1380 vero

298 1405 490 1485 pinguedinem
502 1416 591 1463 servat
602 1423 689 1478 suam,
697 1422 728 1460 nc
735 1413 837 1458 mutata
846 1398 957 1459 demum
965 1419 1043 1458 ama-

298 1484 438 1562 ritudine,
462 1497 564 1543 tantam
589 1480 680 1561 gustui
711 1479 873 1539 suavitatem
895 1479 985 1557 affert,
1013 1490 1045 1537 ut

298 1563 420 1623 omniurn
446 1562 606 1621 deliciamm
627 1559 828 1619 condimentum
852 1558 897 1631 sit,
920 1572 946 1618 et
968 1556 1044 1618 cibos

298 1662 391 1701 omnes
404 1640 439 1700 ad
452 1643 539 1701 vitam
553 1639 695 1699 bominum
711 1651 877 1718 attemperet.
892 1637 939 1699 Sic
951 1658 1045 1697 omnes

298 1720 408 1780 arbores
422 1721 565 1798 omniaque
586 1718 700 1795 semina,
714 1739 748 1777 ex
761 1718 900 1777 ίτυοιυυιιι
914 1717 1043 1778 mutatio·
1062 1710 1082 1759 ὓ

299 1820 346 1873 ne,
370 1800 493 1859 laetitiam
515 1797 642 1858 omnibus
662 1798 781 1889 pariunt.
804 1797 941 1871 Quoniam
960 1797 1046 1876 igitur

299 1879 414 1938 mutatio
428 1880 473 1938 illa
488 1900 523 1938 ex
537 1878 639 1937 acerbis
660 1898 687 1935 rn
706 1877 816 1935 meliora
830 1890 911 1935 tantae
924 1877 1044 1937 suavita·

299 1958 335 2017 tis
350 1980 431 2018 causa
446 1971 502 2033 est;
518 1977 569 2036 age
581 1956 618 2017 ad
632 1955 790 2037 pretiosiora
808 1969 985 2029 transeuntes,
1001 1955 1044 2017 vi·

298 2035 410 2097 dearnus
423 2052 488 2117 quot
522 2050 716 2115 uentorumque
727 2034 860 2095 donorum
874 2035 951 2095 nobis
964 2057 1044 2095 causa

299 2116 381 2175 suerit
394 2117 470 2176 Crux
495 2118 516 2175 C
538 2115 609 2190 cisti,
630 2136 690 2194 quae
713 2114 815 2175 virtute
836 2136 885 2174 sua
899 2128 1003 2175 tantam
1015 2115 1044 2176 in

302 2196 416 2255 meliora
429 2196 603 2255 mutationem
616 2195 693 2253 nobis
701 2194 814 2285 peperit.
831 2197 902 2255 Nam
913 2194 963 2256 eoi
976 2216 1046 2257 crux

301 2274 399 2333 auditu
421 2275 505 2334 tristis
527 2287 553 2333 et
576 2274 681 2354 ingrata
695 2286 741 2349 srt,
758 2295 790 2332 ae
812 2273 934 2333 lautitiam
950 2287 976 2334 et
997 2275 1045 2357 ju-

302 2353 467 2413 cunditatem
488 2355 566 2413 affert
577 2398 586 2431 ,
611 2374 696 2432 neque
720 2353 864 2429 moeroris,
887 2352 934 2412 sed
951 2353 1044 2434 gaudii

302 2453 381 2492 rausa
394 2448 444 2492 est.
461 2432 521 2492 Etsi
545 2453 660 2511 namque
677 2453 773 2493 nomen
788 2433 847 2514 ejus
857 2432 960 2495 ludaeis
970 2455 1046 2495 scen-

302 2510 396 2571 dalum
411 2508 457 2585 sit‚'
472 2527 498 2572 ct
518 2511 644 2591 gentibus
664 2510 799 2584 stultitia,
812 2511 860 2571 sed
885 2512 963 2572 nobis
988 2535 1045 2573 cre·

301 2590 427 2651 dentibus
441 2593 513 2650 salus
526 2612 582 2650 esse
596 2604 766 2657 memoratur
776 2615 783 2647 ε
797 2613 961 2671 quamquam
977 2592 1045 2653 dum

301 2690 369 2730 crux
385 2671 413 2730 in
438 2671 558 2731 Ecclesia
583 2671 691 2749 legitur,
707 2684 734 2730 et
757 2671 845 2751 passio
901 2694 913 2730 r
938 2692 1045 2732 crucem

300 2764 484 2825 memoratur,
547 2750 629 2832 pulus
646 2751 695 2829 qui
720 2749 794 2809 cruci
881 2751 900 2810 't
919 2750 1045 2831 indigna·

300 2841 364 2905 tur,
390 2772 570 2891 miser-abalim
600 2850 695 2891 vocem
724 2851 773 2891 uec
800 2829 857 2890 sine
887 2852 1045 2892 murmura·

1095 682 1141 741 καί
1151 680 1238 762 ρύλλα
1253 680 1417 761 δριμυτάτην
1426 679 1477 738 καὶ
1489 679 1721 750 στυπτικωτάτην
1732 680 1808 760 Quor
1821 683 1852 753 rb

1096 759 1243 842 ίνίργειαν,
1254 765 1291 828 ὣς
1302 759 1369 838 μηδὲ
1386 758 1507 838 στόματι
1521 758 1640 819 δυνατὸν
1654 760 1721 838 πρὸς
1758 762 1855 821 burim

1096 843 1210 921 ψασθαι·
1226 840 1348 921 σταφυλὴ
1362 838 1391 900 dl
1405 837 1454 899 σύν
1466 837 1538 907 ίλιξι
1553 840 1606 898 καὶ
1638 838 1726 906 ύλλοις
1771 838 1856 920 totu.

1097 919 1284 999 ιπιμρυομίνη,
1303 917 1429 990 τοιαύτην
1456 922 1594 999 γλυκεῖαν
1618 862 1680 997 ἕχει
1697 917 1743 989 τὴν
1756 917 1858 993 alebam,

1097 1001 1133 1065 ὥς
1145 999 1296 1072 γλυκαίνειν
1310 1001 1362 1057 τῶν
1374 1003 1483 1080 πικρῶν
1495 997 1545 1056 καί
1562 1000 1698 1095 λυπηρῶν
1712 998 1757 1069 ’.ὴν
1767 999 1820 1069 ἕξιν,
1829 1000 1858 1058 τόν

1098 1076 1163 1138 ίδων
1182 1078 1283 1158 καρπὸν
1302 1082 1339 1146 είς
1357 1077 1528 1158 εὗρροσύνην
1549 1081 1588 1157 τῇ
1616 1100 1698 1137 ποσει
1716 1101 1753 1137 τα
1779 1079 1859 1157 gaulo„

1098 1155 1180 1216 θύτω
1192 1158 1238 1216 καί
1248 1162 1296 1230 τῆς
1306 1157 1395 1225 ἐλαίας
1409 1157 1444 1217 εδ
1455 1158 1586 1237 πρέμνον
1599 1155 1724 1224 ἀειθαλὲς
1767 1158 1860 1237 abacti

1098 1235 1204 1317 ρόλλον,
1227 1238 1270 1297 ἀεὶ
1291 1237 1318 1296 δί
1337 1237 1428 1305 νεάζον
1450 1236 1486 1295 τό
1508 1236 1643 1316 δένδρον·
1664 1236 1767 1317 ρίρεται
1780 1236 1859 1297 brat

1098 1316 1191 1396 καιρδν
1204 1316 1391 1398 δκαρπδς,αἐ
1417 1314 1526 1394 όμόιως
1535 1323 1599 1384 τοῖς
1608 1324 1695 1376 πᾶσιν
1704 1316 1861 1385 ἀπδτῶξυλω

1098 1396 1269 1475 φαινόμενος,
1293 1398 1352 1455 ἀλλ’
1372 1341 1442 1455 ἰδίαν
1457 1395 1523 1456 τινδ
1537 1394 1628 1476 φύσιν
1650 1397 1679 1454 ίν
1700 1399 1778 1473 ἐαυτῷ
1794 1399 1859 1457 tnta

1099 1472 1233 1553 κνύμενος.
1248 1474 1336 1543 Ἄνθος
1351 1473 1399 1553 μίν
1414 1475 1472 1556 γὰρ
1486 1478 1606 1556 πρῶτον
1620 1479 1661 1542 ὣς
1701 1481 1745 1536 ὧν
1763 1476 1859 1536 λεττόα

1098 1553 1143 1614 τόν
1165 1557 1222 1615 ίστι
1245 1554 1494 1638 περιόαλλόμινος,
1519 1559 1550 1616 ἕν
1575 1555 1658 1634 μίσω
1677 1500 1859 1623 discimus<

1098 1635 1171 1693 ίστιν
1183 1637 1220 1702 ὣς
1233 1635 1344 1716 almo<
1364 1635 1576 1716 όναρυόμενος·
1599 1618 1650 1695 καί
1672 1634 1761 1715 βότρυί
1773 1636 1813 1713 μὲν
1822 1659 1857 1695 πτ-

1117 1712 1208 1782 romb<
1216 1718 1316 1788 πλῆθος
1323 1713 1511 1795 ἀναρίθμητον
1525 1715 1731 1788 ἐπιδείκνυται,
1740 1718 1773 1782 είς
1783 1713 1857 1785 ekes

1115 1791 1128 1853 l
1143 1793 1252 1874 προῖὼν,
1270 1800 1317 1853 τοῦ
1335 1794 1454 1867 πλήθους
1469 1793 1521 1873 μίν
1537 1799 1581 1860 ὥς
1596 1795 1857 1876 ἀνωρτλῶςόταλλίτ-

1099 1895 1188 1948 rerer,
1200 1874 1246 1933 καί
1259 1873 1351 1954 πικρός
1364 1874 1413 1953 μέν
1425 1877 1502 1933 ἐστιν
1514 1872 1574 1942 ἕως
1586 1874 1856 1953 τέλουςθπυηευόρινις,

1099 1952 1224 2032 ἄγευστος
1243 1952 1329 2014 dod
1347 1957 1447 2034 χειρῶν
1465 1953 1699 2034 λαμὸανόμενος·
1720 1954 1856 2034 ρόλαὶόίίιί

1099 2032 1192 2092 τούτου
1205 2036 1253 2106 τῆς
1276 2036 1369 2093 ἑαυτοῦ
1392 2033 1527 2105 πιότητος
1539 2035 1703 2114 γινόμενος,
1719 2034 1765 2107 ἤδη
1782 2040 1855 2106 rica·

1099 2111 1225 2195 κρότητος
1248 2118 1281 2194 τῇ
1300 2113 1437 2193 μεταόολῇ
1453 2113 1600 2186 τοσαύτην
1616 2116 1711 2186 ἡδεῖαν
1724 2112 1855 2194 τερέριιτίι

1099 2200 1197 2271 γεῦσιν,
1218 2196 1255 2259 ὥς
1278 2193 1366 2264 ποίσης
1386 2191 1436 2271 μὶν
1457 2196 1571 2274 τρυρῆς
1598 2193 1710 2274 ἄρτυμα
1726 2218 1747 2251 π
1824 2192 1854 2236 ’·

1100 2278 1176 2346 σθαι,
1192 2271 1281 2346 πόσης
1302 2272 1330 2333 dl
1354 2270 1503 2339 ἑστιάσεως
1529 2271 1667 2354 κέρασμα
1685 2275 1747 2356 πρὸς
1762 2272 1854 2345 elam

1099 2355 1152 2411 τῶν
1165 2351 1310 2431 ἀνθρώπων
1325 2351 1456 2432 γίνεσθαι.
1476 2350 1537 2411 Καὶ
1560 2352 1638 2412 οὕτω
1657 2363 1732 2414 πᾶσα
1749 2352 1812 2434 ρύτις
1826 2376 1855 2431 ρ.»

1099 2436 1153 2492 τῶν
1163 2454 1193 2493 τε
1203 2432 1249 2491 καί
1260 2431 1421 2515 σπερμάτων
1439 2435 1475 2512 τῇ
1492 2432 1643 2514 μεταὸολῇ
1657 2436 1712 2493 τῶν
1726 2429 1855 2513 καρπῦιτίι

1100 2515 1128 2571 οὗ
1150 2509 1260 2594 ροσύνην
1272 2521 1327 2579 τοῖς
1345 2520 1412 2572 πᾶσι
1437 2510 1628 2649 παρίὶρουσιν.
1642 2512 1722 2572 Ἐπεί
1743 2512 1854 2571 roland·

1099 2536 1293 2672 χαλεπωτέρων
1304 2590 1348 2651 ἐπὶ
1360 2594 1393 2670 τῇ
1405 2594 1462 2651 τῶν
1480 2593 1498 2670 β
1534 2590 1637 2651 πιόνοιν
1652 2592 1782 2672 pce-adala
1792 2590 1854 2651 τοττύ

1099 2695 1148 2811 {ll
1166 2668 1855 2833 {llllbbl'sslffiutlbll’ffi

1100 2832 1208 2911 ἀγαθῶν
1222 2828 1463 2931 προᾘνοςιγίγονεν
1476 2835 1491 2890 δ
1506 2832 1632 2913 σταυρὸς
1644 2836 1693 2893 τό]
1708 2828 1854 2912 λ’ριττῶ,δύ

301 2908 373 2967 tione
395 2909 529 2986 emittens,
555 2930 606 2969 non
628 2923 717 2968 contra
747 2929 863 2985 crucem,
884 2910 932 2969 sed
953 2914 1148 2982 contramr'air
1163 2913 1240 2969 αὐτοῦ
1254 2914 1383 2992 ίνεργειας
1396 2909 1538 2983 τοσαύτην
1559 2910 1854 2991 μεταόολὴνᾶγαθὲαιε·

301 2988 488 3079 crucifigentes
507 3002 533 3048 et
555 2987 715 3048 incredulos.
730 2989 807 3047 Crux
824 2989 897 3048 enim
920 2991 993 3050 salus
1006 3005 1045 3051 est
1063 2996 1082 3044 Α
1100 2989 1305 3069 τεργασιίμενος.
1326 2987 1423 3129 timp
1437 2989 1485 3049 καί
1496 2991 1628 3072 λυπηρὸς
1644 2992 1692 3051 καὶ
1706 2991 1854 3079 moiri&

301 3066 439 3143 Ecclesrae,
453 3090 521 3128 crux
534 3068 659 3149 gloriatio
673 3088 776 3144 eorum,
791 3068 877 3146 quiin
888 3068 975 3149 ipsam
986 3092 1045 3130 cre-

299 3145 436 3211 diderunt.
454 3149 530 3207 Crux
551 3169 599 3207 nos
612 3148 710 3206 liberat
727 3168 742 3205 a
759 3147 972 3227 precedentibus
988 3171 1045 3209 ma·

299 3225 346 3302 lis,
359 3227 401 3285 hae
412 3241 474 3286 sunt
488 3227 616 3308 primitiae
630 3227 773 3298 bonorum,
789 3249 856 3286 crux
873 3227 1045 3288 inimicorum

300 3305 483 3365 reconciliatio
496 3328 558 3366 cum
569 3310 636 3379 Dec,
645 3321 671 3365 et
680 3320 849 3397 peccatorum
860 3309 997 3366 conversio
1010 3308 1046 3368 ad

301 3386 449 3448 Christum.
464 3387 516 3445 Per
525 3408 631 3445 crucem
644 3407 716 3445 enrrn
724 3386 760 3443 ab
771 3386 913 3446 inimicitia
928 3388 1044 3463 liberati,

301 3485 348 3542 per
368 3485 475 3523 crucem
497 3465 616 3523 amicitia
630 3486 693 3522 curn
712 3467 769 3523 Deo
782 3466 869 3544 juncti
882 3489 985 3542 sumus,
998 3488 1046 3547 per

301 3562 409 3600 crucem
418 3564 433 3602 a
442 3543 543 3603 diaboli
556 3541 699 3632 tyrannide
713 3543 870 3621 liberamur,
878 3567 927 3625 per
938 3567 1045 3608 crucem

300 3636 415 3681 amorte
428 3636 454 3682 et
473 3621 591 3702 pemicrc
603 3622 732 3681 eruimur.
761 3622 823 3681 ldeo
840 3624 968 3704 populus,
997 3627 1044 3686 ubi

321 3700 421 3761 rimum
440 3722 546 3761 crucem
560 3699 677 3778 audivit,
693 3702 921 3774 obmurmuravit‚
936 3705 982 3765 sed
995 3727 1044 3764 au·

323 3779 358 3838 'ta
378 3781 571 3841 resurrectione
589 3801 713 3840 murmur
725 3780 753 3840 in
773 3781 903 3860 gaudium
917 3785 1044 3860 mutavit,

300 3880 370 3939 pura
384 3881 448 3920 voce
461 3861 576 3940 gloriam
589 3860 733 3920 celebrans.
747 3861 823 3921 Crux
837 3863 982 3922 humanam
998 3885 1045 3923 na·

300 3951 391 3998 turam
412 3940 439 3999 in
456 3940 608 4021 angelicum
621 3939 744 4001 ordinem
764 3941 882 4001 mutavit
896 3966 903 3999 :
917 3943 1045 4022 illamque

300 4018 336 4076 ab
346 4019 419 4079 omni
431 4032 562 4110 corrupto·
570 4040 650 4099 opere
663 4020 776 4081 liberam
794 4020 943 4097 ostendens,
957 4023 1044 4083 incor-

1100 3068 1199 3149 Κυρίου
1213 3068 1324 3151 σταυρδς
1420 3090 1521 3148 μενος,
1535 3070 1611 3130 ἀλλὰ
1630 3082 1720 3152 χαρᾶς
1732 3072 1855 3152 aliperga

1100 3147 1273 3229 ραιδρότητος
1286 3148 1418 3225 ίμπλεος,
1434 3151 1464 3208 ού
1484 3149 1608 3223 πάθους,
1634 3153 1698 3210 ἀλλ’
1711 3144 1854 3214 tractarat

1099 3251 1153 3296 τιος
1167 3229 1313 3307 γενόμενος.
1336 3229 1369 3287 El
1383 3226 1411 3286 δί
1422 3228 1470 3287 καὶ
1491 3229 1654 3289 σκείνδαλόν
1669 3235 1740 3291 ἐστιν
1756 3227 1853 3289 'tutata

1099 3307 1302 3385 ὀνομαζόμενος,
1324 3306 1412 3388 μωρία
1435 3306 1464 3366 δὲ
1482 3310 1609 3377 καὶτοῖς
1631 3310 1719 3370 ἔθνεσι
1730 3308 1853 3389 temnite

1100 3411 1157 3460 νος,
1172 3388 1230 3446 ἀλλ’
1255 3391 1272 3457 ἡ
1295 3396 1319 3445 ῖν
1333 3394 1387 3452 τοῖς
1404 3386 1568 3448 πιστεύουσι
1587 3390 1714 3470 σωτηρία
1728 3386 1852 3466 praeuni-

1101 3489 1186 3543 μενος.
1205 3468 1238 3526 El
1254 3410 1306 3566 γίρ
1320 3466 1405 3524 καὶέν
1422 3468 1563 3550 ἐκκλησία
1580 3477 1701 3549 σταυρῶ
1715 3473 1850 3551 drapum

1102 3550 1193 3622 μένου,
1204 3547 1250 3605 καί
1263 3552 1361 3611 παθους
1373 3545 1416 3605 διὰ
1433 3554 1554 3626 σταυροῦ
1570 3549 1803 3626 μνημονευομένω,
1812 3549 1852 3606 isat

1100 3630 1115 3686 θ
1136 3628 1241 3706 σταυρῷ
1267 3624 1398 3685 πιστεύων
1419 3629 1589 3704 ἀγανακτεῖ,
1604 3628 1725 3699 ἐλεεινὴν
1742 3626 1811 3708 parsi·
1823 3624 1851 3681 ul

1100 3705 1248 3784 γογγυσμδν
1260 3702 1412 3785 ἀριίμενος,
1426 3708 1456 3764 οὐ
1481 3705 1531 3764 διὰ
1545 3706 1592 3765 τδν
1612 3708 1743 3787 σταυρὸν,
1756 3701 1851 3764 dliii&

1099 3786 1159 3851 τοὺς
1175 3783 1379 3865 σταυρώσαντας
1393 3785 1439 3843 καὶ
1458 3786 1683 3857 ἀντιστήσαντας.
1704 3780 1851 3864 {catapotia

1101 3863 1219 3945 σωτηρία
1229 3869 1276 3936 τῆς
1287 3863 1465 3935 Ἐκκλησίας,
1479 3865 1600 3943 σταυρὸς
1608 3868 1642 3926 τὸ
1652 3868 1775 3947 καύχημα
1783 3864 1850 3923 rure}

1100 3943 1176 4002 αιίτόν
1187 3942 1347 4017 ἠλπικότων,
1358 3944 1470 4025 σταυρὸς
1480 3950 1496 4005 ὁ
1508 3945 1675 4014 ἀπαλλάξας
1686 3936 1753 4020 aida:
1762 3950 1801 4003 :ur
1809 3964 1849 4021 τρο

1099 4022 1232 4082 λαόόντων
1247 4027 1347 4094 κακῶν,
1360 4021 1406 4081 καί
1421 4023 1539 4123 όπαρρὴ
1554 4028 1611 4083 τῶν
1623 4010 1800 4106 ἐταγενορνω
1807 4027 1849 4097 lt&

299 4113 393 4191 ruptae.
409 4100 474 4159 vitu
492 4113 652 4179 participem
672 4100 777 4159 efficere
790 4100 901 4179 dignata
917 4115 964 4162 est.
984 4104 1044 4162 Non
1099 4102 1361 4182 ἀγαθῶν,,σταυρ”οςὴ
1376 4101 1443 4181 πρὸς
1453 4105 1527 4162 Occu
1545 4104 1654 4187 ἐχθρῶν
1669 4097 1849 4180 cavallaria&

151 4192 289 4242 Psatsuo.
300 4197 372 4239 enrm
380 4201 438 4259 garn
452 4179 584 4254 homines,
595 4179 644 4237 scd
656 4178 844 4259 deosappellat
853 4180 945 4241 dicens
957 4206 964 4238 t
978 4185 1044 4263 Ego
1062 4190 1080 4237 n
1098 4182 1143 4240 ἐπί
1156 4183 1268 4262 Χριστὸν
1284 4184 1450 4262 ἁμαρτωλῶν
1466 4185 1634 4265 ἐπιστροφή.
1646 4186 1699 4246 Διὰ
1712 4177 1848 4263 ermpold?

300 4258 374 4331 dixi,
391 4261 444 4317 Dii
457 4262 537 4330 estis,
553 4272 582 4319 et
595 4259 661 4350 fibi
680 4260 833 4318 Altissr'mr'
857 4282 963 4321 onrncs.
982 4264 1043 4321 Non
1097 4266 1144 4333 τῆς
1158 4259 1254 4343 ἔχθρας
1272 4260 1450 4342 ἐρρύσθημεν,
1464 4260 1514 4320 καὶ
1531 4263 1577 4322 διὰ
1593 4271 1712 4345 σταυροῦ
1724 4270 1758 4342 τῷ
1769 4259 1848 4321 (leiti

149 4336 1044 4414 Ps.21.3r.ultraservos,sedamrcosetlratresvocavit,Narra-
1097 4339 1185 4420 φιλίαν
1211 4341 1275 4412 συνή
1323 4364 1392 4417 ,μεν
1415 4340 1459 4400 διὰ
1483 4349 1608 4442 σταυροῦ
1637 4351 1687 4417 τῆς
1706 4319 1847 4404 retemta

239 4445 246 4457 ·
301 4417 336 4474 bo
352 4438 457 4477 nonten
482 4432 563 4479 tuum
570 4420 724 4499 fratribus
738 4422 820 4490 mels,
837 4419 970 4498 inquiens.
993 4422 1043 4482 Vi·
1096 4421 1247 4500 τυραννίδος
1263 4425 1280 4492 ἠ
1299 4419 1494 4501 ·υθεριίιθημευ,
1518 4445 1567 4480 και
1581 4424 1630 4483 διὰ
1652 4424 1846 4505 aza-puzob-

298 4492 361 4552 den'
373 4511 502 4572 quantam
514 4497 690 4556 mutationem
700 4519 769 4559 crux
781 4499 920 4560 effecerit?
932 4502 969 4559 Ut
979 4521 1042 4561 vero
1096 4500 1175 4559 νότου
1193 4501 1239 4559 καί
1257 4504 1306 4570 τῆς
1329 4500 1463 4569 ἀπωλείας
1483 4501 1700 4584 ἀπηλλάγημεν.
1717 4501 1763 4562 Διί
1774 4498 1845 4558 τοὶοί

298 4572 397 4631 clarius
412 4575 498 4633 crucis
515 4575 643 4634 virtutem
657 4576 771 4649 ediscas,
789 4578 886 4658 cogita,
902 4578 968 4657 quid
981 4594 1043 4640 ante
1095 4580 1157 4647 λαδς
1170 4604 1191 4638 rr
1208 4579 1296 4660 ότερον
1323 4578 1371 4656 μὲν
1392 4580 1454 4659 περὶ
1478 4589 1602 4662 σταυροῦ
1617 4583 1721 4643 ἀκούων
1734 4580 1843 4659 nasso·

298 4672 416 4727 crucem,
429 4653 476 4730 qui
497 4667 558 4734 post
569 4675 676 4715 crucem
688 4657 779 4735 luerit,
791 4671 816 4717 ct
832 4659 920 4719 crucis
934 4658 991 4719 vim
1001 4658 1042 4721 in·
1095 4651 1169 4728 αὖθις
1180 4603 1208 4721 dl
1219 4660 1280 4762 περὶ
1297 4661 1466 4727 ἀναστάσεως
1481 4660 1604 4729 ἀκούων,
1623 4662 1670 4721 τὸν
1681 4662 1807 4741 mpori*
1821 4655 1843 4714 tl·

297 4731 410 4872 telliges.
426 4736 494 4790 Ante
509 4753 616 4792 crucem
631 4735 653 4792 F
654 4735 718 4794 ilius
732 4757 785 4796 non
800 4751 882 4797 notus
900 4753 974 4815 eret;
992 4738 1042 4801 bo·
1094 4740 1180 4821 χαρδιυ
1196 4739 1341 4818 μετεόαλε,
1359 4744 1464 4820 καθαρᾷ
1478 4742 1515 4818 τῇ
1529 4747 1608 4818 ρωνῆ
1622 4744 1673 4815 ’.ην
1693 4744 1761 4811 δόξαν
1774 4756 1840 4815 apte*

295 4807 342 4869 die
377 4832 423 4869 um
437 4832 506 4870 crux
519 4811 692 4891 praedicatur,
707 4815 794 4875 Filius
807 4817 854 4877 illc
869 4831 996 4893 vocatur,
1016 4831 1041 4877 ct
1097 4821 1212 4899 ρόμενος.
1227 4819 1345 4898 Σταυρδς
1367 4817 1416 4889 ris
1430 4807 1605 4900 ἀνθρωπείαύ
1627 4824 1705 4902 φύσιν
1720 4825 1752 4885 εἰς
1769 4814 1840 4895 bul*

297 4889 375 4953 Pater
384 4912 434 4972 per
450 4890 551 4950 Filium
565 4894 737 4971 cognoscitur
754 4918 761 4953 r
776 4911 837 4956 ante
859 4919 966 4957 crucem
981 4897 1041 4957 dia·
1095 4900 1143 4972 ιιὴν
1161 4898 1291 4977 μετίύαλε
1313 4898 1397 4968 τάξιν,
1419 4898 1510 4970 πόσης
1527 4903 1654 4995 ρθαρτῆς
1666 4899 1773 4980 πράξειν
1789 4894 1838 4951 iil's

295 4966 374 5030 bolus
396 4969 574 5045 adorabatur;
592 4993 663 5031 nunc
701 4988 743 5035 ost
759 4976 845 5037 crucis
866 4977 1040 5057 praedicatio·
1095 4979 1171 5060 τρίαν
1185 4977 1338 5052 ἀποδείξας,
1354 4978 1608 5058 καίτῆςάρθαρτου
1621 4976 1836 5057 ζωῆςένὲαιτίσίρ

295 5066 356 5107 nem
370 5048 496 5109 diabolus
511 5049 617 5125 cecidit,
629 5065 656 5111 et
685 5073 800 5115 aemones
817 5056 965 5135 sugantur:
979 5071 1041 5117 ante
1095 5057 1269 5127 καταξιώσας.
1287 5060 1348 5118 ote
1360 5058 1399 5118 ἔτι
1413 5057 1528 5140 γδράνθ
1555 5056 1655 5134 ’πως,
1674 5056 1835 5120 Medi&

294 5145 400 5187 erucem
415 5129 584 5191 fornicationi
594 5144 620 5189 et
633 5130 751 5193 lasciviae
764 5155 874 5215 operam
883 5135 1017 5197 dabamus
1031 5160 1040 5213 ς
1095 5161 1115 5195 π
1148 5135 1290 5220 σηγόρευσε
1310 5136 1409 5215 λόγων·
1420 5137 1497 5215 Ἐγὼ
1512 5163 1523 5197 ε
1536 5162 1594 5210 πα,
1613 5142 1669 5201 θεοί
1681 5144 1748 5209 ἕστε,
1760 5123 1833 5207 ratolti

294 5223 438 5269 nunccum
453 5230 522 5269 crux
535 5208 708 5290 praedicatur,
728 5234 781 5272 non
797 5214 877 5274 modo
891 5238 907 5275 a
920 5217 1039 5280 fornica·
1094 5217 1102 5238 ‘
1129 5217 1222 5298 ψίστου
1239 5217 1347 5283 πάντες.
1365 5220 1425 5277 Οὐκ
1444 5217 1485 5277 ότι
1501 5219 1629 5295 δούλους,
1646 5217 1711 5281 ἀλλὰ
1727 5210 1830 5295 ρῦιοιιλῒἑ
