3750 5940
61 464 67 481 .
95 434 201 484 exxrt.
226 410 275 485 ni.
303 432 396 482 ιω.
770 406 835 501 481

98 558 227 634 minibus,
240 558 288 638 qui
309 557 344 618 ad
365 556 495 616 barbatus
511 554 760 637 proficiscebantur.
786 556 843 614 Ve-

99 671 160 710 rum
171 650 218 710 iIIe
228 649 338 730 quando
351 670 399 709 rex
412 648 522 708 effectus
534 660 584 719 est,
609 667 663 707 non
685 645 767 707 medo
788 667 842 707 non

98 743 172 805 ultus
188 743 249 804 illes
257 757 308 820 est,
325 741 373 803 sed
385 741 491 801 etiam
507 753 616 823 {nocato
629 739 701 815 iIIes,
710 753 843 819 quantum

100 838 127 899 in
141 839 201 921 ipso
211 853 276 917 mat,
289 838 428 916 biscrevit,
447 836 514 896 dum
524 856 582 896 rem
601 849 704 917 gestam
715 836 767 897 Dei
780 857 843 919 prc-

100 932 251 992 videntiam
285 930 419 1007 secavit,
456 950 510 990 uon
539 929 650 990 illerum
683 928 841 1009 nequitiem.

66 1035 85 1084 c
102 1025 176 1097 Quae
186 1045 250 1083 vero
264 1037 356 1083 cenna
370 1021 432 1082 illes
444 1021 518 1098 iecit,
535 1042 590 1082 nen
611 1018 771 1080 ulcisceudm
798 1019 844 1079 in-

98 1116 179 1197 juriae
191 1116 293 1194 animo,
309 1114 357 1175 sed
370 1126 422 1196 pre
435 1115 517 1173 Iratre
533 1112 581 1171 illa
603 1111 750 1172 simulavit.
765 1112 846 1172 Post-

101 1230 131 1268 ea
161 1230 225 1269 vere
249 1208 297 1268 ubi
327 1206 400 1267 vidit
424 1206 486 1265 iIIes
512 1206 623 1264 fratrem
648 1225 731 1264 suum
753 1203 845 1264 deien-

102 1299 174 1376 dcre,
199 1302 285 1382 posita
305 1300 392 1375 larva,
412 1299 504 1360 stetim
523 1297 686 1357 lamentatus
714 1309 764 1371 cst,
787 1318 847 1356 am·
955 1360 960 1370 ¹

104 1396 280 1477 plexatusque
293 1408 332 1455 est
343 1394 414 1469 illos,
424 1414 456 1453 uc
470 1393 494 1452 si
513 1391 550 1451 ab
559 1390 598 1451 eis
607 1412 705 1472 magua
717 1390 848 1451 beneficia

103 1488 256 1569 accepisset,
265 1488 311 1567 qui
319 1508 388 1569 pene
397 1486 433 1545 ab
442 1484 496 1545 iIIis
505 1484 572 1545 olim
581 1484 737 1544 interemtus
745 1484 846 1543 suerat:

105 1593 186 1658 atque
203 1578 265 1638 iIIos
279 1600 372 1639 omnes
382 1579 410 1638 in
424 1577 574 1660 AEgyptum
587 1574 712 1651 deduxit,
722 1574 850 1654 milleque

105 1671 243 1730 beneflciis
257 1671 415 1731 cumulavit.
430 1672 521 1744 Quam
529 1688 594 1748 erge
607 1667 787 1728 defensionem
800 1666 850 1726 Ina·

104 1763 237 1840 bebimus,
248 1765 295 1843 qui
309 1778 369 1845 pest
381 1764 468 1843 legem
481 1776 508 1822 et
522 1762 649 1842 gratiam,
665 1775 726 1843 post
744 1775 850 1823 tantum

71 1859 284 1942 Dphilosophiae
297 1874 485 1940 augmentum,
516 1879 549 1918 ne
569 1857 648 1917 illum
669 1857 780 1937 quidem
803 1859 851 1938 qui

107 1966 167 2011 ante
176 1952 261 2032 Iegem
282 1968 307 2013 et
320 1953 435 2033 gratiam
455 1952 507 2013 iuit
521 1951 678 2011 imitamur?
691 1952 752 2031 quis
772 1972 851 2012 uena

106 2044 239 2126 supplicio
248 2045 369 2105 eximet?
384 2044 462 2105 Nihil
472 2042 601 2119 entenim,
616 2043 709 2123 utique
722 2042 791 2103 nihil
804 2041 852 2102 de-

107 2138 190 2198 terius
203 2139 365 2220 injuriarum
387 2137 526 2198 memoria.
551 2134 587 2196 Et
610 2136 662 2197 hoe
679 2137 853 2199 manifestum

109 2227 228 2289 reddidit
239 2229 318 2310 isqui
331 2228 426 2289 dmm
436 2228 524 2289 miIIia
547 2228 647 2289 ulcnta
662 2228 789 2309 debebat,
805 2229 854 2311 qui
865 2240 949 2289 uerit.
968 2213 1015 2287 its

112 2321 186 2402 prius
192 2321 285 2382 debito
299 2321 449 2398 absolutus,
463 2336 554 2404 penten
567 2321 603 2381 sd
617 2320 776 2383 solvendum
793 2342 856 2397 cna·
865 2298 905 2364 ²4·

111 2428 171 2473 ctus
180 2429 233 2491 cst,
247 2414 396 2492 absolutus,
419 2436 467 2497 pes
481 2414 532 2473 Dei
548 2413 780 2495 misericerdiam,
794 2434 857 2475 cna·

111 2522 171 2568 ctus
183 2529 247 2569 vero
261 2530 309 2591 per
323 2508 462 2590 propriam
469 2506 628 2588 nequitiam,
637 2508 712 2588 qued
728 2530 857 2571 conserve

113 2620 162 2660 suo
186 2599 309 2661 debitum
331 2622 384 2661 non
403 2600 544 2661 remiserit.
569 2600 678 2677 Quibus
701 2603 857 2685 perspectis,

76 2703 95 2751 e
113 2693 239 2774 proxime
254 2707 360 2774 peccata
371 2692 550 2766 dimittamus,
561 2692 617 2751 imo
638 2693 777 2754 beneficiis
795 2695 858 2756 illos

114 2805 318 2866 prosequamur,
332 2800 361 2845 ut
371 2784 583 2847 misericorditem
593 2785 645 2845 Dei
654 2806 857 2865 consequamur,

114 2878 200 2956 gratia
213 2891 239 2937 et
250 2878 414 2958 benignitate
425 2877 534 2937 Domini
549 2876 634 2937 nostri
655 2879 719 2938 teu
747 2877 858 2953 Christi,
925 2904 928 2909 ·

115 2969 159 3028 cui
186 2969 272 3047 gloria
297 2983 323 3029 ct
348 2969 491 3050 imperium
510 2968 539 3029 iu
565 2967 662 3029 saeeula
686 2968 857 3030 saecuomm.

117 3063 210 3118 Amen.

71 3916 108 4017 ’ἲ
344 3921 503 3981 ttorttuta
525 3919 642 3981 LXXII.
703 3934 707 3940 '

61 4163 63 4181 .
117 4117 184 4175 Car.
200 4115 275 4176 XIII.
289 4138 316 4176 v.
331 4118 381 4175 20.
406 4117 515 4192 Amen,
532 4137 619 4176 amen
628 4118 800 4186 dieooobis,
816 4117 868 4195 qui

61 4233 64 4257 ν
158 4213 264 4288 accipit
285 4214 416 4290 siquem
440 4213 545 4269 misero
556 4255 566 4282 ,
597 4230 643 4268 me
666 4210 796 4288 accipit.-
818 4209 869 4288 qui

161 4314 259 4360 autem
267 4322 313 4360 me
322 4305 440 4381 accipit,
455 4304 563 4382 accipit
573 4321 639 4360 eum
651 4304 704 4381 qui
717 4320 764 4360 mc
777 4302 867 4360 misit.

61 4539 66 4550 -
158 4503 184 4558 t.
206 4502 307 4579 Magna
318 4499 368 4558 Dei
379 4517 480 4557 merces
489 4496 586 4557 collata
595 4496 630 4557 iis
639 4495 688 4576 qui
698 4517 792 4559 serres
804 4518 869 4557 suos

61 4623 68 4656 i
117 4592 211 4652 serent
221 4606 247 4651 et
261 4591 393 4651 beneficio
410 4590 544 4668 afficiunt,
565 4588 681 4671 indeque
698 4590 802 4651 frustm
815 4611 865 4652 uo·

61 4734 69 4762 ‚
120 4684 162 4744 bis
185 4685 359 4766 proveniunt.
385 4684 457 4743 Nam
483 4684 540 4763 Qui
557 4686 660 4764 recipit
679 4703 746 4757 cos,
769 4681 869 4763 inquit,

61 4805 70 4838 i
122 4800 166 4837 me
181 4781 298 4858 recipit,·
310 4788 337 4835 et
351 4780 403 4857 qui
422 4779 526 4855 recipit
539 4796 595 4851 me,
617 4778 720 4856 recipit
740 4796 804 4835 eum
819 4778 871 4856 qui

61 4898 70 4931 t
87 4890 106 4938 n
122 4876 201 4930 reicit
216 4893 271 4930 me.
285 4869 425 4929 Christum
438 4881 466 4927 et
473 4868 532 4949 ejus
542 4867 787 4949 Patrcmreeipcre,
802 4865 872 4946 quid

61 4990 69 5038 q
124 4963 187 5022 Iinic
199 4962 289 5021 officie
302 4957 544 5042 equiparandum?
559 4957 595 5017 Et
609 4979 670 5038 quae
686 4955 873 5036 consequentia

61 5081 70 5114 r
125 5054 240 5116 addicta
248 5051 471 5136 superiusiquid
479 5051 538 5111 baee
547 5070 688 5112 commune
697 5046 797 5109 habent
807 5067 870 5108 cum
