<?xml version="1.0" encoding="UTF-8"?>
<!DOCTYPE html PUBLIC "-//W3C//DTD XHTML 1.0 Transitional//EN"
    "http://www.w3.org/TR/xhtml1/DTD/xhtml1-transitional.dtd">
<html xmlns="http://www.w3.org/1999/xhtml" xml:lang="en" lang="en">
 <head>
  <title>
</title>
<meta http-equiv="Content-Type" content="text/html;charset=utf-8" />
  <meta name='ocr-system' content='tesseract 3.04.00' />
  <meta name='ocr-capabilities' content='ocr_page ocr_carea ocr_par ocr_line ocrx_word'/>
</head>
<body>
  <div class='ocr_page' id='page_1' title='image "./sanctipatrisnos02chrygoog_0732.png"; bbox 0 0 3750 5940; ppageno 0'>
   <div class='ocr_carea' id='block_1_1' title="bbox 61 429 844 523">
    <p class='ocr_par' dir='ltr' id='par_1_1' title="bbox 61 429 844 523">
     <span class='ocr_line' id='line_1_1' title="bbox 61 429 844 523; baseline 0.001 -25"><span class='ocrx_word' id='word_1_1' title='bbox 61 450 285 516; x_wconf 69' lang='lat' dir='ltr'>perornasse,</span> <span class='ocrx_word' id='word_1_2' title='bbox 311 451 391 499; x_wconf 80' lang='lat' dir='ltr'>mc.</span> <span class='ocrx_word' id='word_1_3' title='bbox 776 429 844 523; x_wconf 83' lang='lat'>703</span> 
     </span>
    </p>
   </div>
   <div class='ocr_carea' id='block_1_2' title="bbox 66 573 1003 2725">
    <p class='ocr_par' dir='ltr' id='par_1_2' title="bbox 66 573 1003 2725">
     <span class='ocr_line' id='line_1_2' title="bbox 101 573 845 654; baseline 0.003 -21"><span class='ocrx_word' id='word_1_4' title='bbox 101 573 191 650; x_wconf 91' lang='lat' dir='ltr'>minis,</span> <span class='ocrx_word' id='word_1_5' title='bbox 202 594 265 634; x_wconf 91' lang='lat' dir='ltr'>cum</span> <span class='ocrx_word' id='word_1_6' title='bbox 278 574 380 635; x_wconf 88' lang='lat' dir='ltr'>venerit</span> <span class='ocrx_word' id='word_1_7' title='bbox 390 575 413 634; x_wconf 91' lang='lat' dir='ltr'>is</span> <span class='ocrx_word' id='word_1_8' title='bbox 426 573 473 654; x_wconf 87' lang='lat' dir='ltr'>qui</span> <span class='ocrx_word' id='word_1_9' title='bbox 486 573 623 634; x_wconf 86' lang='lat' dir='ltr'>illuminat</span> <span class='ocrx_word' id='word_1_10' title='bbox 635 574 793 651; x_wconf 83' lang='lat' dir='ltr'>abscondita</span> <span class='ocrx_word' id='word_1_11' title='bbox 808 590 845 636; x_wconf 88' lang='lat' dir='ltr'>te-</span> 
     </span>
     <span class='ocr_line' id='line_1_3' title="bbox 66 653 998 735; baseline 0.003 -21"><span class='ocrx_word' id='word_1_12' title='bbox 66 668 84 714; x_wconf 78' lang='lat' dir='ltr'>n</span> <span class='ocrx_word' id='word_1_13' title='bbox 101 654 257 733; x_wconf 88' lang='lat' dir='ltr'>nebrarum,</span> <span class='ocrx_word' id='word_1_14' title='bbox 266 666 293 713; x_wconf 92' lang='lat' dir='ltr'>ct</span> <span class='ocrx_word' id='word_1_15' title='bbox 302 653 439 714; x_wconf 86' lang='lat' dir='ltr'>manifesta</span> <span class='ocrx_word' id='word_1_16' title='bbox 445 653 509 713; x_wconf 80' lang='lat' dir='ltr'>iacit</span> <span class='ocrx_word' id='word_1_17' title='bbox 515 653 627 714; x_wconf 89' lang='lat' dir='ltr'>consilia</span> <span class='ocrx_word' id='word_1_18' title='bbox 633 654 757 716; x_wconf 83' lang='lat' dir='ltr'>cordium</span> <span class='ocrx_word' id='word_1_19' title='bbox 768 676 845 716; x_wconf 77' lang='lat' dir='ltr'>rcum</span> <span class='ocrx_word' id='word_1_20' title='bbox 857 674 918 719; x_wconf 71' lang='lat' dir='ltr'>van.</span> <span class='ocrx_word' id='word_1_21' title='bbox 927 691 949 735; x_wconf 85' lang='lat'>7·</span> <span class='ocrx_word' id='word_1_22' title='bbox 962 688 998 720; x_wconf 84' lang='grc' dir='ltr'>ιο.</span> 
     </span>
     <span class='ocr_line' id='line_1_4' title="bbox 98 732 846 826; baseline 0.007 -36"><span class='ocrx_word' id='word_1_23' title='bbox 98 732 235 814; x_wconf 88' lang='lat' dir='ltr'>judicium</span> <span class='ocrx_word' id='word_1_24' title='bbox 253 733 369 811; x_wconf 83' lang='lat' dir='ltr'>sedebit,</span> <span class='ocrx_word' id='word_1_25' title='bbox 385 748 411 794; x_wconf 91' lang='lat' dir='ltr'>et</span> <span class='ocrx_word' id='word_1_26' title='bbox 428 733 492 794; x_wconf 87' lang='lat' dir='ltr'>libri</span> <span class='ocrx_word' id='word_1_27' title='bbox 508 732 671 816; x_wconf 88' lang='lat' dir='ltr'>aperientur,</span> <span class='ocrx_word' id='word_1_28' title='bbox 684 754 753 826; x_wconf 74' lang='lat' dir='ltr'>quos</span> <span class='ocrx_word' id='word_1_29' title='bbox 773 756 846 795; x_wconf 90' lang='lat' dir='ltr'>nunc</span> 
     </span>
     <span class='ocr_line' id='line_1_5' title="bbox 101 811 846 895; baseline 0.005 -24"><span class='ocrx_word' id='word_1_30' title='bbox 101 833 163 872; x_wconf 92' lang='lat' dir='ltr'>curn</span> <span class='ocrx_word' id='word_1_31' title='bbox 186 811 323 888; x_wconf 84' lang='lat' dir='ltr'>andimus,</span> <span class='ocrx_word' id='word_1_32' title='bbox 344 812 474 889; x_wconf 86' lang='lat' dir='ltr'>ridemus,</span> <span class='ocrx_word' id='word_1_33' title='bbox 487 828 513 873; x_wconf 91' lang='lat' dir='ltr'>et</span> <span class='ocrx_word' id='word_1_34' title='bbox 528 834 579 873; x_wconf 93' lang='lat' dir='ltr'>non</span> <span class='ocrx_word' id='word_1_35' title='bbox 598 814 767 895; x_wconf 79' lang='lat' dir='ltr'>suspicimus.</span> <span class='ocrx_word' id='word_1_36' title='bbox 790 816 846 875; x_wconf 87' lang='lat' dir='ltr'>Nos</span> 
     </span>
     <span class='ocr_line' id='line_1_6' title="bbox 101 893 846 976; baseline 0.005 -25"><span class='ocrx_word' id='word_1_37' title='bbox 101 893 173 952; x_wconf 89' lang='lat' dir='ltr'>enim</span> <span class='ocrx_word' id='word_1_38' title='bbox 186 893 286 972; x_wconf 77' lang='lat' dir='ltr'>singuli</span> <span class='ocrx_word' id='word_1_39' title='bbox 300 893 327 952; x_wconf 93' lang='lat' dir='ltr'>in</span> <span class='ocrx_word' id='word_1_40' title='bbox 340 894 450 976; x_wconf 87' lang='lat' dir='ltr'>propria</span> <span class='ocrx_word' id='word_1_41' title='bbox 463 894 508 955; x_wconf 80' lang='lat' dir='ltr'>ria</span> <span class='ocrx_word' id='word_1_42' title='bbox 522 913 652 968; x_wconf 78' lang='lat' dir='ltr'>erramus,</span> <span class='ocrx_word' id='word_1_43' title='bbox 666 893 846 973; x_wconf 76' lang='lat' dir='ltr'>relinquentes</span> 
     </span>
     <span class='ocr_line' id='line_1_7' title="bbox 101 972 1001 1055; baseline 0.003 -24"><span class='ocrx_word' id='word_1_44' title='bbox 101 986 200 1032; x_wconf 88' lang='lat' dir='ltr'>rectam</span> <span class='ocrx_word' id='word_1_45' title='bbox 218 973 303 1050; x_wconf 86' lang='lat' dir='ltr'>viam,</span> <span class='ocrx_word' id='word_1_46' title='bbox 317 988 344 1033; x_wconf 92' lang='lat' dir='ltr'>et</span> <span class='ocrx_word' id='word_1_47' title='bbox 356 973 420 1033; x_wconf 83' lang='lat' dir='ltr'>iacti</span> <span class='ocrx_word' id='word_1_48' title='bbox 435 995 528 1033; x_wconf 90' lang='lat' dir='ltr'>sumus</span> <span class='ocrx_word' id='word_1_49' title='bbox 545 972 615 1033; x_wconf 92' lang='lat' dir='ltr'>sicut</span> <span class='ocrx_word' id='word_1_50' title='bbox 627 973 663 1033; x_wconf 87' lang='lat' dir='ltr'>ab</span> <span class='ocrx_word' id='word_1_51' title='bbox 676 972 766 1050; x_wconf 85' lang='lat' dir='ltr'>initio,</span> <span class='ocrx_word' id='word_1_52' title='bbox 783 993 845 1034; x_wconf 89' lang='lat' dir='ltr'>cum</span> <span class='ocrx_word' id='word_1_53' title='bbox 858 993 1001 1055; x_wconf 52' lang='lat' dir='ltr'>narsum.</span> 
     </span>
     <span class='ocr_line' id='line_1_8' title="bbox 101 1052 846 1134; baseline 0.001 -23"><span class='ocrx_word' id='word_1_54' title='bbox 101 1053 178 1111; x_wconf 88' lang='lat' dir='ltr'>nobis</span> <span class='ocrx_word' id='word_1_55' title='bbox 199 1073 251 1111; x_wconf 90' lang='lat' dir='ltr'>non</span> <span class='ocrx_word' id='word_1_56' title='bbox 272 1053 426 1134; x_wconf 77' lang='lat' dir='ltr'>imperares,</span> <span class='ocrx_word' id='word_1_57' title='bbox 443 1053 567 1113; x_wconf 88' lang='lat' dir='ltr'>Domine.</span> <span class='ocrx_word' id='word_1_58' title='bbox 587 1056 712 1133; x_wconf 71' lang='lat' dir='ltr'>Veroque</span> <span class='ocrx_word' id='word_1_59' title='bbox 725 1053 753 1112; x_wconf 94' lang='lat' dir='ltr'>in</span> <span class='ocrx_word' id='word_1_60' title='bbox 767 1052 846 1112; x_wconf 89' lang='lat' dir='ltr'>nobis</span> 
     </span>
     <span class='ocr_line' id='line_1_9' title="bbox 102 1130 999 1215; baseline -0.001 -26"><span class='ocrx_word' id='word_1_61' title='bbox 102 1130 211 1213; x_wconf 90' lang='lat' dir='ltr'>impleta</span> <span class='ocrx_word' id='word_1_62' title='bbox 224 1147 262 1192; x_wconf 88' lang='lat' dir='ltr'>est</span> <span class='ocrx_word' id='word_1_63' title='bbox 273 1135 414 1215; x_wconf 86' lang='lat' dir='ltr'>prophetia</span> <span class='ocrx_word' id='word_1_64' title='bbox 429 1132 555 1211; x_wconf 86' lang='lat' dir='ltr'>Davidis,</span> <span class='ocrx_word' id='word_1_65' title='bbox 570 1155 629 1212; x_wconf 87' lang='lat' dir='ltr'>quae</span> <span class='ocrx_word' id='word_1_66' title='bbox 639 1133 678 1193; x_wconf 91' lang='lat' dir='ltr'>sic</span> <span class='ocrx_word' id='word_1_67' title='bbox 690 1131 772 1192; x_wconf 88' lang='lat' dir='ltr'>babet</span> <span class='ocrx_word' id='word_1_68' title='bbox 786 1134 846 1193; x_wconf 86' lang='lat' dir='ltr'>:Et</span> <span class='ocrx_word' id='word_1_69' title='bbox 858 1144 924 1190; x_wconf 66' lang='lat' dir='ltr'>Prot.</span> <span class='ocrx_word' id='word_1_70' title='bbox 947 1143 999 1191; x_wconf 77' lang='lat'>¹05.</span> 
     </span>
     <span class='ocr_line' id='line_1_10' title="bbox 101 1205 896 1295; baseline 0.005 -26"><span class='ocrx_word' id='word_1_71' title='bbox 101 1215 252 1271; x_wconf 74' lang='lat' dir='ltr'>commixti</span> <span class='ocrx_word' id='word_1_72' title='bbox 262 1226 330 1273; x_wconf 86' lang='lat' dir='ltr'>sunt</span> <span class='ocrx_word' id='word_1_73' title='bbox 340 1218 418 1274; x_wconf 87' lang='lat' dir='ltr'>inter</span> <span class='ocrx_word' id='word_1_74' title='bbox 424 1226 534 1295; x_wconf 85' lang='lat' dir='ltr'>gentes,</span> <span class='ocrx_word' id='word_1_75' title='bbox 543 1226 571 1272; x_wconf 87' lang='lat' dir='ltr'>et</span> <span class='ocrx_word' id='word_1_76' title='bbox 581 1213 746 1272; x_wconf 72' lang='lat' dir='ltr'>didicerm</span> <span class='ocrx_word' id='word_1_77' title='bbox 757 1232 845 1293; x_wconf 81' lang='lat' dir='ltr'>opera</span> <span class='ocrx_word' id='word_1_78' title='bbox 857 1205 896 1252; x_wconf 76' lang='lat'>³⁵·</span> 
     </span>
     <span class='ocr_line' id='line_1_11' title="bbox 101 1291 846 1384; baseline 0.007 -35"><span class='ocrx_word' id='word_1_79' title='bbox 101 1311 210 1350; x_wconf 87' lang='lat' dir='ltr'>corum.</span> <span class='ocrx_word' id='word_1_80' title='bbox 228 1292 291 1351; x_wconf 87' lang='lat' dir='ltr'>ldco</span> <span class='ocrx_word' id='word_1_81' title='bbox 304 1292 423 1354; x_wconf 87' lang='lat' dir='ltr'>humiles</span> <span class='ocrx_word' id='word_1_82' title='bbox 438 1293 557 1372; x_wconf 85' lang='lat' dir='ltr'>vilesque</span> <span class='ocrx_word' id='word_1_83' title='bbox 570 1314 664 1352; x_wconf 91' lang='lat' dir='ltr'>sumus</span> <span class='ocrx_word' id='word_1_84' title='bbox 677 1313 726 1384; x_wconf 86' lang='lat' dir='ltr'>per</span> <span class='ocrx_word' id='word_1_85' title='bbox 738 1291 846 1354; x_wconf 84' lang='lat' dir='ltr'>univer-</span> 
     </span>
     <span class='ocr_line' id='line_1_12' title="bbox 101 1385 847 1454; baseline 0.003 -24"><span class='ocrx_word' id='word_1_86' title='bbox 101 1392 158 1431; x_wconf 89' lang='lat' dir='ltr'>sam</span> <span class='ocrx_word' id='word_1_87' title='bbox 170 1385 268 1430; x_wconf 86' lang='lat' dir='ltr'>terram</span> <span class='ocrx_word' id='word_1_88' title='bbox 281 1387 391 1454; x_wconf 89' lang='lat' dir='ltr'>propter</span> <span class='ocrx_word' id='word_1_89' title='bbox 428 1386 516 1432; x_wconf 82' lang='lat' dir='ltr'>conata</span> <span class='ocrx_word' id='word_1_90' title='bbox 528 1385 629 1447; x_wconf 89' lang='lat' dir='ltr'>nostra,</span> <span class='ocrx_word' id='word_1_91' title='bbox 643 1386 670 1431; x_wconf 86' lang='lat' dir='ltr'>et</span> <span class='ocrx_word' id='word_1_92' title='bbox 681 1393 709 1431; x_wconf 86' lang='lat' dir='ltr'>rn</span> <span class='ocrx_word' id='word_1_93' title='bbox 723 1392 773 1432; x_wconf 89' lang='lat' dir='ltr'>nos</span> <span class='ocrx_word' id='word_1_94' title='bbox 785 1393 847 1454; x_wconf 87' lang='lat' dir='ltr'>per-</span> 
     </span>
     <span class='ocr_line' id='line_1_13' title="bbox 101 1452 999 1533; baseline 0.001 -22"><span class='ocrx_word' id='word_1_95' title='bbox 101 1465 233 1511; x_wconf 83' lang='lat' dir='ltr'>venerunt</span> <span class='ocrx_word' id='word_1_96' title='bbox 252 1452 318 1510; x_wconf 89' lang='lat' dir='ltr'>lines</span> <span class='ocrx_word' id='word_1_97' title='bbox 338 1474 389 1512; x_wconf 81' lang='lat' dir='ltr'>saec</span> <span class='ocrx_word' id='word_1_98' title='bbox 420 1473 509 1526; x_wconf 91' lang='lat' dir='ltr'>orum,</span> <span class='ocrx_word' id='word_1_99' title='bbox 521 1452 593 1512; x_wconf 89' lang='lat' dir='ltr'>sicut</span> <span class='ocrx_word' id='word_1_100' title='bbox 604 1452 737 1533; x_wconf 91' lang='lat' dir='ltr'>scriptum</span> <span class='ocrx_word' id='word_1_101' title='bbox 751 1466 805 1530; x_wconf 80' lang='lat' dir='ltr'>est3</span> <span class='ocrx_word' id='word_1_102' title='bbox 821 1465 848 1512; x_wconf 91' lang='lat' dir='ltr'>et</span> <span class='ocrx_word' id='word_1_103' title='bbox 862 1485 882 1518; x_wconf 77' lang='grc' dir='ltr'>ι,</span> <span class='ocrx_word' id='word_1_104' title='bbox 894 1472 950 1518; x_wconf 69' lang='lat' dir='ltr'>mr.</span> <span class='ocrx_word' id='word_1_105' title='bbox 964 1486 999 1518; x_wconf 85' lang='lat' dir='ltr'>ro.</span> 
     </span>
     <span class='ocr_line' id='line_1_14' title="bbox 101 1530 898 1611; baseline 0.003 -22"><span class='ocrx_word' id='word_1_106' title='bbox 101 1544 221 1611; x_wconf 88' lang='lat' dir='ltr'>pastores</span> <span class='ocrx_word' id='word_1_107' title='bbox 237 1531 265 1589; x_wconf 92' lang='lat' dir='ltr'>lu</span> <span class='ocrx_word' id='word_1_108' title='bbox 288 1531 297 1589; x_wconf 89' lang='lat' dir='ltr'>i</span> <span class='ocrx_word' id='word_1_109' title='bbox 313 1546 386 1610; x_wconf 91' lang='lat' dir='ltr'>sunt,</span> <span class='ocrx_word' id='word_1_110' title='bbox 402 1547 429 1593; x_wconf 93' lang='lat' dir='ltr'>et</span> <span class='ocrx_word' id='word_1_111' title='bbox 442 1554 506 1593; x_wconf 77' lang='lat' dir='ltr'>rives</span> <span class='ocrx_word' id='word_1_112' title='bbox 520 1531 656 1608; x_wconf 74' lang='lat' dir='ltr'>wnuitae3</span> <span class='ocrx_word' id='word_1_113' title='bbox 670 1545 697 1591; x_wconf 89' lang='lat' dir='ltr'>et</span> <span class='ocrx_word' id='word_1_114' title='bbox 709 1533 793 1591; x_wconf 80' lang='lat' dir='ltr'>fames</span> <span class='ocrx_word' id='word_1_115' title='bbox 805 1530 849 1591; x_wconf 94' lang='lat' dir='ltr'>in·</span> <span class='ocrx_word' id='word_1_116' title='bbox 863 1549 898 1580; x_wconf 83' lang='lat'>¹¹·</span> 
     </span>
     <span class='ocr_line' id='line_1_15' title="bbox 103 1553 849 1693; baseline 0.004 -25"><span class='ocrx_word' id='word_1_117' title='bbox 103 1623 184 1687; x_wconf 89' lang='lat' dir='ltr'>stans,</span> <span class='ocrx_word' id='word_1_118' title='bbox 193 1632 245 1669; x_wconf 91' lang='lat' dir='ltr'>non</span> <span class='ocrx_word' id='word_1_119' title='bbox 256 1553 339 1670; x_wconf 71' lang='lat' dir='ltr'>liram</span> <span class='ocrx_word' id='word_1_120' title='bbox 348 1612 437 1693; x_wconf 86' lang='lat' dir='ltr'>panis,</span> <span class='ocrx_word' id='word_1_121' title='bbox 448 1633 535 1691; x_wconf 90' lang='lat' dir='ltr'>neque</span> <span class='ocrx_word' id='word_1_122' title='bbox 544 1610 603 1671; x_wconf 89' lang='lat' dir='ltr'>sitis</span> <span class='ocrx_word' id='word_1_123' title='bbox 609 1632 698 1691; x_wconf 80' lang='lat' dir='ltr'>aquae,</span> <span class='ocrx_word' id='word_1_124' title='bbox 707 1610 756 1671; x_wconf 87' lang='lat' dir='ltr'>sed</span> <span class='ocrx_word' id='word_1_125' title='bbox 765 1612 849 1671; x_wconf 85' lang='lat' dir='ltr'>sames</span> 
     </span>
     <span class='ocr_line' id='line_1_16' title="bbox 66 1689 846 1783; baseline 0.001 -35"><span class='ocrx_word' id='word_1_126' title='bbox 66 1717 90 1757; x_wconf 71' lang='lat' dir='ltr'>rr</span> <span class='ocrx_word' id='word_1_127' title='bbox 102 1689 231 1749; x_wconf 87' lang='lat' dir='ltr'>audiendi</span> <span class='ocrx_word' id='word_1_128' title='bbox 250 1690 365 1750; x_wconf 85' lang='lat' dir='ltr'>verbum</span> <span class='ocrx_word' id='word_1_129' title='bbox 384 1693 444 1752; x_wconf 89' lang='lat' dir='ltr'>Dei.</span> <span class='ocrx_word' id='word_1_130' title='bbox 466 1690 520 1752; x_wconf 86' lang='lat' dir='ltr'>Sed</span> <span class='ocrx_word' id='word_1_131' title='bbox 540 1712 619 1752; x_wconf 91' lang='lat' dir='ltr'>nemo</span> <span class='ocrx_word' id='word_1_132' title='bbox 634 1691 801 1783; x_wconf 88' lang='lat' dir='ltr'>sperantium</span> <span class='ocrx_word' id='word_1_133' title='bbox 819 1690 846 1749; x_wconf 89' lang='lat' dir='ltr'>in</span> 
     </span>
     <span class='ocr_line' id='line_1_17' title="bbox 69 1769 848 1852; baseline 0 -24"><span class='ocrx_word' id='word_1_134' title='bbox 69 1773 89 1817; x_wconf 78' lang='grc' dir='ltr'>Α</span> <span class='ocrx_word' id='word_1_135' title='bbox 104 1770 253 1829; x_wconf 89' lang='lat' dir='ltr'>Dominum</span> <span class='ocrx_word' id='word_1_136' title='bbox 269 1771 390 1831; x_wconf 88' lang='lat' dir='ltr'>animum</span> <span class='ocrx_word' id='word_1_137' title='bbox 408 1769 583 1852; x_wconf 87' lang='lat' dir='ltr'>despondeat.</span> <span class='ocrx_word' id='word_1_138' title='bbox 599 1771 641 1830; x_wconf 86' lang='lat' dir='ltr'>Nc</span> <span class='ocrx_word' id='word_1_139' title='bbox 653 1769 738 1852; x_wconf 82' lang='lat' dir='ltr'>igitur</span> <span class='ocrx_word' id='word_1_140' title='bbox 758 1769 848 1829; x_wconf 86' lang='lat' dir='ltr'>animo</span> 
     </span>
     <span class='ocr_line' id='line_1_18' title="bbox 102 1848 847 1934; baseline -0.001 -26"><span class='ocrx_word' id='word_1_141' title='bbox 102 1849 246 1927; x_wconf 84' lang='lat' dir='ltr'>deficiatis,</span> <span class='ocrx_word' id='word_1_142' title='bbox 264 1871 369 1932; x_wconf 88' lang='lat' dir='ltr'>semper</span> <span class='ocrx_word' id='word_1_143' title='bbox 382 1851 554 1934; x_wconf 83' lang='lat' dir='ltr'>respicientes</span> <span class='ocrx_word' id='word_1_144' title='bbox 566 1851 594 1910; x_wconf 93' lang='lat' dir='ltr'>in</span> <span class='ocrx_word' id='word_1_145' title='bbox 608 1870 681 1927; x_wconf 90' lang='lat' dir='ltr'>enm,</span> <span class='ocrx_word' id='word_1_146' title='bbox 697 1848 744 1929; x_wconf 91' lang='lat' dir='ltr'>qui</span> <span class='ocrx_word' id='word_1_147' title='bbox 756 1849 847 1910; x_wconf 80' lang='lat' dir='ltr'>dixit:</span> 
     </span>
     <span class='ocr_line' id='line_1_19' title="bbox 106 1932 1001 1990; baseline -0.004 -3"><span class='ocrx_word' id='word_1_148' title='bbox 106 1932 259 1990; x_wconf 86' lang='lat' dir='ltr'>Vobiscum</span> <span class='ocrx_word' id='word_1_149' title='bbox 270 1952 344 1990; x_wconf 89' lang='lat' dir='ltr'>sum.</span> <span class='ocrx_word' id='word_1_150' title='bbox 861 1940 947 1987; x_wconf 72' lang='lat' dir='ltr'>sturm.</span> <span class='ocrx_word' id='word_1_151' title='bbox 962 1941 1001 1987; x_wconf 80' lang='lat'>28.</span> 
     </span>
     <span class='ocr_line' id='line_1_20' title="bbox 143 2007 898 2091; baseline 0.003 -24"><span class='ocrx_word' id='word_1_152' title='bbox 143 2013 171 2067; x_wconf 53' lang='grc' dir='ltr'>ἢ,</span> <span class='ocrx_word' id='word_1_153' title='bbox 193 2009 329 2069; x_wconf 82' lang='lat' dir='ltr'>confidite</span> <span class='ocrx_word' id='word_1_154' title='bbox 352 2031 424 2091; x_wconf 86' lang='lat' dir='ltr'>ergo.</span> <span class='ocrx_word' id='word_1_155' title='bbox 447 2011 540 2090; x_wconf 87' lang='lat' dir='ltr'>Neque</span> <span class='ocrx_word' id='word_1_156' title='bbox 563 2008 636 2070; x_wconf 91' lang='lat' dir='ltr'>enim</span> <span class='ocrx_word' id='word_1_157' title='bbox 656 2008 728 2068; x_wconf 81' lang='lat' dir='ltr'>same</span> <span class='ocrx_word' id='word_1_158' title='bbox 743 2007 898 2069; x_wconf 83' lang='lat' dir='ltr'>necabit²⁰·</span> 
     </span>
     <span class='ocr_line' id='line_1_21' title="bbox 105 2065 999 2170; baseline -0.001 -23"><span class='ocrx_word' id='word_1_159' title='bbox 105 2091 178 2148; x_wconf 87' lang='lat' dir='ltr'>Deus</span> <span class='ocrx_word' id='word_1_160' title='bbox 188 2089 445 2170; x_wconf 87' lang='lat' dir='ltr'>animasjnstorum.</span> <span class='ocrx_word' id='word_1_161' title='bbox 462 2091 503 2150; x_wconf 94' lang='lat' dir='ltr'>De</span> <span class='ocrx_word' id='word_1_162' title='bbox 514 2089 567 2149; x_wconf 87' lang='lat' dir='ltr'>bac</span> <span class='ocrx_word' id='word_1_163' title='bbox 579 2089 650 2148; x_wconf 81' lang='lat' dir='ltr'>lame</span> <span class='ocrx_word' id='word_1_164' title='bbox 661 2088 781 2166; x_wconf 89' lang='lat' dir='ltr'>loquitur</span> <span class='ocrx_word' id='word_1_165' title='bbox 792 2090 848 2147; x_wconf 88' lang='lat' dir='ltr'>Do·</span> <span class='ocrx_word' id='word_1_166' title='bbox 860 2070 930 2112; x_wconf 50' lang='lat' dir='ltr'>pff,</span> <span class='ocrx_word' id='word_1_167' title='bbox 938 2065 999 2110; x_wconf 74' lang='lat'>¹⁰&#39;3&#39;</span> 
     </span>
     <span class='ocr_line' id='line_1_22' title="bbox 104 2168 1003 2250; baseline -0.003 -24"><span class='ocrx_word' id='word_1_168' title='bbox 104 2169 193 2227; x_wconf 91' lang='lat' dir='ltr'>minus</span> <span class='ocrx_word' id='word_1_169' title='bbox 217 2190 264 2250; x_wconf 90' lang='lat' dir='ltr'>per</span> <span class='ocrx_word' id='word_1_170' title='bbox 281 2169 441 2250; x_wconf 86' lang='lat' dir='ltr'>prophetam</span> <span class='ocrx_word' id='word_1_171' title='bbox 457 2171 519 2229; x_wconf 85' lang='lat' dir='ltr'>:Et</span> <span class='ocrx_word' id='word_1_172' title='bbox 538 2171 593 2228; x_wconf 89' lang='lat' dir='ltr'>erit</span> <span class='ocrx_word' id='word_1_173' title='bbox 607 2172 639 2226; x_wconf 84' lang='lat' dir='ltr'>in</span> <span class='ocrx_word' id='word_1_174' title='bbox 652 2169 753 2228; x_wconf 82' lang='lat' dir='ltr'>diebus</span> <span class='ocrx_word' id='word_1_175' title='bbox 774 2168 847 2240; x_wconf 79' lang='lat' dir='ltr'>ittr&#39;s,</span> <span class='ocrx_word' id='word_1_176' title='bbox 860 2179 1003 2227; x_wconf 64' lang='lat' dir='ltr'>Amantini.</span> 
     </span>
     <span class='ocr_line' id='line_1_23' title="bbox 105 2249 901 2330; baseline 0.003 -25"><span class='ocrx_word' id='word_1_177' title='bbox 105 2251 243 2308; x_wconf 88' lang='lat' dir='ltr'>inducam</span> <span class='ocrx_word' id='word_1_178' title='bbox 244 2250 364 2330; x_wconf 85' lang='lat' dir='ltr'>samem</span> <span class='ocrx_word' id='word_1_179' title='bbox 374 2267 460 2329; x_wconf 84' lang='lat' dir='ltr'>super</span> <span class='ocrx_word' id='word_1_180' title='bbox 470 2260 593 2323; x_wconf 85' lang='lat' dir='ltr'>terrnm;</span> <span class='ocrx_word' id='word_1_181' title='bbox 606 2249 786 2329; x_wconf 81' lang='lat' dir='ltr'>nonsamem</span> <span class='ocrx_word' id='word_1_182' title='bbox 795 2268 850 2328; x_wconf 81' lang='lat' dir='ltr'>pa·</span> <span class='ocrx_word' id='word_1_183' title='bbox 866 2260 901 2291; x_wconf 87' lang='lat'>¹²·</span> 
     </span>
     <span class='ocr_line' id='line_1_24' title="bbox 107 2326 853 2410; baseline 0.001 -25"><span class='ocrx_word' id='word_1_184' title='bbox 107 2332 162 2399; x_wconf 81' lang='lat' dir='ltr'>nis,</span> <span class='ocrx_word' id='word_1_185' title='bbox 179 2348 273 2408; x_wconf 85' lang='lat' dir='ltr'>neque</span> <span class='ocrx_word' id='word_1_186' title='bbox 289 2332 370 2387; x_wconf 86' lang='lat' dir='ltr'>sitim</span> <span class='ocrx_word' id='word_1_187' title='bbox 390 2351 410 2387; x_wconf 87' lang='lat' dir='ltr'><strong><em>a</em></strong></span> <span class='ocrx_word' id='word_1_188' title='bbox 432 2348 487 2400; x_wconf 85' lang='lat' dir='ltr'>uoe,</span> <span class='ocrx_word' id='word_1_189' title='bbox 509 2329 690 2410; x_wconf 85' lang='lat' dir='ltr'>sedsamem</span> <span class='ocrx_word' id='word_1_190' title='bbox 712 2326 853 2386; x_wconf 84' lang='lat' dir='ltr'>audiendi</span> 
     </span>
     <span class='ocr_line' id='line_1_25' title="bbox 105 2407 854 2489; baseline 0 -24"><span class='ocrx_word' id='word_1_191' title='bbox 105 2410 228 2466; x_wconf 82' lang='lat' dir='ltr'>verbum</span> <span class='ocrx_word' id='word_1_192' title='bbox 244 2409 376 2466; x_wconf 83' lang='lat' dir='ltr'>Domini.</span> <span class='ocrx_word' id='word_1_193' title='bbox 424 2411 674 2489; x_wconf 79' lang='lat' dir='ltr'>tcircumqunpue</span> <span class='ocrx_word' id='word_1_194' title='bbox 684 2407 801 2466; x_wconf 79' lang='lat' dir='ltr'>current</span> <span class='ocrx_word' id='word_1_195' title='bbox 814 2409 854 2465; x_wconf 87' lang='lat' dir='ltr'>alr</span> 
     </span>
     <span class='ocr_line' id='line_1_26' title="bbox 107 2487 853 2567; baseline -0.001 -22"><span class='ocrx_word' id='word_1_196' title='bbox 107 2487 263 2546; x_wconf 81' lang='lat' dir='ltr'>Occidente</span> <span class='ocrx_word' id='word_1_197' title='bbox 276 2488 421 2567; x_wconf 77' lang='lat' dir='ltr'>usquead</span> <span class='ocrx_word' id='word_1_198' title='bbox 438 2489 595 2559; x_wconf 86' lang='lat' dir='ltr'>Orientem,</span> <span class='ocrx_word' id='word_1_199' title='bbox 611 2499 773 2567; x_wconf 70' lang='lat' dir='ltr'>querentes</span> <span class='ocrx_word' id='word_1_200' title='bbox 785 2507 853 2545; x_wconf 82' lang='lat' dir='ltr'>oer-</span> 
     </span>
     <span class='ocr_line' id='line_1_27' title="bbox 107 2564 854 2647; baseline -0.001 -22"><span class='ocrx_word' id='word_1_201' title='bbox 107 2570 175 2625; x_wconf 88' lang='lat' dir='ltr'>bum</span> <span class='ocrx_word' id='word_1_202' title='bbox 188 2569 321 2625; x_wconf 87' lang='lat' dir='ltr'>Domini.</span> <span class='ocrx_word' id='word_1_203' title='bbox 334 2565 420 2629; x_wconf 86' lang='lat' dir='ltr'>Vides</span> <span class='ocrx_word' id='word_1_204' title='bbox 432 2565 478 2625; x_wconf 91' lang='lat' dir='ltr'>bic</span> <span class='ocrx_word' id='word_1_205' title='bbox 489 2587 542 2626; x_wconf 92' lang='lat' dir='ltr'>non</span> <span class='ocrx_word' id='word_1_206' title='bbox 551 2565 585 2625; x_wconf 92' lang='lat' dir='ltr'>de</span> <span class='ocrx_word' id='word_1_207' title='bbox 594 2587 664 2647; x_wconf 89' lang='lat' dir='ltr'>pane</span> <span class='ocrx_word' id='word_1_208' title='bbox 677 2564 759 2625; x_wconf 88' lang='lat' dir='ltr'>verba</span> <span class='ocrx_word' id='word_1_209' title='bbox 773 2564 854 2624; x_wconf 81' lang='lat' dir='ltr'>fieri?</span> 
     </span>
     <span class='ocr_line' id='line_1_28' title="bbox 107 2644 853 2725; baseline 0.001 -21"><span class='ocrx_word' id='word_1_210' title='bbox 107 2648 180 2705; x_wconf 90' lang='lat' dir='ltr'>Deus</span> <span class='ocrx_word' id='word_1_211' title='bbox 194 2646 265 2705; x_wconf 88' lang='lat' dir='ltr'>enirn</span> <span class='ocrx_word' id='word_1_212' title='bbox 277 2667 330 2706; x_wconf 90' lang='lat' dir='ltr'>non</span> <span class='ocrx_word' id='word_1_213' title='bbox 342 2645 376 2705; x_wconf 89' lang='lat' dir='ltr'>de</span> <span class='ocrx_word' id='word_1_214' title='bbox 409 2667 458 2704; x_wconf 86' lang='lat' dir='ltr'>ane</span> <span class='ocrx_word' id='word_1_215' title='bbox 472 2645 602 2725; x_wconf 89' lang='lat' dir='ltr'>loquitur.</span> <span class='ocrx_word' id='word_1_216' title='bbox 614 2645 748 2720; x_wconf 90' lang='lat' dir='ltr'>Odiram,</span> <span class='ocrx_word' id='word_1_217' title='bbox 756 2644 853 2705; x_wconf 80' lang='lat' dir='ltr'>exitio·</span> 
     </span>
    </p>
   </div>
   <div class='ocr_carea' id='block_1_3' title="bbox 107 2668 855 2806">
    <p class='ocr_par' dir='ltr' id='par_1_3' title="bbox 107 2668 855 2806">
     <span class='ocr_line' id='line_1_29' title="bbox 107 2668 855 2806; baseline -0.003 -22"><span class='ocrx_word' id='word_1_218' title='bbox 107 2747 164 2784; x_wconf 90' lang='lat' dir='ltr'>sam</span> <span class='ocrx_word' id='word_1_219' title='bbox 172 2738 198 2784; x_wconf 91' lang='lat' dir='ltr'>et</span> <span class='ocrx_word' id='word_1_220' title='bbox 208 2726 365 2784; x_wconf 89' lang='lat' dir='ltr'>damnosam</span> <span class='ocrx_word' id='word_1_221' title='bbox 380 2668 491 2784; x_wconf 62' lang='lat' dir='ltr'>dimon!</span> <span class='ocrx_word' id='word_1_222' title='bbox 502 2747 519 2784; x_wconf 91' lang='lat' dir='ltr'>o</span> <span class='ocrx_word' id='word_1_223' title='bbox 532 2726 631 2785; x_wconf 83' lang='lat' dir='ltr'>samem</span> <span class='ocrx_word' id='word_1_224' title='bbox 645 2738 775 2784; x_wconf 82' lang='lat' dir='ltr'>aeternum</span> <span class='ocrx_word' id='word_1_225' title='bbox 789 2745 855 2806; x_wconf 90' lang='lat' dir='ltr'>sup·</span> 
     </span>
    </p>
   </div>
   <div class='ocr_carea' id='block_1_4' title="bbox 61 2801 1028 5355">
    <p class='ocr_par' dir='ltr' id='par_1_4' title="bbox 108 2801 855 3055">
     <span class='ocr_line' id='line_1_30' title="bbox 108 2801 855 2886; baseline -0.003 -23"><span class='ocrx_word' id='word_1_226' title='bbox 108 2805 221 2886; x_wconf 87' lang='lat' dir='ltr'>plicium</span> <span class='ocrx_word' id='word_1_227' title='bbox 242 2801 442 2886; x_wconf 82' lang='lat' dir='ltr'>procurantem!</span> <span class='ocrx_word' id='word_1_228' title='bbox 461 2803 526 2863; x_wconf 87' lang='lat' dir='ltr'>Haec</span> <span class='ocrx_word' id='word_1_229' title='bbox 543 2804 626 2864; x_wconf 85' lang='lat' dir='ltr'>lames</span> <span class='ocrx_word' id='word_1_230' title='bbox 643 2815 694 2880; x_wconf 89' lang='lat' dir='ltr'>est,</span> <span class='ocrx_word' id='word_1_231' title='bbox 714 2824 774 2882; x_wconf 80' lang='lat' dir='ltr'>quae</span> <span class='ocrx_word' id='word_1_232' title='bbox 797 2823 855 2862; x_wconf 89' lang='lat' dir='ltr'>rem</span> 
     </span>
     <span class='ocr_line' id='line_1_31' title="bbox 108 2882 855 2943; baseline -0.003 0"><span class='ocrx_word' id='word_1_233' title='bbox 108 2906 215 2943; x_wconf 86' lang='lat' dir='ltr'>omnem</span> <span class='ocrx_word' id='word_1_234' title='bbox 237 2884 336 2943; x_wconf 87' lang='lat' dir='ltr'>malam</span> <span class='ocrx_word' id='word_1_235' title='bbox 355 2883 541 2943; x_wconf 88' lang='lat' dir='ltr'>subministrat</span> <span class='ocrx_word' id='word_1_236' title='bbox 558 2882 638 2942; x_wconf 80' lang='lat' dir='ltr'>:haec</span> <span class='ocrx_word' id='word_1_237' title='bbox 660 2884 744 2943; x_wconf 81' lang='lat' dir='ltr'>sames</span> <span class='ocrx_word' id='word_1_238' title='bbox 767 2883 855 2942; x_wconf 91' lang='lat' dir='ltr'>omnis</span> 
     </span>
     <span class='ocr_line' id='line_1_32' title="bbox 109 2962 854 3055; baseline 0 -33"><span class='ocrx_word' id='word_1_239' title='bbox 109 2964 174 3022; x_wconf 85' lang='lat' dir='ltr'>mali</span> <span class='ocrx_word' id='word_1_240' title='bbox 187 2985 275 3022; x_wconf 88' lang='lat' dir='ltr'>causa.</span> <span class='ocrx_word' id='word_1_241' title='bbox 288 2963 365 3022; x_wconf 92' lang='lat' dir='ltr'>Hanc</span> <span class='ocrx_word' id='word_1_242' title='bbox 375 2962 528 3055; x_wconf 84' lang='lat' dir='ltr'>praevidens</span> <span class='ocrx_word' id='word_1_243' title='bbox 542 2963 663 3022; x_wconf 84' lang='lat' dir='ltr'>futuram</span> <span class='ocrx_word' id='word_1_244' title='bbox 678 2963 777 3022; x_wconf 79' lang='lat' dir='ltr'>famem</span> <span class='ocrx_word' id='word_1_245' title='bbox 790 2983 854 3043; x_wconf 92' lang='lat' dir='ltr'>pro·</span> 
     </span>
    </p>

    <p class='ocr_par' dir='ltr' id='par_1_5' title="bbox 75 3042 1013 3300">
     <span class='ocr_line' id='line_1_33' title="bbox 75 3042 1009 3134; baseline -0.01 -28"><span class='ocrx_word' id='word_1_246' title='bbox 75 3059 93 3106; x_wconf 83' lang='lat' dir='ltr'>B</span> <span class='ocrx_word' id='word_1_247' title='bbox 109 3044 190 3124; x_wconf 86' lang='lat' dir='ltr'>pheta</span> <span class='ocrx_word' id='word_1_248' title='bbox 205 3042 296 3103; x_wconf 82' lang='lat' dir='ltr'>David</span> <span class='ocrx_word' id='word_1_249' title='bbox 309 3042 400 3102; x_wconf 81' lang='lat' dir='ltr'>verbis</span> <span class='ocrx_word' id='word_1_250' title='bbox 410 3044 499 3102; x_wconf 91' lang='lat' dir='ltr'>Deum</span> <span class='ocrx_word' id='word_1_251' title='bbox 516 3043 629 3134; x_wconf 86' lang='lat' dir='ltr'>rogabat</span> <span class='ocrx_word' id='word_1_252' title='bbox 646 3043 750 3102; x_wconf 85' lang='lat' dir='ltr'>:Deus</span> <span class='ocrx_word' id='word_1_253' title='bbox 762 3062 853 3114; x_wconf 89' lang='lat' dir='ltr'>meus,</span> <span class='ocrx_word' id='word_1_254' title='bbox 867 3054 1009 3113; x_wconf 60' lang='lat' dir='ltr'>mataps.</span> 
     </span>
     <span class='ocr_line' id='line_1_34' title="bbox 112 3117 1008 3203; baseline -0.003 -21"><span class='ocrx_word' id='word_1_255' title='bbox 112 3146 148 3181; x_wconf 87' lang='lat' dir='ltr'>ne</span> <span class='ocrx_word' id='word_1_256' title='bbox 164 3136 295 3182; x_wconf 79' lang='lat' dir='ltr'>taceare</span> <span class='ocrx_word' id='word_1_257' title='bbox 310 3143 364 3180; x_wconf 88' lang='lat' dir='ltr'>me.</span> <span class='ocrx_word' id='word_1_258' title='bbox 380 3122 416 3180; x_wconf 91' lang='lat' dir='ltr'>Et</span> <span class='ocrx_word' id='word_1_259' title='bbox 429 3121 464 3181; x_wconf 91' lang='lat' dir='ltr'>de</span> <span class='ocrx_word' id='word_1_260' title='bbox 481 3122 574 3203; x_wconf 81' lang='lat' dir='ltr'>probis</span> <span class='ocrx_word' id='word_1_261' title='bbox 590 3120 719 3183; x_wconf 89' lang='lat' dir='ltr'>fidelibus</span> <span class='ocrx_word' id='word_1_262' title='bbox 735 3120 775 3180; x_wconf 85' lang='lat' dir='ltr'>sic</span> <span class='ocrx_word' id='word_1_263' title='bbox 787 3120 856 3180; x_wconf 84' lang='lat' dir='ltr'>vati·</span> <span class='ocrx_word' id='word_1_264' title='bbox 866 3130 889 3160; x_wconf 78' lang='lat'>‘²</span> <span class='ocrx_word' id='word_1_265' title='bbox 909 3117 948 3162; x_wconf 79' lang='lat'>³²·</span> <span class='ocrx_word' id='word_1_266' title='bbox 973 3129 1008 3173; x_wconf 74' lang='lat'>¹⁹·</span> 
     </span>
     <span class='ocr_line' id='line_1_35' title="bbox 112 3175 1013 3300; baseline -0.003 -39"><span class='ocrx_word' id='word_1_267' title='bbox 112 3203 216 3261; x_wconf 79' lang='lat' dir='ltr'>cinctus</span> <span class='ocrx_word' id='word_1_268' title='bbox 230 3214 269 3261; x_wconf 88' lang='lat' dir='ltr'>est</span> <span class='ocrx_word' id='word_1_269' title='bbox 286 3225 292 3258; x_wconf 88' lang='lat'><em>=</em></span> <span class='ocrx_word' id='word_1_270' title='bbox 312 3203 351 3261; x_wconf 80' lang='lat' dir='ltr'>m</span> <span class='ocrx_word' id='word_1_271' title='bbox 369 3215 454 3261; x_wconf 86' lang='lat' dir='ltr'>eruat</span> <span class='ocrx_word' id='word_1_272' title='bbox 468 3223 487 3260; x_wconf 86' lang='lat' dir='ltr'>a</span> <span class='ocrx_word' id='word_1_273' title='bbox 498 3213 591 3261; x_wconf 86' lang='lat' dir='ltr'>morte</span> <span class='ocrx_word' id='word_1_274' title='bbox 609 3205 726 3261; x_wconf 80' lang='lat' dir='ltr'>animas</span> <span class='ocrx_word' id='word_1_275' title='bbox 743 3220 853 3274; x_wconf 85' lang='lat' dir='ltr'>eorum,</span> <span class='ocrx_word' id='word_1_276' title='bbox 866 3175 1013 3300; x_wconf 42' lang='grc' dir='ltr'>ζιιὲψξι</span> 
     </span>
    </p>

    <p class='ocr_par' dir='ltr' id='par_1_6' title="bbox 61 3279 1028 5355">
     <span class='ocr_line' id='line_1_36' title="bbox 98 3279 858 3420; baseline -0.001 -79"><span class='ocrx_word' id='word_1_277' title='bbox 98 3351 101 3354; x_wconf 4' lang='lat' dir='ltr'>g</span> <span class='ocrx_word' id='word_1_278' title='bbox 113 3296 140 3341; x_wconf 91' lang='lat' dir='ltr'>et</span> <span class='ocrx_word' id='word_1_279' title='bbox 154 3283 219 3341; x_wconf 83' lang='lat' dir='ltr'>alut</span> <span class='ocrx_word' id='word_1_280' title='bbox 230 3302 278 3341; x_wconf 86' lang='lat' dir='ltr'>eos</span> <span class='ocrx_word' id='word_1_281' title='bbox 291 3282 425 3420; x_wconf 57' lang='lat' dir='ltr'>inprime.</span> <span class='ocrx_word' id='word_1_282' title='bbox 440 3280 477 3340; x_wconf 89' lang='lat' dir='ltr'>Et</span> <span class='ocrx_word' id='word_1_283' title='bbox 489 3280 555 3340; x_wconf 90' lang='lat' dir='ltr'>alibi</span> <span class='ocrx_word' id='word_1_284' title='bbox 568 3279 636 3340; x_wconf 88' lang='lat' dir='ltr'>dicit</span> <span class='ocrx_word' id='word_1_285' title='bbox 647 3283 704 3341; x_wconf 80' lang='lat' dir='ltr'>:Et</span> <span class='ocrx_word' id='word_1_286' title='bbox 718 3281 858 3340; x_wconf 82' lang='lat' dir='ltr'>indiebus</span> 
     </span>
     <span class='ocr_line' id='line_1_37' title="bbox 112 3362 859 3441; baseline -0.001 -21"><span class='ocrx_word' id='word_1_287' title='bbox 112 3365 201 3441; x_wconf 78' lang='lat' dir='ltr'>samis</span> <span class='ocrx_word' id='word_1_288' title='bbox 218 3375 321 3420; x_wconf 86' lang='lat' dir='ltr'>saturn</span> <span class='ocrx_word' id='word_1_289' title='bbox 341 3374 442 3433; x_wconf 70' lang='lat' dir='ltr'>uptun·</span> <span class='ocrx_word' id='word_1_290' title='bbox 463 3375 488 3421; x_wconf 90' lang='lat' dir='ltr'>et</span> <span class='ocrx_word' id='word_1_291' title='bbox 502 3381 610 3421; x_wconf 88' lang='lat' dir='ltr'>rursum</span> <span class='ocrx_word' id='word_1_292' title='bbox 630 3384 637 3418; x_wconf 76' lang='grc' dir='ltr'><strong><em>ε</em></strong></span> <span class='ocrx_word' id='word_1_293' title='bbox 654 3362 814 3421; x_wconf 85' lang='lat' dir='ltr'>Miserator</span> <span class='ocrx_word' id='word_1_294' title='bbox 830 3372 859 3419; x_wconf 88' lang='lat' dir='ltr'>et</span> 
     </span>
     <span class='ocr_line' id='line_1_38' title="bbox 61 3441 861 3501; baseline -0.001 -1"><span class='ocrx_word' id='word_1_295' title='bbox 61 3473 62 3482; x_wconf 25' lang='grc' dir='ltr'><strong>κ</strong></span> <span class='ocrx_word' id='word_1_296' title='bbox 115 3445 277 3501; x_wconf 84' lang='lat' dir='ltr'>misericors</span> <span class='ocrx_word' id='word_1_297' title='bbox 300 3442 446 3500; x_wconf 86' lang='lat' dir='ltr'>Dominus</span> <span class='ocrx_word' id='word_1_298' title='bbox 469 3461 567 3500; x_wconf 88' lang='lat' dir='ltr'>escam</span> <span class='ocrx_word' id='word_1_299' title='bbox 587 3441 669 3499; x_wconf 81' lang='lat' dir='ltr'>dedit</span> <span class='ocrx_word' id='word_1_300' title='bbox 694 3443 861 3500; x_wconf 78' lang='lat' dir='ltr'>timentibus</span> 
     </span>
     <span class='ocr_line' id='line_1_39' title="bbox 61 3516 862 3599; baseline -0.006 -18"><span class='ocrx_word' id='word_1_301' title='bbox 61 3560 62 3564; x_wconf 20' lang='grc' dir='ltr'><strong>κ</strong></span> <span class='ocrx_word' id='word_1_302' title='bbox 115 3543 155 3581; x_wconf 88' lang='lat' dir='ltr'>se.</span> <span class='ocrx_word' id='word_1_303' title='bbox 169 3521 233 3579; x_wconf 83' lang='lat' dir='ltr'>llaec</span> <span class='ocrx_word' id='word_1_304' title='bbox 248 3519 320 3580; x_wconf 82' lang='lat' dir='ltr'>dixit</span> <span class='ocrx_word' id='word_1_305' title='bbox 336 3518 427 3580; x_wconf 86' lang='lat' dir='ltr'>David</span> <span class='ocrx_word' id='word_1_306' title='bbox 441 3519 476 3579; x_wconf 94' lang='lat' dir='ltr'>de</span> <span class='ocrx_word' id='word_1_307' title='bbox 489 3516 534 3592; x_wconf 92' lang='lat' dir='ltr'>iis,</span> <span class='ocrx_word' id='word_1_308' title='bbox 548 3518 596 3599; x_wconf 88' lang='lat' dir='ltr'>qui</span> <span class='ocrx_word' id='word_1_309' title='bbox 618 3532 773 3579; x_wconf 86' lang='lat' dir='ltr'>scrutantur</span> <span class='ocrx_word' id='word_1_310' title='bbox 786 3518 862 3579; x_wconf 90' lang='lat' dir='ltr'>Scri-</span> 
     </span>
     <span class='ocr_line' id='line_1_40' title="bbox 114 3597 863 3682; baseline -0.003 -23"><span class='ocrx_word' id='word_1_311' title='bbox 114 3616 219 3682; x_wconf 85' lang='lat' dir='ltr'>pturas,</span> <span class='ocrx_word' id='word_1_312' title='bbox 234 3600 309 3679; x_wconf 90' lang='lat' dir='ltr'>quod</span> <span class='ocrx_word' id='word_1_313' title='bbox 324 3621 376 3660; x_wconf 95' lang='lat' dir='ltr'>non</span> <span class='ocrx_word' id='word_1_314' title='bbox 392 3600 446 3659; x_wconf 90' lang='lat' dir='ltr'>sint</span> <span class='ocrx_word' id='word_1_315' title='bbox 458 3598 597 3660; x_wconf 89' lang='lat' dir='ltr'>esurituri.</span> <span class='ocrx_word' id='word_1_316' title='bbox 611 3599 770 3660; x_wconf 88' lang='lat' dir='ltr'>Scrutemur</span> <span class='ocrx_word' id='word_1_317' title='bbox 790 3597 863 3663; x_wconf 84' lang='lat' dir='ltr'>Scri·</span> 
     </span>
     <span class='ocr_line' id='line_1_41' title="bbox 61 3677 926 3762; baseline -0.006 -22"><span class='ocrx_word' id='word_1_318' title='bbox 61 3717 65 3728; x_wconf 74' lang='lat'><strong>»</strong></span> <span class='ocrx_word' id='word_1_319' title='bbox 115 3696 219 3762; x_wconf 88' lang='lat' dir='ltr'>pturas,</span> <span class='ocrx_word' id='word_1_320' title='bbox 230 3681 374 3757; x_wconf 84' lang='lat' dir='ltr'>fr·atrcs,ne</span> <span class='ocrx_word' id='word_1_321' title='bbox 383 3678 532 3740; x_wconf 87' lang='lat' dir='ltr'>esuriamus</span> <span class='ocrx_word' id='word_1_322' title='bbox 541 3678 800 3739; x_wconf 80' lang='lat' dir='ltr'>accedenteexitiosa</span> <span class='ocrx_word' id='word_1_323' title='bbox 814 3677 863 3737; x_wconf 83' lang='lat' dir='ltr'>illa</span> <span class='ocrx_word' id='word_1_324' title='bbox 920 3750 926 3758; x_wconf 32' lang='grc' dir='ltr'>Ι</span> 
     </span>
     <span class='ocr_line' id='line_1_42' title="bbox 61 3758 862 3834; baseline -0.006 -14"><span class='ocrx_word' id='word_1_325' title='bbox 61 3768 64 3814; x_wconf 76' lang='lat' dir='ltr'>i</span> <span class='ocrx_word' id='word_1_326' title='bbox 115 3763 187 3820; x_wconf 86' lang='lat' dir='ltr'>same</span> <span class='ocrx_word' id='word_1_327' title='bbox 203 3784 210 3817; x_wconf 78' lang='lat' dir='ltr'>r</span> <span class='ocrx_word' id='word_1_328' title='bbox 226 3775 387 3834; x_wconf 85' lang='lat' dir='ltr'>scrutemur,</span> <span class='ocrx_word' id='word_1_329' title='bbox 403 3781 436 3819; x_wconf 91' lang='lat' dir='ltr'>ne</span> <span class='ocrx_word' id='word_1_330' title='bbox 450 3760 478 3819; x_wconf 89' lang='lat' dir='ltr'>in</span> <span class='ocrx_word' id='word_1_331' title='bbox 500 3779 619 3819; x_wconf 86' lang='lat' dir='ltr'>errorem</span> <span class='ocrx_word' id='word_1_332' title='bbox 638 3758 817 3834; x_wconf 76' lang='lat' dir='ltr'>abducamur,</span> <span class='ocrx_word' id='word_1_333' title='bbox 833 3770 862 3815; x_wconf 91' lang='lat' dir='ltr'>et</span> 
     </span>
     <span class='ocr_line' id='line_1_43' title="bbox 61 3836 860 3917; baseline -0.005 -17"><span class='ocrx_word' id='word_1_334' title='bbox 61 3875 65 3885; x_wconf 82' lang='lat'><em>=</em></span> <span class='ocrx_word' id='word_1_335' title='bbox 117 3837 620 3900; x_wconf 81' lang='lat' dir='ltr'>circrrmseramuromnirento.ldeon</span> <span class='ocrx_word' id='word_1_336' title='bbox 655 3837 802 3917; x_wconf 78' lang='lat' dir='ltr'>ligentibus</span> <span class='ocrx_word' id='word_1_337' title='bbox 812 3836 860 3896; x_wconf 91' lang='lat' dir='ltr'>di-</span> 
     </span>
     <span class='ocr_line' id='line_1_44' title="bbox 61 3915 1013 3998; baseline -0.004 -20"><span class='ocrx_word' id='word_1_338' title='bbox 61 3927 66 3978; x_wconf 77' lang='lat' dir='ltr'>i</span> <span class='ocrx_word' id='word_1_339' title='bbox 116 3922 153 3980; x_wconf 88' lang='lat' dir='ltr'>cit</span> <span class='ocrx_word' id='word_1_340' title='bbox 175 3920 308 3978; x_wconf 86' lang='lat' dir='ltr'>Dominus</span> <span class='ocrx_word' id='word_1_341' title='bbox 323 3943 329 3975; x_wconf 92' lang='lat'><strong>:</strong></span> <span class='ocrx_word' id='word_1_342' title='bbox 344 3922 474 3996; x_wconf 81' lang='lat' dir='ltr'>Erratis,</span> <span class='ocrx_word' id='word_1_343' title='bbox 495 3937 556 3978; x_wconf 86' lang='lat' dir='ltr'>non</span> <span class='ocrx_word' id='word_1_344' title='bbox 572 3921 634 3978; x_wconf 85' lang='lat' dir='ltr'>inte</span> <span class='ocrx_word' id='word_1_345' title='bbox 647 3918 768 3998; x_wconf 73' lang='lat' dir='ltr'>ligantes</span> <span class='ocrx_word' id='word_1_346' title='bbox 786 3915 958 3977; x_wconf 73' lang='lat' dir='ltr'>scri-nan.</span> <span class='ocrx_word' id='word_1_347' title='bbox 975 3943 1013 3974; x_wconf 70' lang='grc' dir='ltr'>ιι.</span> 
     </span>
     <span class='ocr_line' id='line_1_45' title="bbox 61 3996 912 4079; baseline -0.007 -20"><span class='ocrx_word' id='word_1_348' title='bbox 61 4025 65 4067; x_wconf 90' lang='grc'><strong>;</strong></span> <span class='ocrx_word' id='word_1_349' title='bbox 115 4015 228 4079; x_wconf 85' lang='lat' dir='ltr'>pturus.</span> <span class='ocrx_word' id='word_1_350' title='bbox 244 4002 315 4060; x_wconf 87' lang='lat' dir='ltr'>Vere</span> <span class='ocrx_word' id='word_1_351' title='bbox 334 4018 448 4076; x_wconf 89' lang='lat' dir='ltr'>namque</span> <span class='ocrx_word' id='word_1_352' title='bbox 467 3997 499 4076; x_wconf 87' lang='lat' dir='ltr'>ii,</span> <span class='ocrx_word' id='word_1_353' title='bbox 518 3997 565 4076; x_wconf 91' lang='lat' dir='ltr'>qui</span> <span class='ocrx_word' id='word_1_354' title='bbox 587 3996 653 4056; x_wconf 79' lang='lat' dir='ltr'>tales</span> <span class='ocrx_word' id='word_1_355' title='bbox 673 4008 748 4074; x_wconf 89' lang='lat' dir='ltr'>sunt,</span> <span class='ocrx_word' id='word_1_356' title='bbox 763 4007 860 4055; x_wconf 88' lang='lat' dir='ltr'>errant.</span> <span class='ocrx_word' id='word_1_357' title='bbox 873 4006 912 4054; x_wconf 80' lang='lat'>²9·</span> 
     </span>
     <span class='ocr_line' id='line_1_46' title="bbox 61 4075 863 4139; baseline -0.006 0"><span class='ocrx_word' id='word_1_358' title='bbox 61 4128 65 4139; x_wconf 94' lang='lat'>.</span> <span class='ocrx_word' id='word_1_359' title='bbox 120 4078 262 4139; x_wconf 85' lang='lat' dir='ltr'>Undenam</span> <span class='ocrx_word' id='word_1_360' title='bbox 286 4077 399 4137; x_wconf 85' lang='lat' dir='ltr'>exitiosa</span> <span class='ocrx_word' id='word_1_361' title='bbox 419 4077 503 4136; x_wconf 85' lang='lat' dir='ltr'>sames</span> <span class='ocrx_word' id='word_1_362' title='bbox 526 4075 657 4137; x_wconf 76' lang='lat' dir='ltr'>advenit?</span> <span class='ocrx_word' id='word_1_363' title='bbox 671 4096 759 4135; x_wconf 86' lang='lat' dir='ltr'>annon</span> <span class='ocrx_word' id='word_1_364' title='bbox 779 4095 815 4134; x_wconf 83' lang='lat' dir='ltr'>ex</span> <span class='ocrx_word' id='word_1_365' title='bbox 831 4096 863 4134; x_wconf 89' lang='lat' dir='ltr'>co</span> 
     </span>
     <span class='ocr_line' id='line_1_47' title="bbox 61 4154 864 4239; baseline -0.006 -21"><span class='ocrx_word' id='word_1_366' title='bbox 61 4168 67 4218; x_wconf 78' lang='lat'>5</span> <span class='ocrx_word' id='word_1_367' title='bbox 118 4158 191 4239; x_wconf 88' lang='lat' dir='ltr'>qnod</span> <span class='ocrx_word' id='word_1_368' title='bbox 209 4157 269 4217; x_wconf 90' lang='lat' dir='ltr'>Scri</span> <span class='ocrx_word' id='word_1_369' title='bbox 290 4170 364 4216; x_wconf 83' lang='lat' dir='ltr'>turns</span> <span class='ocrx_word' id='word_1_370' title='bbox 381 4177 434 4215; x_wconf 91' lang='lat' dir='ltr'>non</span> <span class='ocrx_word' id='word_1_371' title='bbox 454 4155 626 4216; x_wconf 75' lang='lat' dir='ltr'>scrutemur?</span> <span class='ocrx_word' id='word_1_372' title='bbox 648 4154 794 4235; x_wconf 86' lang='lat' dir='ltr'>Oquantis</span> <span class='ocrx_word' id='word_1_373' title='bbox 814 4175 864 4214; x_wconf 92' lang='lat' dir='ltr'>nos</span> 
     </span>
     <span class='ocr_line' id='line_1_48' title="bbox 61 4178 863 4320; baseline -0.007 -22"><span class='ocrx_word' id='word_1_374' title='bbox 61 4266 68 4308; x_wconf 93' lang='lat'>;</span> <span class='ocrx_word' id='word_1_375' title='bbox 119 4239 258 4320; x_wconf 78' lang='lat' dir='ltr'>privamus</span> <span class='ocrx_word' id='word_1_376' title='bbox 271 4178 369 4311; x_wconf 62' lang='lat' dir='ltr'>ironis,</span> <span class='ocrx_word' id='word_1_377' title='bbox 390 4235 463 4314; x_wconf 87' lang='lat' dir='ltr'>quod</span> <span class='ocrx_word' id='word_1_378' title='bbox 481 4233 589 4296; x_wconf 85' lang='lat' dir='ltr'>divinas</span> <span class='ocrx_word' id='word_1_379' title='bbox 606 4235 762 4316; x_wconf 86' lang='lat' dir='ltr'>Scripturas</span> <span class='ocrx_word' id='word_1_380' title='bbox 780 4233 863 4293; x_wconf 90' lang='lat' dir='ltr'>relin-</span> 
     </span>
     <span class='ocr_line' id='line_1_49' title="bbox 61 4313 865 4406; baseline -0.002 -31"><span class='ocrx_word' id='word_1_381' title='bbox 61 4356 68 4363; x_wconf 96' lang='lat'>-</span> <span class='ocrx_word' id='word_1_382' title='bbox 84 4328 102 4375; x_wconf 89' lang='lat' dir='ltr'>c</span> <span class='ocrx_word' id='word_1_383' title='bbox 121 4316 251 4397; x_wconf 81' lang='lat' dir='ltr'>quamusl</span> <span class='ocrx_word' id='word_1_384' title='bbox 267 4316 442 4376; x_wconf 86' lang='lat' dir='ltr'>Dominicum</span> <span class='ocrx_word' id='word_1_385' title='bbox 454 4314 525 4374; x_wconf 93' lang='lat' dir='ltr'>enirn</span> <span class='ocrx_word' id='word_1_386' title='bbox 540 4319 706 4406; x_wconf 72' lang='lat' dir='ltr'>praeceptum</span> <span class='ocrx_word' id='word_1_387' title='bbox 718 4327 767 4374; x_wconf 82' lang='lat' dir='ltr'>est.</span> <span class='ocrx_word' id='word_1_388' title='bbox 781 4313 865 4374; x_wconf 87' lang='lat' dir='ltr'>Scru-</span> 
     </span>
     <span class='ocr_line' id='line_1_50' title="bbox 61 4393 866 4489; baseline -0.007 -31"><span class='ocrx_word' id='word_1_389' title='bbox 61 4446 68 4472; x_wconf 86' lang='lat'>,</span> <span class='ocrx_word' id='word_1_390' title='bbox 121 4414 177 4458; x_wconf 87' lang='lat' dir='ltr'>tare</span> <span class='ocrx_word' id='word_1_391' title='bbox 193 4397 348 4489; x_wconf 84' lang='lat' dir='ltr'>diligenter,</span> <span class='ocrx_word' id='word_1_392' title='bbox 369 4408 489 4455; x_wconf 86' lang='lat' dir='ltr'>scrutare</span> <span class='ocrx_word' id='word_1_393' title='bbox 509 4408 534 4454; x_wconf 91' lang='lat' dir='ltr'>et</span> <span class='ocrx_word' id='word_1_394' title='bbox 557 4395 671 4487; x_wconf 76' lang='lat' dir='ltr'>inquire,</span> <span class='ocrx_word' id='word_1_395' title='bbox 694 4393 866 4474; x_wconf 81' lang='lat' dir='ltr'>inveniesque</span> 
     </span>
     <span class='ocr_line' id='line_1_51' title="bbox 61 4472 865 4559; baseline -0.006 -22"><span class='ocrx_word' id='word_1_396' title='bbox 61 4515 68 4522; x_wconf 97' lang='lat'>·</span> <span class='ocrx_word' id='word_1_397' title='bbox 121 4499 232 4559; x_wconf 86' lang='lat' dir='ltr'>magnas</span> <span class='ocrx_word' id='word_1_398' title='bbox 254 4475 506 4554; x_wconf 69' lang='lat' dir='ltr'>inaestimabilesque</span> <span class='ocrx_word' id='word_1_399' title='bbox 524 4472 647 4554; x_wconf 80' lang='lat' dir='ltr'>divitias,</span> <span class='ocrx_word' id='word_1_400' title='bbox 665 4487 691 4534; x_wconf 92' lang='lat' dir='ltr'>et</span> <span class='ocrx_word' id='word_1_401' title='bbox 708 4473 865 4534; x_wconf 76' lang='lat' dir='ltr'>thesaurum</span> 
     </span>
     <span class='ocr_line' id='line_1_52' title="bbox 61 4553 867 4637; baseline -0.004 -20"><span class='ocrx_word' id='word_1_402' title='bbox 61 4563 67 4602; x_wconf 57' lang='grc' dir='ltr'><strong><em>Γ</em></strong></span> <span class='ocrx_word' id='word_1_403' title='bbox 123 4559 149 4617; x_wconf 92' lang='lat' dir='ltr'>in</span> <span class='ocrx_word' id='word_1_404' title='bbox 170 4578 234 4637; x_wconf 86' lang='lat' dir='ltr'>agro</span> <span class='ocrx_word' id='word_1_405' title='bbox 252 4555 450 4632; x_wconf 79' lang='lat' dir='ltr'>absconditum,</span> <span class='ocrx_word' id='word_1_406' title='bbox 467 4553 655 4635; x_wconf 89' lang='lat' dir='ltr'>intelligesque</span> <span class='ocrx_word' id='word_1_407' title='bbox 674 4574 778 4615; x_wconf 84' lang='lat' dir='ltr'>sacram</span> <span class='ocrx_word' id='word_1_408' title='bbox 794 4553 867 4614; x_wconf 84' lang='lat' dir='ltr'>Scri·</span> 
     </span>
     <span class='ocr_line' id='line_1_53' title="bbox 123 4633 867 4719; baseline -0.005 -23"><span class='ocrx_word' id='word_1_409' title='bbox 123 4652 240 4719; x_wconf 88' lang='lat' dir='ltr'>pturam.</span> <span class='ocrx_word' id='word_1_410' title='bbox 260 4639 397 4711; x_wconf 85' lang='lat' dir='ltr'>Scrutare,</span> <span class='ocrx_word' id='word_1_411' title='bbox 418 4648 443 4694; x_wconf 93' lang='lat' dir='ltr'>et</span> <span class='ocrx_word' id='word_1_412' title='bbox 464 4633 585 4695; x_wconf 82' lang='lat' dir='ltr'>invenies</span> <span class='ocrx_word' id='word_1_413' title='bbox 602 4657 609 4692; x_wconf 76' lang='lat' dir='ltr'>r</span> <span class='ocrx_word' id='word_1_414' title='bbox 624 4655 740 4714; x_wconf 91' lang='lat' dir='ltr'>cumque</span> <span class='ocrx_word' id='word_1_415' title='bbox 759 4633 867 4693; x_wconf 87' lang='lat' dir='ltr'>invene·</span> 
     </span>
     <span class='ocr_line' id='line_1_54' title="bbox 125 4712 868 4794; baseline -0.007 -18"><span class='ocrx_word' id='word_1_416' title='bbox 125 4718 172 4792; x_wconf 90' lang='lat' dir='ltr'>ris,</span> <span class='ocrx_word' id='word_1_417' title='bbox 183 4716 268 4776; x_wconf 89' lang='lat' dir='ltr'>vende</span> <span class='ocrx_word' id='word_1_418' title='bbox 277 4716 366 4775; x_wconf 85' lang='lat' dir='ltr'>omnia</span> <span class='ocrx_word' id='word_1_419' title='bbox 383 4735 442 4794; x_wconf 81' lang='lat' dir='ltr'>quae</span> <span class='ocrx_word' id='word_1_420' title='bbox 456 4713 551 4789; x_wconf 86' lang='lat' dir='ltr'>babes,</span> <span class='ocrx_word' id='word_1_421' title='bbox 565 4728 591 4774; x_wconf 93' lang='lat' dir='ltr'>et</span> <span class='ocrx_word' id='word_1_422' title='bbox 600 4735 659 4774; x_wconf 89' lang='lat' dir='ltr'>eme</span> <span class='ocrx_word' id='word_1_423' title='bbox 672 4735 769 4794; x_wconf 85' lang='lat' dir='ltr'>agrum</span> <span class='ocrx_word' id='word_1_424' title='bbox 780 4712 868 4787; x_wconf 89' lang='lat' dir='ltr'>illum,</span> 
     </span>
     <span class='ocr_line' id='line_1_55' title="bbox 126 4791 869 4879; baseline -0.008 -24"><span class='ocrx_word' id='word_1_425' title='bbox 126 4796 283 4879; x_wconf 72' lang='lat' dir='ltr'>piraeclaram</span> <span class='ocrx_word' id='word_1_426' title='bbox 296 4816 392 4877; x_wconf 84' lang='lat' dir='ltr'>nempe</span> <span class='ocrx_word' id='word_1_427' title='bbox 408 4808 560 4854; x_wconf 86' lang='lat' dir='ltr'>sanctarum</span> <span class='ocrx_word' id='word_1_428' title='bbox 571 4794 773 4876; x_wconf 88' lang='lat' dir='ltr'>Scripturarurn</span> <span class='ocrx_word' id='word_1_429' title='bbox 784 4791 869 4852; x_wconf 88' lang='lat' dir='ltr'>scien-</span> 
     </span>
     <span class='ocr_line' id='line_1_56' title="bbox 126 4869 871 4955; baseline -0.011 -19"><span class='ocrx_word' id='word_1_430' title='bbox 126 4879 204 4953; x_wconf 86' lang='lat' dir='ltr'>tiam,</span> <span class='ocrx_word' id='word_1_431' title='bbox 219 4879 247 4936; x_wconf 92' lang='lat' dir='ltr'>in</span> <span class='ocrx_word' id='word_1_432' title='bbox 257 4876 356 4955; x_wconf 92' lang='lat' dir='ltr'>quibus</span> <span class='ocrx_word' id='word_1_433' title='bbox 367 4872 541 4934; x_wconf 87' lang='lat' dir='ltr'>absconditur</span> <span class='ocrx_word' id='word_1_434' title='bbox 551 4873 647 4949; x_wconf 87' lang='lat' dir='ltr'>Filius,</span> <span class='ocrx_word' id='word_1_435' title='bbox 661 4894 725 4936; x_wconf 80' lang='lat' dir='ltr'>vera</span> <span class='ocrx_word' id='word_1_436' title='bbox 734 4869 871 4953; x_wconf 86' lang='lat' dir='ltr'>Sapientia</span> 
     </span>
     <span class='ocr_line' id='line_1_57' title="bbox 127 4949 873 5030; baseline -0.011 -15"><span class='ocrx_word' id='word_1_437' title='bbox 127 4955 226 5016; x_wconf 90' lang='lat' dir='ltr'>Patris.</span> <span class='ocrx_word' id='word_1_438' title='bbox 249 4958 337 5028; x_wconf 87' lang='lat' dir='ltr'>Quem</span> <span class='ocrx_word' id='word_1_439' title='bbox 356 4976 418 5014; x_wconf 92' lang='lat' dir='ltr'>cum</span> <span class='ocrx_word' id='word_1_440' title='bbox 439 4954 581 5030; x_wconf 86' lang='lat' dir='ltr'>inveneris,</span> <span class='ocrx_word' id='word_1_441' title='bbox 601 4953 696 5012; x_wconf 87' lang='lat' dir='ltr'>beatus</span> <span class='ocrx_word' id='word_1_442' title='bbox 716 4951 779 5028; x_wconf 89' lang='lat' dir='ltr'>cris,</span> <span class='ocrx_word' id='word_1_443' title='bbox 802 4949 873 5009; x_wconf 90' lang='lat' dir='ltr'>sicut</span> 
     </span>
     <span class='ocr_line' id='line_1_58' title="bbox 61 5033 1023 5117; baseline -0.016 -20"><span class='ocrx_word' id='word_1_444' title='bbox 61 5066 73 5097; x_wconf 52' lang='grc' dir='ltr'>ν.</span> <span class='ocrx_word' id='word_1_445' title='bbox 127 5037 259 5117; x_wconf 85' lang='lat' dir='ltr'>scriptum</span> <span class='ocrx_word' id='word_1_446' title='bbox 273 5049 329 5094; x_wconf 87' lang='lat' dir='ltr'>est:</span> <span class='ocrx_word' id='word_1_447' title='bbox 342 5038 453 5094; x_wconf 88' lang='lat' dir='ltr'>Beatus</span> <span class='ocrx_word' id='word_1_448' title='bbox 462 5036 560 5105; x_wconf 81' lang='lat' dir='ltr'>bomo,</span> <span class='ocrx_word' id='word_1_449' title='bbox 573 5037 624 5114; x_wconf 84' lang='lat' dir='ltr'>qui</span> <span class='ocrx_word' id='word_1_450' title='bbox 635 5034 747 5093; x_wconf 74' lang='lat' dir='ltr'>invenit</span> <span class='ocrx_word' id='word_1_451' title='bbox 756 5033 872 5110; x_wconf 78' lang='lat' dir='ltr'>sapien-</span> <span class='ocrx_word' id='word_1_452' title='bbox 883 5043 945 5088; x_wconf 71' lang='lat' dir='ltr'>rm</span> <span class='ocrx_word' id='word_1_453' title='bbox 958 5038 1023 5087; x_wconf 81' lang='grc' dir='ltr'>3.ι3.</span> 
     </span>
     <span class='ocr_line' id='line_1_59' title="bbox 61 5109 874 5193; baseline -0.017 -13"><span class='ocrx_word' id='word_1_454' title='bbox 61 5145 62 5180; x_wconf 77' lang='grc'><strong>;</strong></span> <span class='ocrx_word' id='word_1_455' title='bbox 128 5121 210 5175; x_wconf 88' lang='lat' dir='ltr'>tinm.</span> <span class='ocrx_word' id='word_1_456' title='bbox 232 5116 369 5193; x_wconf 84' lang='lat' dir='ltr'>Scrutare,</span> <span class='ocrx_word' id='word_1_457' title='bbox 389 5114 494 5190; x_wconf 87' lang='lat' dir='ltr'>dilecte,</span> <span class='ocrx_word' id='word_1_458' title='bbox 514 5113 572 5172; x_wconf 87' lang='lat' dir='ltr'>sive</span> <span class='ocrx_word' id='word_1_459' title='bbox 594 5111 671 5171; x_wconf 84' lang='lat' dir='ltr'>dives</span> <span class='ocrx_word' id='word_1_460' title='bbox 686 5110 724 5170; x_wconf 91' lang='lat' dir='ltr'>sis</span> <span class='ocrx_word' id='word_1_461' title='bbox 736 5109 794 5170; x_wconf 87' lang='lat' dir='ltr'>sive</span> <span class='ocrx_word' id='word_1_462' title='bbox 806 5129 874 5190; x_wconf 86' lang='lat' dir='ltr'>pau-</span> 
     </span>
     <span class='ocr_line' id='line_1_60' title="bbox 68 5188 873 5276; baseline -0.012 -21"><span class='ocrx_word' id='word_1_463' title='bbox 68 5243 73 5255; x_wconf 89' lang='lat'>.</span> <span class='ocrx_word' id='word_1_464' title='bbox 129 5218 186 5276; x_wconf 85' lang='lat' dir='ltr'>pcr,</span> <span class='ocrx_word' id='word_1_465' title='bbox 204 5195 261 5255; x_wconf 89' lang='lat' dir='ltr'>sive</span> <span class='ocrx_word' id='word_1_466' title='bbox 274 5215 368 5255; x_wconf 87' lang='lat' dir='ltr'>servus</span> <span class='ocrx_word' id='word_1_467' title='bbox 383 5193 442 5255; x_wconf 86' lang='lat' dir='ltr'>sive</span> <span class='ocrx_word' id='word_1_468' title='bbox 454 5193 532 5268; x_wconf 88' lang='lat' dir='ltr'>liber,</span> <span class='ocrx_word' id='word_1_469' title='bbox 544 5192 603 5252; x_wconf 83' lang='lat' dir='ltr'>sive</span> <span class='ocrx_word' id='word_1_470' title='bbox 615 5212 673 5250; x_wconf 89' lang='lat' dir='ltr'>mas</span> <span class='ocrx_word' id='word_1_471' title='bbox 694 5189 752 5250; x_wconf 80' lang='lat' dir='ltr'>sive</span> <span class='ocrx_word' id='word_1_472' title='bbox 766 5188 873 5248; x_wconf 76' lang='lat' dir='ltr'>femina.</span> 
     </span>
     <span class='ocr_line' id='line_1_61' title="bbox 129 5267 1028 5355; baseline -0.016 -18"><span class='ocrx_word' id='word_1_473' title='bbox 129 5277 308 5337; x_wconf 86' lang='lat' dir='ltr'>Scrutamini</span> <span class='ocrx_word' id='word_1_474' title='bbox 319 5275 495 5355; x_wconf 87' lang='lat' dir='ltr'>Scripturas.</span> <span class='ocrx_word' id='word_1_475' title='bbox 509 5271 610 5336; x_wconf 79' lang='lat' dir='ltr'>Divina</span> <span class='ocrx_word' id='word_1_476' title='bbox 621 5270 723 5352; x_wconf 84' lang='lat' dir='ltr'>quippo</span> <span class='ocrx_word' id='word_1_477' title='bbox 735 5267 876 5350; x_wconf 82' lang='lat' dir='ltr'>Scriptura</span> <span class='ocrx_word' id='word_1_478' title='bbox 886 5278 1028 5340; x_wconf 60' lang='lat' dir='ltr'>seauton.</span> 
     </span>
    </p>
   </div>
   <div class='ocr_carea' id='block_1_5' title="bbox 0 0 1903 5940">
    <p class='ocr_par' dir='ltr' id='par_1_7' title="bbox 0 0 1903 5940">
     <span class='ocr_line' id='line_1_62' title="bbox 0 0 1903 5940; baseline 0 0"><span class='ocrx_word' id='word_1_479' title='bbox 0 0 1903 5940; x_wconf 95' lang='lat' dir='ltr'> </span> 
     </span>
    </p>
   </div>
  </div>
 </body>
</html>
