3750 5940
67 430 237 489 vitemus.
764 405 833 502 067

90 553 247 634 positionem
270 552 423 627 revomitur,
439 551 572 631 quomodo
586 552 621 611 ad
632 573 680 612 sua
695 569 836 613 recurrunt

91 654 122 692 co
171 654 201 691 ra
217 632 325 704 anime,
335 630 446 713 justiin
465 652 606 691 occursum
621 646 835 713 perguntequo·

93 653 174 772 mlii
187 711 257 771 sistit
269 732 297 770 se
312 731 426 792 sponsus
441 709 528 771 media
542 724 629 787 nocte,
644 710 775 792 dignique
788 713 837 772 ba·

92 793 190 850 bentur
200 791 321 871 ingressu
331 790 409 872 justi,
420 790 555 870 quomodo
570 789 767 870 negligentibus
777 791 838 851 tha·

62 895 78 939 fl
94 871 157 929 lami
173 870 305 951 sponsalis
319 869 497 930 occluduntur
506 871 576 930 fores
586 894 592 926 :
603 891 665 929 cum
677 870 735 929 baec
749 873 839 931 omnia

95 964 182 1009 mente
192 972 251 1009 mea
264 949 380 1027 revolvi,
394 949 485 1009 beatas
492 951 618 1010 existimo
628 948 772 1031 prudentes
785 950 841 1010 vir·

95 1030 183 1108 gines,
194 1051 261 1109 quas
274 1029 352 1089 nobis
369 1029 450 1111 paulo
470 1044 531 1090 ante
546 1028 759 1109 Evangeliorum
771 1029 842 1090 liber

94 1109 233 1189 proposuit
242 1132 251 1186 5
267 1109 394 1186 quoniam
409 1123 435 1168 et
445 1131 507 1168 eum
522 1109 678 1169 infirmitate
695 1109 782 1169 somni
793 1109 841 1169 de-

116 1202 262 1267 ugnarunt,
275 1203 300 1247 et
321 1209 384 1247 cum
402 1188 561 1248 mutabilem
584 1189 712 1271 temporis
751 1203 841 1249 meter-

93 1210 209 1327 labentis
231 1265 409 1327 conditionem
435 1267 696 1346 animadvertissent,
742 1269 843 1330 'vinam

96 1346 275 1406 immortalem
295 1368 328 1406 ue
338 1347 424 1407 vitam
436 1369 468 1406 ac
477 1348 562 1428 fugax
575 1368 666 1408 aevum
677 1348 844 1430 perpenden-

96 1370 843 1507 tes,horamarlrentusobservaruntanimumquesuum

96 1507 192 1566 timore
205 1527 332 1566 occursus
350 1506 564 1588 incorruptibilis
571 1506 662 1589 sponsi
680 1507 844 1585 excitarunt,

97 1585 222 1666 quodque
233 1608 295 1645 cum
309 1600 452 1646 nocturnas
463 1587 585 1646 tenebras
598 1586 791 1679 explorassent,
801 1609 846 1647 ae-

98 1680 218 1725 curatam
238 1665 409 1725 lucernarum
426 1687 519 1725 curam
541 1680 678 1746 gesserint.
698 1667 775 1727 Nihil
796 1688 845 1739 au-

99 1761 153 1806 tem
164 1759 237 1806 vetat
251 1744 395 1824 quominus
409 1744 467 1826 ipsa
488 1745 569 1805 etiam
580 1746 675 1806 divina
688 1747 771 1807 verba
784 1769 844 1829 per·

100 1848 250 1887 curramus.
271 1825 371 1884 Simile
380 1828 502 1906 sactum
522 1838 575 1898 est,
597 1825 701 1905 inquit,
724 1848 845 1909 regumn
858 1842 932 1887 turim
959 1841 996 1885 25.

101 1907 239 1965 calorum
253 1906 352 1963 decem
363 1907 537 1984 uirginibus,
554 1926 619 1985 quar
638 1926 704 1965 cum
719 1911 845 1988 accepis·
861 1919 880 1951 ¹·

64 2022 87 2059 ω
102 1999 166 2045 serit
181 1985 332 2064 lampades
345 2004 424 2056 suas,
446 1988 580 2043 exierunt
600 1987 714 2044 obviam
728 2008 844 2068 sponso.

69 2064 156 2124 nSetl
178 2062 296 2155 quando,
315 2083 421 2142 quaeso,
442 2063 587 2122 exierunt?
610 2086 676 2124 num
696 2064 764 2124 lorte
786 2087 849 2126 cum

104 2157 269 2225 praestitutus
291 2142 354 2201 ritae
379 2141 438 2201 dies
462 2141 523 2202 illas
545 2143 767 2235 comprehendit?
788 2167 850 2205 cum

104 2223 261 2283 mandatmn
284 2220 405 2295 advenit,
421 2242 483 2281 cum
504 2236 633 2283 sententia
656 2225 751 2284 monis
770 2224 851 2285 allata

104 2319 153 2380 est,
163 2325 225 2362 cum
234 2315 359 2382 urgentes
372 2300 461 2380 angeli
477 2301 553 2360 mimi
567 2316 640 2380 sunt,
653 2316 718 2362 tunc
728 2303 855 2364 exierum

104 2384 236 2442 obviams
273 2381 339 2441 nso?
352 2381 541 2460 Nequaquam.
557 2379 611 2441 Sed
623 2381 732 2462 quando
745 2383 853 2444 tandem

54 2496 56 2532 ;
105 2464 237 2523 exierunt.
249 2459 364 2534 Quando
373 2459 595 2521 distractionibus
606 2462 855 2524 sacularibusuun-

55 2587 56 2591 ,
107 2544 174 2601 tirum
199 2542 370 2615 remiserunt,
395 2538 503 2618 quando
529 2561 577 2621 per
599 2555 700 2601 arctam
723 2557 750 2601 et
769 2564 861 2623 ango·-

55 2663 58 2674 .
106 2637 175 2682 stam
196 2622 269 2681 viam
295 2616 417 2679 incedere
437 2632 604 2697 statuerunt,
625 2620 733 2700 quando
759 2623 856 2682 volun·

55 2736 57 2765 ι
108 2703 203 2761 tariam
215 2700 375 2760 adamarunt
388 2698 486 2757 duram
499 2698 695 2777 educationem,
709 2703 817 2780 quando
829 2723 857 2761 se

55 2815 57 2832 ι
108 2782 263 2862 nuptiarum
289 2779 395 2858 legibus
415 2799 467 2836 non
493 2777 714 2857 obstrinxerunt,
729 2801 791 2841 curn
808 2802 855 2842 vo-

56 2905 57 2908 *
108 2861 222 2942 luptates
238 2859 300 2918 vitre
320 2858 506 2936 neglexerunt,
528 2878 589 2915 cum
604 2859 735 2940 optimam
752 2874 856 2942 partem

56 2983 60 2991 .
109 2937 318 3021 incorruptionis
330 2937 477 3017 elegerunt,
494 2957 556 2994 cum
571 2959 641 2997 rerae
658 2937 758 2998 laetitiae
769 2961 856 3000 mores

56 3052 60 3085 ς
109 3020 280 3093 adamarunt,
295 3038 357 3074 cum
379 3013 483 3096 peccati
506 3015 598 3075 sordes
620 3016 756 3078 detestatas
776 3033 855 3096 sunt,

57 3143 59 3150 a
110 3122 172 3158 cum
198 3095 378 3178 temperantia
409 3094 498 3153 foedus
529 3094 663 3170 inierunt,
687 3119 750 3158 cum
772 3098 856 3158 sancti

57 3222 61 3231 .
111 3178 208 3260 Sponsi
221 3196 313 3236 amore
325 3187 456 3249 arserunt,
465 3194 527 3232 cum
541 3175 616 3254 regni
625 3175 857 3256 pulchritudinem

57 3274 95 3324 33
111 3258 307 3332 desiderarunt,
334 3275 396 3312 cum
417 3274 523 3311 omnem
539 3274 633 3314 curam
645 3255 708 3316 vitae
722 3257 859 3317 saecularis

57 3352 63 3406 ῑ
112 3339 281 3419 abjecerunt:
295 3348 358 3393 tunc
372 3332 496 3392 exierunt
516 3333 624 3393 obviam
639 3356 745 3416 sponso.
760 3339 860 3396 Erant
870 3352 930 3398 lbra.
943 3366 964 3394 v.
986 3360 1009 3392 ι.

58 3452 63 3485 r
113 3432 220 3490 autem,
235 3415 333 3494 inquit,
353 3417 482 3494 quiaque
501 3415 670 3493 prudentes,
683 3429 711 3475 et
751 3421 861 3498 uiaque

58 3531 64 3562 r
112 3501 215 3577 fatua.
235 3494 312 3556 Unde
326 3492 523 3572 dignoscuntur
537 3492 704 3574 prudentes?
745 3518 805 3556 xeo
820 3497 862 3555 ni-

58 3621 64 3631 .
114 3579 228 3651 mirum,
247 3573 320 3656 quod
340 3573 537 3653 eleemosynam
558 3593 620 3632 cum
640 3573 803 3635 continentia
816 3598 861 3636 eo-

58 3690 63 3723 ·‚
114 3658 252 3737 pulnrunt,
274 3652 449 3714 beneficentia
462 3651 646 3731 virginitatem
661 3671 804 3732 ornarunt,
819 3655 861 3713 in-

59 3749 61 3759 '
115 3737 275 3796 tellexerunt
297 3733 378 3792 fidem
403 3731 460 3790 sine
482 3732 609 3812 operibus
631 3748 765 3793 mortuam
789 3755 861 3809 esse,

59 3831 63 3842 ¹
114 3830 273 3875 censuerunt
286 3835 339 3872 non
350 3811 473 3871 sufficere
487 3831 543 3870 rem
554 3833 636 3870 unam
651 3812 815 3872 laudabilem
826 3811 862 3871 ad
879 3824 881 3827 '

115 3897 242 3970 salutem;
257 3915 342 4031 nappe
355 3890 424 3950 enim
440 3912 492 3948 una
507 3890 549 3948 ala
564 3912 619 3949 sese
633 3891 722 3970 aquila
736 3893 764 3951 in
775 3892 862 3951 altum

279 3997 292 4031 r

60 4028 63 4040 .
115 3976 195 4033 tollii.
208 3978 277 4033 Reco
329 3985 362 4029 tm
376 3983 437 4028 sunt
448 3968 522 4027 illius
535 3969 633 4049 Sponsi
649 3970 722 4029 vocis
736 3970 861 4047 dicentis,

117 4055 351 4113 Misericordiam
367 4050 448 4119 voto,
467 4069 526 4105 non
541 4051 720 4122 sacrificium
728 4076 739 4120 ,·
757 4064 784 4109 et
803 4073 863 4109 rur.
876 4046 933 4089 om
944 4042 998 4091 6·6·

118 4156 172 4207 sus,
183 4137 274 4214 Super
280 4131 425 4212 judiciam
438 4129 637 4186 misericordia
649 4131 789 4189 exsultat.
799 4134 864 4191 ttaec
873 4129 925 4172 Μ·
940 4137 962 4168 ²·
979 4122 1013 4167 ¹³·

61 4248 68 4290 ;
120 4235 209 4272 secum
229 4227 299 4271 recte
323 4206 515 4290 perpendentes
531 4206 710 4297 impleverunt
731 4231 794 4269 rasa
817 4232 865 4270 sua

61 4336 69 4348 -
121 4294 187 4353 olco.
203 4296 334 4365 Quaenam
353 4301 443 4346 autern
456 4287 536 4344 vasa?
551 4287 686 4345 Nimirum
701 4288 772 4348 fame
791 4288 866 4350 labo-

61 4394 69 4448 ἱ
122 4384 240 4442 santium
257 4393 372 4440 ventres.
388 4374 560 4456 Spiritalium
568 4376 730 4456 nuptiarum
741 4379 868 4439 concilia·

62 4479 71 4536 l
123 4487 192 4531 tores
207 4469 259 4531 sibi
280 4487 411 4550 pauperes
431 4464 594 4538 asciverunt,
609 4481 799 4546 compararunt
815 4467 870 4527 sibi

62 4572 104 4625 5ss
124 4558 325 4618 miserationum
347 4554 478 4612 viaticum
491 4575 497 4607 :
510 4552 580 4611 lame
599 4552 749 4613 laborantes
769 4556 870 4614 nutrie-

65 4679 71 4712 ι
123 4650 232 4715 bantur,
244 4661 270 4705 et
281 4642 419 4725 lampades
430 4640 669 4715 illuminabantur;
681 4640 797 4702 mendici
809 4663 873 4722 graf

63 4778 67 4787 ·
125 4740 176 4797 tias
190 4737 316 4816 agebant,
326 4748 353 4793 et
366 4752 480 4812 sponsus
490 4729 673 4789 delectabatur
680 4753 690 4806 ;
703 4731 872 4814 eleemosyna

63 4859 70 4900 ;
125 4825 339 4908 spargebatur,et
348 4818 617 4901 quaeexspectabatur
630 4839 730 4878 merces
738 4840 873 4900 praepara·

63 4956 68 4964 -
125 4912 371 4974 batur.Prudentes
380 4908 462 4970 verba
472 4907 519 4966 illa
529 4905 644 4966 Doridis
652 4907 872 4987 pronuntiabant:

64 5044 69 5052 -
126 5008 256 5064 Paratus
266 5022 330 5061 sum
344 5011 371 5058 et
384 5017 516 5056 nonsum
526 4994 874 5076 turbatasdatutereroge·
887 5021 952 5068 Part.
974 5024 1023 5071 ug,

64 5132 70 5141 ·
129 5106 227 5152 stantes
243 5085 381 5170 lampades
394 5085 451 5145 sine
466 5084 524 5143 oleo
537 5082 615 5162 longe
628 5104 643 5141 a
659 5103 756 5163 sponso
769 5084 874 5166 eonspi·
885 5087 922 5133 5⁰·

147 5248 159 5284 l·
176 5244 247 5295 Unus
259 5253 288 5310 τῇ
299 5246 409 5312 παρθενίᾳ
421 5248 461 5300 τὴν
475 5243 581 5292 εὐποιίαν.

684 5301 733 5358 ll.
