3750 5940
347 431 379 478 ru
408 433 542 480 resnou
568 433 611 480 ur
639 433 790 495 saecun,
820 433 945 479 suario.
1355 408 1428 507 619

53 550 115 635 όδρο
152 626 158 637 ,
179 552 304 654 δρομεὺς,
315 558 330 612 θ
343 557 380 622 εἰς
395 555 502 632 οὐρανὸν
515 556 627 614 ἀνιπτά-
645 560 662 607 Ε
679 568 763 615 statur
780 555 911 615 Dominus
929 575 1009 614 suum
1026 574 1121 613 nomen
1135 575 1183 636 per
1197 555 1353 616 universum
1374 571 1425 616 ter·

57 638 101 694 όθ
125 656 156 699 ας
170 655 279 714 χαριτος
291 633 515 713 πεπληρωμένος,
529 639 543 693 θ
557 659 628 716 μαρ-
678 655 770 694 rarum
783 635 876 699 orbem
890 634 959 693 ferre
974 658 981 691 ι
998 633 1050 713 qui
1059 633 1169 693 tertium
1183 634 1278 694 caelum
1295 636 1424 716 pervasit,

53 712 240 795 bro'tilluploo
249 712 393 812 pontiden
409 713 440 772 τδ
450 713 533 793 ὄνομα
549 717 628 773 αὐτοῦ
677 713 835 804 paradisum
847 712 982 804 ingressus
1001 726 1054 789 est,
1068 726 1094 771 et
1157 734 1190 771 ue
1202 713 1238 773 ad
1253 714 1422 774 Dominicatu

53 797 133 864 ςτῆς
150 794 316 870 οἰκωμενης,
333 797 348 851 θ
363 790 626 874 τριώρορονοθρκνὸν
677 792 1027 883 incomprehensibilemque
1055 734 1211 852 cadicdrnm
1237 793 1372 868 ascendit,
1400 809 1427 853 et

53 875 89 938 ιίς
101 871 261 952 παράδεισον
276 869 408 944 εἰσελθὼν,
423 873 467 930 καί
485 871 519 949 μέ
540 896 565 954 ρι
579 876 627 940 τῆς
672 872 784 945 Ιιιιιιίίνιί
805 893 902 931 arcana
921 870 1061 953 mysteria,
1079 894 1140 951 quae
1161 894 1214 931 non
1233 871 1297 931 licet
1322 873 1426 933 homini

53 951 79 1010 αἰ
102 949 274 1031 ἀπερινοήτου
295 951 423 1031 καθέδρας
446 896 558 1024 decide,
581 953 627 1011 καί
658 975 660 979 ’
677 950 761 1029 loqui.
776 952 830 1010 Sed
841 950 876 1010 de
889 952 966 1010 Petm
977 950 1045 1030 quid
1055 950 1198 1010 dicemus?
1213 951 1260 1029 qui
1274 950 1353 1010 dulce
1367 973 1426 1033 spe-

53 1030 209 1110 ἀπορ’ήτινν
225 1029 387 1108 μυστηρίων,
402 1020 439 1088 ῶν
454 1033 502 1089 οὐκ
512 1030 567 1099 ἐξὸν
582 1035 626 1089 ἀν·
677 1030 813 1089 ctaculum
826 1044 865 1091 est
875 1030 1012 1104 Ecclesiae,
1025 1031 1154 1112 splendor
1168 1032 1252 1090 totius
1265 1031 1371 1106 mundi,
1383 1053 1426 1090 co-

53 1132 95 1169 rac
106 1050 137 1168 d
134 1108 143 1167 ί
163 1108 192 1168 δὲ
205 1109 251 1169 καί
266 1109 331 1189 πρὸς
345 1107 447 1190 Πέτρον
459 1112 566 1206 ἐροῦμεν
573 1132 582 1185 3
597 1109 627 1168 τὸ
677 1109 770 1169 lumba
792 1109 953 1184 castissima,
968 1111 1150 1191 apostolorum
1170 1110 1275 1184 doctor,
1292 1110 1428 1191 apostolus

53 1188 182 1261 κκλησίας
201 1187 302 1267 θέαμα,
323 1193 341 1259 ἡ
362 1188 510 1266 λαμπηδων
526 1193 574 1260 τῆς
588 1191 626 1248 οἰ·
647 1218 659 1255 2
677 1188 790 1265 ardens,
804 1189 902 1270 spiritu
920 1190 1042 1265 ferrens,
1058 1189 1170 1268 angelus
1186 1205 1212 1250 et
1233 1190 1325 1264 homo,
1340 1190 1427 1268 gratia

62 1269 192 1348 προαγνδς
207 1266 363 1350 περιστερὰ,
377 1272 392 1326 δ
408 1268 561 1347 καθηγητὴς
573 1273 625 1326 τῶν
644 1275 664 1318 A
677 1267 786 1348 plenus,
796 1268 875 1328 firma
889 1267 954 1328 fidei
970 1283 1057 1350 petra,
1074 1269 1166 1328 senilis
1177 1269 1304 1329 Ecclesiae
1318 1270 1426 1350 sapien-

57 1348 151 1452 θερμδς
162 1345 319 1420 ἀπόστολος,
332 1351 346 1405 θ
357 1345 423 1415 ζέων
432 1351 470 1427 τῷ
484 1347 625 1425 πνεύματι,
677 1347 727 1424 tia,
741 1348 789 1439 qui
800 1348 836 1406 ob
847 1348 991 1429 puritatem
1001 1348 1096 1408 beatru
1110 1362 1136 1407 et
1146 1347 1220 1408 silius
1234 1348 1378 1425 columbae,
1393 1370 1428 1408 ex

53 1472 56 1484 .
78 1432 257 1510 ανθρωπος,θ
277 1427 385 1527 guipso<
406 1426 626 1526 μεμεστωμένοι,
678 1428 821 1489 Dominico
835 1449 881 1487 ore
895 1427 1015 1504 audivit3
1032 1427 1080 1507 qui
1099 1428 1188 1488 claves
1208 1429 1284 1509 regni
1300 1427 1428 1487 caelorum
1439 1442 1523 1488 staria.
1542 1441 1577 1486 is.

53 1507 159 1576 τίστεως
170 1507 264 1587 πέτρα,
274 1508 441 1588 τογηραλιον
451 1511 499 1578 τῆς
511 1504 626 1579 Ἐκκλη-
676 1506 712 1565 ab
729 1506 788 1587 ipso
805 1506 923 1567 Domino
938 1507 1051 1589 accepit.
1070 1510 1111 1566 An
1132 1508 1236 1567 olorum
1254 1507 1362 1567 ordines
1379 1529 1428 1568 vos
1442 1519 1477 1567 Ι7·
1496 1517 1532 1564 ι9·

54 1586 238 1690 ,θμακάριος
251 1586 297 1646 καί
310 1587 364 1652 υἱὸς
377 1597 532 1686 περιστερᾶς
546 1586 624 1646 ἀκού-
676 1606 725 1644 exs
762 1585 857 1646 liastis.
880 1586 917 1646 Et
933 1586 1003 1666 quid
1019 1529 1132 1646 multisi
1145 1587 1207 1666 Ipse
1225 1608 1274 1648 vos
1295 1585 1428 1647 Dominus

53 1669 148 1745 ἰγνειαν
161 1670 192 1726 la
212 1671 257 1726 τοῦ
274 1667 429 1725 δεσποτικοῦ
447 1687 593 1744 ατοματος,
612 1670 626 1725 ὁ
676 1663 721 1722 lau
742 1663 803 1724 ibris
818 1679 908 1739 ornat,
922 1666 1046 1745 inquiens
1063 1690 1069 1724 ε
1091 1669 1146 1726 Vos
1160 1671 1228 1726 estis
1241 1668 1426 1726 luxmundi:
1439 1681 1525 1726 itaut.
1539 1682 1563 1727 5.

53 1770 57 1813 ;
73 1746 208 1824 βασιλείας
225 1748 276 1804 τῶν
300 1746 416 1826 οὐρανῶν
439 1743 466 1813 ἰξ
482 1748 561 1805 αὐτοῦ
579 1749 625 1805 τοῦ
675 1744 723 1822 qui
735 1744 844 1824 regibus
855 1745 919 1805 estis
928 1744 1101 1826 copiosiores,
1113 1745 1245 1805 divitibus
1255 1745 1426 1827 potentiores,
1441 1742 1476 1805 'l-

53 1823 97 1894 όος.
120 1827 183 1884 Τῶν
207 1829 224 1884 ἀ
311 1849 324 1882 ν
350 1823 384 1883 τίι
404 1822 530 1902 τάγματα
550 1827 625 1903 ὑμεῖς
676 1822 810 1883 militibus
830 1825 1010 1901 robustiores,
1025 1825 1192 1906 sapientibus
1212 1839 1238 1884 ct
1258 1825 1429 1906 pbilosophis

53 1905 73 1964 ιί
84 1902 111 1963 τί
123 1903 210 1963 πολλὰ
251 1928 303 1982 νως
318 1903 401 1971 atet:
411 1907 426 1961 θ
437 1903 532 1983 Ιίόριος
542 1907 624 1983 lpas>-
675 1903 863 1983 sapientiores,
877 1901 1030 1964 oratoribus
1052 1905 1259 1984 eloquentiorcs;
1274 1906 1360 1964 Mbil
1372 1907 1427 1964 ίισ-
1439 1933 1460 1962 ι.
1474 1918 1527 1962 ror.
1540 1919 1563 1963 o.

55 1982 139 2064 λέγων
152 2006 158 2020 ·
171 1983 265 2061 Ὑμεῖς
275 1983 373 2042 ἰστετδ
384 1987 438 2064 ρῶς
451 1989 496 2042 τοῦ
507 1983 624 2060 κόσμου·
677 1984 787 2055 bentes,
809 1995 838 2042 et
851 1987 953 2043 omnia
971 1986 1159 2064 possidentes.
1176 1986 1233 2045 Vos
1246 1983 1310 2043 estis
1324 1998 1429 2065 marty·
1443 1996 1479 2027 ¹⁰·

53 2061 234 2144 ἀπορώτεροι,
249 2067 273 2122 οἱ
288 2062 422 2122 πλουσίων
437 2062 622 2144 δυνατώτεροι,
676 2082 738 2120 rum
758 2061 897 2142 patientia,
920 2062 1137 2144 patriarcharum
1162 2062 1314 2121 orthodoxa
1341 2063 1428 2134 fides,

53 2167 60 2200 ν
75 2145 109 2203 ἰσ
122 2141 256 2221 υρότεροι,
274 2144 299 2201 oi
316 2146 403 2222 σορῶν
416 2140 463 2201 καί
477 2143 624 2223 φιλοσόρων
677 2141 870 2201 monachorum
879 2142 1043 2219 exercitatio,
1050 2142 1189 2223 virginum
1198 2155 1376 2215 coronatores,
1384 2164 1429 2234 pa-

57 2167 175 2302 ῥητόρων
187 2219 403 2302 εθγλωιτότεροι,
416 2224 451 2280 ot
464 2221 546 2299 μηδὲν
556 2221 625 2302 ἔχον·
677 2219 825 2280 cificaores
836 2222 1000 2303 conjugum,
1011 2222 1152 2303 rapacium
1161 2221 1280 2282 divitum
1290 2221 1378 2299 frena,
1389 2243 1429 2281 rn-

53 2325 74 2360 u
93 2300 257 2380 κατέχοντες.
273 2299 365 2378 Ὑμεῖς
380 2304 439 2360 ἐστε
453 2305 505 2360 τῶν
524 2301 624 2383 μαρτό-
676 2300 884 2381 temperantium
904 2301 943 2359 im
963 2300 1158 2381 udicorumque
1181 2300 1370 2379 moderatores,
1386 2323 1431 2361 re-

55 2385 131 2454 ,τῶν
147 2384 319 2460 πατριαρχῶν
339 2377 394 2438 1’τδ
409 2379 551 2462 δρθόδοξον,
569 2384 622 2441 τῶν
678 2398 744 2458 gum
763 2379 910 2461 protectio,
924 2323 1140 2441 (dristianorum
1154 2381 1241 2455 muri,
1252 2381 1430 2440 barbarorum

69 2460 196 2533 doxasse,
205 2464 257 2518 τῶν
271 2458 407 2539 παρθένων
421 2464 445 2519 οἱ
459 2471 625 2542 στερανὶται,
643 2484 661 2530 B
678 2457 826 2519 adversarii
840 2483 847 2517 ι
863 2480 912 2520 vos
922 2459 1110 2521 haereticorum
1121 2459 1263 2520 audaciam
1279 2461 1431 2535 refrenatis,

53 2565 66 2598 υ
85 2539 136 2608 ίαις
161 2543 185 2599 oi
208 2539 387 2618 εἰρηνοποιοί,
410 2544 462 2598 τῶν
483 2539 626 2621 ἇρπακτῶν
678 2538 762 2596 animi
781 2539 996 2619 perturbationes
1016 2539 1211 2622 comprimitis,
1225 2539 1379 2600 daemonum
1393 2541 1431 2599 le·

53 2565 155 2698 clami,
167 2623 219 2677 τῶν
234 2617 388 2677 ἀκολάστων
400 2621 424 2678 ol
438 2620 627 2699 σωρρονισταί,
679 2617 771 2695 giones
785 2618 925 2698 exegistis,
938 2620 1098 2680 Graecorum
1118 2642 1178 2679 aras
1199 2620 1347 2692 evertistis,
1364 2621 1431 2678 iule-

53 2697 185 2766 ἰασιλέων,
193 2696 227 2757 cb
238 2697 315 2777 τείχη
324 2702 377 2756 τῶν
389 2699 564 2778 Χριστιανῶν,
575 2704 627 2759 τῶν
680 2696 784 2755 riorum
795 2719 971 2788 supernarum
993 2720 1025 2757 ue
1044 2721 1135 2759 rerum
1148 2699 1259 2758 heredes
1276 2698 1428 2775 constituti3

53 2777 205 2848 ἀντίπαλοι,
216 2778 241 2835 οί
258 2777 338 2857 ριμθν
351 2786 406 2846 τοῖς
417 2781 556 2855 αίρετικοῖς
570 2781 628 2837 ἐπι·
680 2775 790 2835 illarum
812 2776 947 2855 siquidem
969 2720 1071 2853 ilices,
1097 2777 1208 2837 istarum
1226 2778 1328 2859 ligandi
1350 2784 1431 2856 atque

53 2855 212 2938 ιροῦντεςτδ
227 2855 312 2936 ἄλογα
331 2857 403 2930 πάθη
420 2861 472 2916 τῶν
486 2857 628 2936 σωμάτων,
680 2854 802 2916 solvendi
823 2870 930 2937 peccata
972 2870 1110 2917 otestatem
1125 2859 1275 2939 accepistis.
1300 2857 1460 2917 Oidiotae‘

53 2959 89 3002 Ιας
102 2940 154 2995 τῶν
168 2935 300 3014 δαιμόνων
315 2936 516 3007 ἀπελάσαντες,
535 2937 629 3006 οίτοθς
680 2934 861 2998 miraculum!
883 2955 900 2994 o
923 2935 932 2994 i
956 2936 1043 2995 iterati
1065 2958 1094 2996 sa
1114 2935 1238 2998 ientiam!
1266 2937 1362 2996 Petrus
1382 2958 1429 2996 sua
1441 2946 1491 2990 Act·
1505 2943 1527 2989 5·
1545 2945 1581 2991 15»

57 3013 193 3086 Ἑλλήνων
204 3013 373 3086 καθελόντες,
388 3019 413 3075 oi
421 3013 455 3074 τδι
465 3015 520 3075 ἄνω
534 3017 579 3075 καί
593 3016 628 3075 τὰ
681 3013 766 3093 ipsius
779 3014 875 3074 umbra
885 3015 1050 3097 paralyticos
1061 2959 1201 3089 solidavit,
1214 3030 1240 3075 et
1253 3031 1367 3076 mortem
1378 3015 1431 3075 sol·

53 3094 202 3172 μήσαντες·
218 3098 270 3153 τῶν
283 3093 330 3171 μίν
347 3093 458 3162 ἀνωτίις
468 3097 539 3164 κλεῖς
552 3098 625 3170 εἰλη·
680 3092 734 3165 vit3
753 3095 855 3153 Paulus
875 3094 1118 3155 vestimentissuis
1133 3095 1241 3167 morbos
1256 3095 1391 3178 propulit,
1406 3109 1432 3155 et

53 3173 140 3234 ,κάτω
154 3174 226 3233 λθειν
243 3175 289 3232 καί
309 3175 419 3251 δεσμοῦν
431 3173 479 3240 τδις
494 3176 626 3258 ἁμαρτίας
680 3170 815 3232 daemonas
835 3173 944 3253 fugavit
958 3174 1023 3253 :qui
1044 3174 1071 3233 in
1090 3173 1179 3234 medio
1197 3175 1302 3235 habetis
1318 3188 1430 3235 matrem

53 3277 103 3322 τες.
116 3251 154 3313 Ὦ
175 3261 220 3313 τοῦ
239 3252 342 3313 ἰδιώτου
361 3254 392 3312 τδ
414 3260 518 3330 θαῦμα,
539 3254 561 3313 ιλ
581 3264 627 3316 τοῦ
681 3251 802 3329 Domini,
815 3254 921 3392 etpusto
939 3274 952 3312 s
972 3254 1037 3313 iritu
1050 3255 1114 3313 estis
1137 3255 1314 3336 potentiores:
1331 3254 1432 3315 Paulus

53 3333 183 3413 ἡσορία.
201 3331 317 3410 Πέτρος,
333 3337 347 3392 θ
361 3335 387 3392 ἐν
410 3339 443 3411 τῇ
465 3343 528 3413 σκιᾷ
548 3340 626 3394 αὐτοῦ
679 3329 791 3408 guidem
807 3331 834 3391 in
854 3333 937 3392 elassa
991 3333 1077 3393 clesiae
1091 3333 1227 3412 hirundo;
1251 3336 1347 3394 Petrus
1366 3357 1431 3395 uero

62 3412 189 3493 σμίγγων,
202 3412 247 3471 καί
259 3411 370 3472 θάνατον
383 3411 451 3471 λόων
462 3435 468 3448 ·
479 3414 597 3488 Παῦλος,
612 3418 627 3472 θ
681 3410 740 3470 orbi
762 3426 905 3488 terrarium,
927 3412 1154 3494 quemadmodum
1178 3414 1304 3489 luscinia,
1326 3413 1432 3474 assidue

53 3514 91 3558 οις
107 3496 185 3552 αὐτοῦ
197 3491 336 3568 νοσήματα
353 3489 495 3564 ἐκδιώκων,
509 3493 555 3551 καί
569 3494 627 3552 δαί·
681 3510 792 3550 canem:
807 3490 935 3552 Ecclesia
949 3494 1089 3572 nolumuae,
1102 3515 1199 3575 magna
1211 3495 1305 3554 mundi
1316 3494 1431 3566 lumina,

53 3571 117 3631 όων·
137 3574 161 3631 οἱ
172 3568 226 3640 ιιεἰς
241 3570 319 3649 μέσον
334 3568 382 3642 clu
396 3571 498 3650 μητέρα
508 3578 555 3630 τοῦ
569 3575 625 3632 Κυ-
680 3569 759 3630 vobis
766 3570 836 3631 inter
844 3593 893 3633 vos
900 3573 1105 3654 prestantiores,
1114 3588 1140 3634 et
1149 3574 1244 3653 quavis
1252 3575 1333 3634 simul
1345 3587 1431 3632 creata

58 3651 103 3709 καί
119 3649 250 3754 κρείττους
262 3651 410 3726 πνεύματος
427 3650 528 3710 δικαίου
542 3653 626 3734 ὑπάρ-
681 3663 775 3709 natura
790 3651 999 3712 excellentiores.
1014 3654 1141 3713 Gaudeas
1162 3654 1249 3725 Petro,
1262 3654 1326 3714 fidei
1358 3668 1431 3722 τινας

53 3754 78 3798 ος
92 3736 109 3803 ἡ
123 3753 256 3797 απαυστος
267 3728 378 3809 χελιδὼν
392 3734 440 3800 τῆς
451 3730 625 3802 Ἐκκλησίας·
644 3752 662 3799 c
681 3728 798 3808 gaudeas
809 3732 905 3805 Paule,
919 3731 1046 3792 Ecclesiae
1057 3733 1199 3812 gloriatio:
1231 3735 1330 3792 audeas
1339 3676 1428 3801 leuc,

53 3814 140 3882 ςνεκῶς
158 3815 191 3889 τῇ
210 3809 364 3889 οἰκουμένῃ,
385 3809 505 3890 καθάπερ
527 3809 625 3883 ἀηδῶν,
680 3823 758 3868 recte
773 3809 839 3869 fidei
847 3809 1071 3886 fundamentum
1087 3812 1203 3892 gaudeas
1212 3754 1312 3886 laide,
1327 3811 1429 3870 sollici-

53 3890 159 3957 τίσεως·
184 3891 208 3946 οἱ
232 3889 320 3948 στῦλοι
340 3894 388 3959 τῆς
407 3888 584 3963 Ἐκκλησίας,
601 3895 625 3950 oi
682 3887 747 3946 tudo
761 3887 944 3950 Ecclesiarum
964 3916 970 3947 :
1003 3891 1103 3950 audeas
1115 3889 1430 3969 Petre,gloriaetdecus

53 3968 204 4047 οἰκουμένης
217 3971 366 4049 φωστῆρες,
392 3973 415 4028 ol
430 3969 563 4047 κρείττους
578 3973 626 4029 ἀλ·
680 3967 754 4026 orbis
771 3981 915 4044 terrarum,
926 3913 1042 4048 gaudeas
1055 3970 1146 4045 Paule,
1157 3971 1282 4030 introitus
1290 3968 1410 4051 paradisi
1422 3993 1428 4023 :

53 4048 138 4116 είνους
152 4048 240 4119 πόσης
252 4053 317 4124 ὁμοῦ
328 4052 375 4118 τῆς
387 4047 505 4115 κτίσεως.
516 4048 625 4131 Χαίροις
680 4045 797 4125 gaudeas
810 4050 897 4123 Perre,
918 4049 1087 4109 introductor
1102 4051 1129 4108 in
1152 4070 1264 4128 regnum
1281 4048 1427 4122 calorum

53 4127 156 4194 τίστεως
174 4132 191 4199 ἡ
212 4128 310 4207 πέτρα·
326 4126 429 4206 χαίροις
447 4130 556 4199 Παῦλε,
578 4132 625 4197 τῆς
681 4125 797 4204 gaudeas
808 4127 956 4206 Paule‚qui
969 4128 1130 4206 tranquillus
1141 4141 1431 4210 portnsestempestate

53 4207 70 4266 θ
90 4206 230 4286 καύχημα·
248 4206 351 4288 χαίροις
376 4206 477 4286 Πέτρε,
497 4208 626 4286 ήκρηπίς
677 4206 807 4285 jactatis:
824 4205 939 4286 gaudeas
953 4208 1038 4281 Petre,
1053 4208 1099 4286 qui
1112 4208 1205 4267 multis
1215 4207 1365 4268 laudibusa
1376 4209 1431 4266 Do-

53 4309 80 4354 ς·
95 4231 197 4367 χαόροις
215 4287 324 4356 Παῦλε,
336 4290 353 4356 ἡ
369 4286 484 4387 μέριμνα
496 4291 546 4346 τῶν
559 4288 625 4347 Ἐκ·
681 4285 755 4344 mino
768 4287 922 4347 cumulatus
935 4308 975 4359 es;
988 4286 1104 4366 gaudeas
1117 4287 1208 4356 Paule,
1223 4288 1269 4366 qui
1283 4287 1431 4346 multorum

53 4389 104 4447 ροις
123 4365 225 4447 Πέτρε,
245 4366 276 4425 τδ
295 4367 505 4444 ἐγκαλλωπισμα
521 4370 570 4436 τῆς
589 4370 627 4427 ol·
681 4386 709 4423 es
721 4364 914 4424 charismatum
926 4380 1014 4425 rector
1027 4391 1033 4423 :
1047 4366 1163 4447 gaudeas
1175 4368 1265 4442 Petra,
1280 4366 1327 4447 qui
1339 4381 1432 4426 sancto

56 4444 119 4524 ίροις
133 4447 268 4515 Παῦλε,ἡ
283 4445 380 4511 είαοδος
390 4450 436 4503 τοῦ
452 4446 626 4523 παραδείσου·
682 4443 797 4524 Spiritui
814 4446 917 4519 ter-ven
932 4445 1048 4536 gaudeas
1064 4447 1159 4522 Paule,
1177 4461 1301 4506 strenuus
1314 4469 1429 4506 cursor:

53 4548 76 4597 ι,
90 4529 104 4584 θ
116 4524 278 4604 χειραγωγὸς
301 4529 348 4594 τῆς
370 4524 505 4602 βασιλείας
519 4529 570 4584 τῶν
586 4529 627 4585 οὐ·
681 4523 728 4603 qui
748 4538 839 4583 sancta
857 4524 1046 4605 predicatione
1062 4541 1153 4586 uestra
1168 4541 1255 4587 totum
1268 4527 1361 4587 orbem
1375 4541 1431 4586 ter·

53 4628 88 4672 οις
106 4606 212 4677 Παῦλε,
228 4604 309 4668 εὔδιος
330 4603 412 4680 λιμὴν
432 4609 484 4663 τῶν
503 4609 628 4685 χειμαζ-
682 4624 775 4662 rarum
787 4602 976 4682 illuminastis,
987 4606 1035 4683 qui
1049 4606 1155 4666 infinita
1165 4622 1276 4698 pmpter
1285 4606 1433 4666 Ecclesiam

53 4707 77 4751 ις
96 4682 198 4784 Πέτρε,
217 4688 231 4742 θ
250 4684 355 4742 πολλῶν
374 4683 488 4742 ἐπαίνων
511 4683 629 4752 ἀξιωθεὶς
683 4682 848 4743 sustinuistis
874 4684 959 4758 mala,
985 4687 1137 4745 carceribus
1163 4686 1276 4762 inclusi,
1297 4708 1312 4745 a
1331 4686 1435 4748 Judaeis

53 4786 95 4823 oo·
108 4786 212 4845 χαιροις
234 4765 341 4837 Παῦλε,
357 4765 371 4820 θ
385 4768 437 4822 τῶν
459 4766 563 4823 πολλῶν
578 4788 630 4844 χα-
683 4762 877 4822 abominationi
888 4763 987 4844 habiti,
1000 4785 1016 4823 a
1028 4765 1154 4826 barbaris
1165 4766 1276 4847 indigne
1289 4766 1405 4841 tractati,
1419 4788 1434 4824 a

53 4991 129 5042 marg.
140 4983 202 5036 καὶὴ
216 4981 282 5036 λευκὴ
294 4983 331 5029 καὶ
343 4982 399 5042 ἁγνὴ
413 4981 545 5047 περιστερά.
706 4972 717 5002 ⁶
735 4971 813 5025 savit.
824 4971 850 5025 in
863 4991 942 5044 marg.
953 4983 992 5031 τδν
1004 4986 1100 5049 Χριστίυ
1111 4977 1220 5047 {fga-isra,
1233 4984 1269 5030 καὶ
1282 4984 1321 5030 τοῦ
1333 4981 1435 5043 πνεῦμα·

53 5058 131 5117 ιδοξία.
676 5073 712 5112 τος
724 5063 764 5106 τοῦ
777 5059 841 5119 &plau
853 5057 936 5122 δοχιθα.

53 5148 69 5185 ἰν
82 5137 177 5186 εἰδώλων
188 5139 240 5186 καθ.
251 5129 396 5183 Βσνὶ1.“Μοι
408 5129 511 5198 quidam
524 5139 555 5186 τὰ
566 5138 628 5183 κάτω
709 5139 719 5160 ’
737 5129 775 5183 ΑΙ.
786 5141 907 5213 μυρίζων.Ι
