3750 5940
655 427 689 473 ru
717 427 857 474 noscat.
1052 378 1057 383 Ι
1234 472 1243 483 ,,
1462 408 1536 510 {337

67 549 116 606 οὐκ
136 549 233 620 άληθῆ,
247 547 296 619 τὴν
317 547 447 620 θιόιητα,
473 550 527 607 abb·
552 540 625 614 οὗτος
653 549 734 609 άσεν
793 548 872 607 ilium
933 550 1072 630 rgratiam
1096 551 1223 615 deitatem
1244 544 1535 634 baberunonreratn,

51 625 198 704 θθυόμενον
211 624 278 706 ὑπὲρ
292 630 370 686 αὐτοῦ
389 626 531 706 πρόύατον.
545 630 587 687 Ού
602 627 655 726 γάρ,
668 573 739 706 ίγνω
788 646 875 705 neque
891 569 937 688 iic
956 630 1103 690 masculam
1122 631 1205 692 habet
1219 630 1360 695 victimam
1377 652 1428 715 pro
1444 654 1471 696 se
1485 637 1535 695 im·

52 729 93 764 σει
105 704 231 784 βασιλέα,
244 708 303 765 ἀλλ’
317 707 353 772 είς
368 704 454 786 ἕτερον
468 707 513 766 τθν
527 706 563 784 μὴ
578 729 654 787 ρυσει
669 705 736 783 μηδὲ
790 707 928 766 molatam.
946 711 1007 768 Non
1019 711 1089 770 enim
1109 711 1186 769 novit
1199 732 1271 786 eum,
1288 713 1336 790 qui
1357 728 1454 772 natura
1476 717 1536 774 Rex

51 788 74 866 ίογ
83 783 245 864 περιτρέπει.
258 783 338 844 ’aut
348 785 394 844 καὶ
408 785 433 844 εί
444 810 483 853 τις
492 809 518 844 τι
533 787 563 845 ἐκ
574 791 621 857 τῆς
636 790 736 865 άνθρω-
790 799 840 864 est,
864 786 910 846 sed
925 787 961 845 ad
974 789 1070 860 alium,
1087 789 1134 868 qni
1151 811 1199 849 nec
1215 805 1309 850 natura
1332 813 1380 851 nec
1401 815 1464 853 vere
1486 815 1535 853 rer

59 864 237 938 παλαιότητος
250 867 287 932 εἷς
302 866 324 923 Χ
345 864 417 924 ιστθν
442 864 548 945 ἀνάγει,
572 864 590 936 ἢ
617 866 735 925 θεκτικθν
790 866 836 941 sit,
854 887 882 924 sc
896 868 1037 926 convertit.
1057 868 1111 928 Sed
1124 869 1185 943 etsi
1198 870 1260 948 quis
1275 892 1309 929 ex
1324 870 1440 930 humana
1457 887 1536 931 retu·

51 942 96 1009 ίας
107 943 193 1020 λέγειν
206 945 306 1024 τολμᾷ,
319 889 342 1014 ί
348 942 428 1021 νόμου
443 944 549 1030 δουλείορ
556 946 734 1024 προσ-η’κοντα,
790 957 857 1004 state
868 945 974 1023 aliquid
986 948 1013 1005 in
1028 947 1168 1006 Christum
1184 948 1298 1022 derivat,
1312 950 1357 1010 rel
1370 952 1459 1031 ipsum
1474 973 1536 1032 pec·

51 1022 102 1102 ιίτῳ
116 1026 177 1081 κατ’
196 1022 313 1100 ἀνάγκην
325 1022 505 1100 ὑποκείμενον,
519 1031 592 1090 οὕτος
607 1024 736 1084 ἐνιαύσιον
791 1023 842 1082 cati
859 1045 983 1105 capacem
997 1025 1086 1085 dicere
1095 1026 1185 1096 audet,
1200 1028 1243 1088 vei
1256 1028 1324 1108 legis
1333 1030 1455 1090 servituti
1466 1031 1535 1089 suh-

51 1125 80 1182 ·et
92 1102 123 1161 τὸ
133 1102 276 1182 πρόύατον,
291 1101 349 1161 οὐδὲ
361 1107 408 1173 τῆς
420 1102 573 1175 καινότητος
585 1103 681 1184 ᾔσθετο
690 1108 737 1173 τῆς
787 1103 901 1182 jectum,
913 1120 959 1163 aut
970 1105 1051 1164 morti
1072 1127 1107 1164 cr
1129 1106 1284 1166 necessitate
1309 1109 1477 1189 subjectum3
1490 1109 1537 1169 hic

51 1185 121 1260 ιστῷ.
137 1180 326 1241 Ὑπολτίπεται
340 1186 385 1239 τοῦ
406 1181 538 1262 προύάτου
557 1183 588 1242 τὸ
605 1181 736 1259 σύμύολον
755 1189 772 1234 θ
790 1183 946 1241 anniculum
970 1205 1024 1243 non
1048 1184 1129 1243 habet
1145 1206 1257 1262 agnum,
1281 1208 1367 1266 neque
1389 1189 1537 1248 novitatem

51 1266 84 1319 οῦ
108 1259 197 1341 ἐρίρου
222 1266 395 1331 κατανοῆσαι.
415 1259 495 1320 Ἐστι
521 1263 608 1320 τοίνυν
633 1260 665 1321 τὸ
689 1260 737 1338 μίν
791 1261 867 1320 ittam
881 1263 972 1337 sensit,
986 1285 1046 1341 quae
1056 1277 1096 1323 est
1107 1264 1134 1322 in
1151 1264 1268 1325 Christo.
1281 1267 1375 1325 Restat
1388 1281 1419 1325 ut
1435 1281 1462 1326 et
1473 1268 1535 1346 agni

51 1363 110 1412 ιτον,
133 1339 202 1399 κατὰ
234 1339 278 1398 τθν
307 1338 432 1409 Ἡσαΐαν,
455 1339 598 1413 ἠπιότητος
621 1345 670 1412 τῆς
692 1349 738 1402 τοῦ
791 1354 817 1398 ct
830 1341 904 1400 boedi
913 1342 1071 1422 symbolum
1083 1343 1259 1421 intelligatur.
1273 1344 1321 1404 Est
1335 1345 1419 1422 igitur
1438 1367 1535 1425 agnus,

51 1423 82 1476 οῦ
105 1418 251 1496 σύμόολον·
270 1417 320 1485 Ὦς
337 1417 471 1500 πρόύατον
492 1419 544 1499 γάρ
570 1418 614 1480 ἐπί
634 1419 737 1500 σφαγὴν
792 1420 940 1480 secundum
959 1422 1068 1499 isaiam,
1082 1423 1295 1482 mansuetudinis
1311 1424 1412 1483 Christi
1426 1426 1538 1505 symbo-

76 1497 122 1555 καί
143 1502 179 1565 ὡς
199 1497 281 1575 ἀμνὸς
302 1499 416 1556 ἐναντίον
434 1506 481 1559 τοῦ
501 1500 636 1579 κείραντος
661 1500 737 1559 αύτθν
792 1497 850 1559 lum
863 1523 869 1556 :
882 1521 946 1560 nam
958 1502 1038 1561 Sicut
1047 1505 1109 1560 ovis
1121 1504 1164 1560 ad
1176 1505 1351 1562 occisionem
1362 1506 1467 1563 duetus
1482 1517 1535 1577 est,
1550 1530 1606 1574 teat.
1617 1531 1654 1577 5³.
1665 1546 1687 1591 7,

51 1599 82 1642 ς·
107 1577 194 1656 ἔριφος
220 1576 249 1635 θέ
275 1576 345 1636 κατὰ
371 1577 414 1637 τθν
442 1576 531 1656 νόμον,
560 1577 627 1657 ὑπὲρ
650 1580 738 1658 ἁμαρ-
792 1592 819 1636 et
837 1583 913 1638 sieut
931 1602 1025 1659 agnus
1046 1602 1145 1640 coram
1159 1584 1297 1640 tondente
1309 1604 1341 1641 se
1354 1596 1462 1642 mutus.
1474 1583 1538 1643 Hoe·

51 1663 118 1733 ίμα·
132 1657 252 1737 Χίμαραν
264 1655 332 1735 γὰρ,
343 1653 431 1735 φησίν,
446 1656 472 1723 ἐξ
488 1657 568 1736 αἰγῶν
583 1658 644 1737 περί
653 1659 739 1740 ἁμαρ·
792 1657 845 1717 dus
859 1679 923 1718 vero
943 1658 1090 1719 secundum
1110 1661 1207 1739 legem,
1222 1674 1262 1719 est
1281 1661 1391 1721 victima
1412 1682 1462 1742 pro
1475 1684 1538 1743 pec·

51 1735 209 1815 [Ιροσαχθείς
219 1727 263 1795 ούν
273 1735 364 1808 ἤπιος,
375 1739 411 1801 ὡς
421 1735 563 1817 πρόόατον,
575 1736 641 1820 ὑπὲρ
653 1739 738 1839 ἁμαρ
792 1751 852 1796 cato
864 1761 871 1794 ε
883 1741 1018 1810 Hoedum,
1033 1739 1136 1816 inquit,
1152 1762 1188 1798 ex
1209 1745 1306 1830 capris
1328 1763 1382 1821 pro
1404 1756 1535 1821 peccate.
1547 1766 1619 1809 coare.
1634 1763 1655 1807 5.
1664 1760 1688 1806 6.

50 1839 73 1881 ις
86 1814 200 1894 χίμαρος
220 1814 255 1873 ὢν
270 1815 390 1887 τέθυται,
407 1813 450 1873 διὰ
464 1819 511 1886 τῆς
524 1815 667 1887 ἠπιότητος
680 1818 739 1884 θους
793 1816 908 1876 Oblatus
919 1839 983 1896 ergo
995 1832 1149 1878 mansuetus
1161 1833 1191 1877 ut
1204 1841 1274 1895 ovis,
1287 1820 1365 1898 quasi
1382 1819 1478 1880 hadas
1489 1843 1539 1901 pro

51 1896 100 1960 ιείς
108 1886 623 1975 τλντῶνάνθρώπωνσιυτηρίαν·ἧςεὐξώ
660 1902 738 1954 θατυ·
792 1910 901 1975 peceato
923 1896 1077 1956 immolatus
1104 1911 1157 1970 est,
1181 1919 1213 1956 ac
1234 1920 1283 1978 per
1305 1899 1537 1959 mansuetudinem

53 1971 80 2031 ιθ
92 1974 206 2041 πίστεως
218 1973 264 2032 καί
277 1973 438 2052 άγάπηςτοῦ
447 1973 575 2040 παθόντος
589 1920 737 2054 ύπίύὴμῶν
794 1995 871 2033 snam
894 1996 950 2035 me
971 1976 1073 2037 obtulit
1091 1976 1126 2035 ad
1145 1979 1260 2036 salntem
1282 1977 1434 2055 hominum,
1458 1988 1539 2057 qoam¹

51 2051 204 2122 υἸησοῦΧ
224 2058 313 2126 ιστοῦ,
327 2053 360 2111 δι’
374 2043 404 2110 ού
418 2053 463 2110 καί
475 2056 567 2130 μεθ’.ο
597 2057 636 2133 τῷ
650 2053 739 2133 Πατρί
794 2055 919 2132 consequi
939 2076 1078 2135 preoemur
1092 2078 1139 2136 per
1153 2056 1234 2115 iidem
1248 2069 1274 2114 et
1287 2057 1458 2116 dilectionem
1475 2062 1540 2121 Jesu

51 2156 75 2205 ι,
99 2130 146 2190 σὺν
169 2077 236 2212 ἁγίῳ
257 2129 412 2210 Πνεύματι,
435 2133 472 2200 εἰς
495 2130 554 2198 τοθς
576 2135 673 2201 αἰῶνας
687 2138 739 2193 τῶν
794 2134 895 2192 Christi
908 2133 955 2212 qui
971 2154 1066 2215 passus
1080 2148 1119 2194 est
1128 2156 1177 2216 pro
1190 2136 1277 2211 nobis,
1288 2158 1336 2217 per
1349 2158 1430 2215 quem
1441 2152 1467 2196 et
1478 2159 1540 2197 curn

51 2232 79 2273 ιν.
93 2209 185 2289 Ἀμήν.
794 2233 848 2291 quo
859 2212 934 2273 Patri
944 2212 1042 2293 gloria,
1056 2235 1162 2294 unaque
1172 2215 1288 2297 Spiritui
1299 2229 1392 2277 sancto
1402 2217 1432 2278 in
1442 2218 1540 2277 saccula

795 2291 966 2354 saeculorum.
980 2295 1076 2353 Amen.

179 2625 227 2690 Εἰς
238 2623 269 2683 τὸ
283 2624 355 2703 ἅγιον
369 2623 474 2704 πάσχα.
492 2621 526 2702 β’.
751 2621 788 2723 ²2²⁸
977 2627 1014 2683 In
1026 2637 1161 2685 sanctum
1175 2628 1304 2685 Pascha.
1319 2630 1362 2684 ΙΙ.

58 2811 112 2865 τῶν
127 2809 242 2884 νομικῶν
259 2805 348 2865 τύπων
366 2805 471 2886 εὔλογον
487 2806 530 2866 ἐπὶ
549 2812 596 2879 τῆς
618 2806 743 2880 ἀληθείας
840 2806 951 2886 Legales
964 2807 1058 2885 figurae
1074 2807 1246 2867 rationabiles
1264 2821 1290 2866 et
1308 2807 1415 2868 veritati
1431 2829 1543 2869 consen·

51 2909 105 2945 ται·
116 2877 169 2945 οἷον
181 2886 212 2944 τὸ
226 2885 337 2964 ἄμωμον
352 2877 419 2944 εἶναι
439 2887 469 2946 τὸ
488 2886 631 2990 πρόύατον,
652 2885 743 2966 ὥσπερ
764 2939 765 2942 ,
798 2899 881 2945 taneae
898 2899 1040 2966 apparent,
1056 2898 1086 2943 ot
1101 2885 1173 2963 quod
1187 2908 1272 2966 agnus
1286 2886 1321 2945 sit
1335 2887 1543 2961 immaculatus,

51 2970 79 3024 οῦ
97 2965 191 3065 πάι-γα
207 2964 299 3024 θυσίαν
317 2971 331 3025 ὁ
352 2965 430 3043 νόμος
453 2970 602 3046 ἐχρησατο·
616 2965 647 3025 eb
664 2967 742 3046 άῤῥεν
797 2986 879 3044 quam
893 2965 1002 3024 Paschae
1023 2965 1163 3023 victimam
1180 2966 1226 3024 lex
1241 2965 1404 3042 adhibebat5
1422 2966 1494 3045 qnod
1510 2969 1545 3027 sit

51 3044 97 3113 ,τθ
108 3048 235 3104 ἐνιαυσιον
247 3037 328 3118 εἶναι,
339 3044 369 3104 τὸ
384 3044 482 3123 δεκάτῃ
492 3053 538 3104 τοῦ
551 3045 631 3123 μηνὸς
646 3044 743 3125 ληρθέν
799 3043 949 3118 masculus,
973 3043 1046 3121 qnod
1064 3043 1206 3103 anniculus
1214 3089 1222 3121 ,
1238 3044 1312 3122 quod
1327 3044 1431 3104 decima
1448 3048 1546 3106 mensis

52 3124 243 3224 ρεσκαιδεκάτς,
264 3121 370 3183 θύεσθαι
386 3124 451 3204 πρὸς
470 3123 593 3205 ἑσπέραν,
608 3125 638 3183 τὸ
658 3128 691 3205 ἀρ
711 3123 742 3198 ἦν
799 3137 911 3204 captus,
924 3122 1029 3181 decima
1048 3136 1144 3200 quarta
1160 3123 1195 3181 ad
1210 3145 1350 3205 vesperam
1368 3124 1544 3202 immoletur,

51 3208 121 3261 ισθαι
135 3208 233 3279 μηνῶν,
247 3203 327 3274 ἡνίκα
342 3203 372 3262 τὸ
392 3203 486 3284 πάσγα
508 3205 632 3262 ἐτελεῖτο.
649 3205 744 3262 Παντα
799 3216 883 3292 ιιῐιγυυΙ
902 3215 933 3260 ut
955 3223 1016 3260 eum
1036 3202 1139 3261 Pascha
1161 3202 1365 3277 celebrabatur,
1387 3202 1415 3262 id
1439 3205 1547 3265 initium

51 3288 121 3341 ἀῦτα
133 3287 158 3341 ἐν
173 3284 281 3418 Χριστρ
292 3281 338 3340 καί
348 3285 385 3361 τῷ
399 3287 445 3340 τοῦ
459 3284 574 3364 Χριστοῦ
584 3280 662 3341 πάθει
676 3283 745 3342 συνί·
800 3301 932 3340 mensium
965 3293 1142 3418 reputaretur.
1173 3281 1238 3341 Haec
1269 3283 1372 3364 quippe
1402 3283 1490 3342 omnia
1519 3307 1547 3344 rn

51 3387 68 3419 ιι
81 3361 126 3420 καί
137 3365 222 3434 ἀληθῆ
235 3384 269 3418 κα
290 3363 490 3438 άναγκαῑα,καὶ
504 3364 562 3420 καθ’
574 3361 654 3421 ἑαυτὰ
667 3360 745 3439 λόγον
801 3360 909 3419 Christo
918 3359 978 3419 etin
1017 3360 1097 3419 hristi
1106 3360 1229 3441 passione
1243 3376 1377 3436 constant,
1389 3376 1414 3421 et
1428 3366 1545 3438 verane·

66 3441 157 3501 ούδένα
179 3440 302 3500 δύναται·
327 3440 380 3500 οὐδ’
403 3439 433 3498 θιν
459 3439 557 3522 εὕροιεν
582 3442 606 3498 οἱ
630 3440 744 3520 Χριστὸν
801 3438 967 3518 cessariaque
989 3453 1070 3515 sunt;
1092 3440 1239 3503 secundum
1269 3461 1297 3499 se
1323 3454 1414 3501 autem
1436 3443 1549 3502 seorsim

51 3527 125 3587 θντες
153 3523 222 3579 ἀπολ
256 3519 330 3597 ισμθν
359 3520 520 3592 ποιήσασθαι
545 3518 606 3600 περί
636 3519 746 3595 τούτων,
801 3533 905 3595 sumta,
920 3519 1024 3578 nullam
1036 3532 1148 3599 possunt
1159 3519 1258 3578 babere
1269 3520 1411 3593 rationem.
1425 3521 1469 3581 ltti
1484 3544 1548 3583 vero

52 3600 150 3672 ιθάξαι,
164 3598 208 3657 tit
223 3623 239 3657 τ
269 3606 353 3658 ταῦτα
370 3598 533 3681 ,προσέταξεν
556 3604 570 3658 ὁ
590 3598 673 3666 θεός·
690 3600 745 3661 ὥθ’
841 3599 847 3610 ’
864 3597 1004 3658 Christum
1021 3598 1162 3678 ignorant,
1186 3599 1262 3659 nulio
1277 3599 1358 3659 modo
1374 3600 1433 3660 haec
1452 3602 1547 3660 desen-

51 3704 81 3759 γε
94 3677 160 3744 ὅλως
174 3676 241 3738 τίνα’
255 3678 341 3737 αἰτίαν
363 3677 419 3759 ἔχει
431 3679 461 3738 τθ
477 3678 567 3738 θυσίαν
582 3678 673 3760 ἐπίτῇ
689 3700 746 3739 συ·
763 3692 782 3741 Β
801 3618 848 3737 3⁸¹¹
881 3677 1005 3759 possint,
1030 3699 1115 3757 neque
1139 3677 1234 3738 docere
1255 3699 1305 3737 cur
1324 3680 1371 3738 illa
1393 3681 1549 3767 praeceperit

51 3762 119 3817 :rain
133 3758 307 3839 πρωτοτόκων
322 3756 425 3838 ὁρίσαι,
441 3759 486 3817 καί
522 3783 588 3839 ρισιν
600 3763 645 3817 τοῦ
659 3756 746 3838 ripere
801 3757 994 3836 Deustneque
1008 3755 1064 3816 ullo
1092 3758 1222 3837 explicari
1238 3757 1318 3816 modo
1331 3773 1430 3838 possit,
1447 3781 1495 3818 cur
1508 3760 1549 3818 vi·

51 3837 79 3896 ιτί
95 3846 152 3904 ταῖς
174 3836 282 3904 εἰσόδοις
295 3837 474 3909 ποιήσασθαι·
489 3782 557 3896 τίδὲ
581 3837 688 3920 ἰσχυρὸν
710 3839 748 3907 τίς
800 3836 883 3897 etima
895 3858 945 3916 pro
955 3836 1039 3894 salute
1048 3836 1288 3917 primogenitorum
1300 3837 1487 3926 praecipiatur,
1500 3860 1548 3896 cur

51 3921 86 3976 ῶν
99 3916 273 3998 πρωτοτόκων
288 3916 420 3998 σωτηρίαν
434 3922 451 3988 ἡ
465 3920 517 3975 τῶν
532 3917 654 3994 θυμάτων
675 3940 747 3998 σιρα-
802 3916 894 3974 unctio
914 3916 1053 3993 sanguinis
1073 3915 1101 3972 in
1124 3915 1243 3988 foribus3
1264 3936 1347 3992 quam
1369 3937 1426 3974 vim
1451 3917 1548 3976 habeat

51 3996 67 4055 :i
80 3995 108 4056 δὲ
120 4001 261 4076 ἀναγκαῖον
274 4001 291 4066 ἡ
302 3997 348 4054 τού
362 3995 473 4073 αἵματος
485 4004 573 4076 χρῑσις
587 3999 624 4064 εἰς
638 4005 748 4074 σημεῖον
802 3993 958 4054 adsalutem
971 3992 1212 4074 primogenitorum
1225 3992 1396 4052 victimarum
1409 3996 1545 4075 mactatio,

51 4079 91 4134 τῶν
108 4079 215 4152 οἰκιῶνς
232 4074 337 4153 Θεόςγέ
357 4099 398 4134 τοι
413 4075 459 4134 καί
479 4076 539 4134 ἄνευ
563 4074 679 4153 σημείων
700 4074 747 4142 τὰς
802 4094 849 4132 ουτ
861 4073 1008 4132 necessaria
1020 4073 1054 4131 sit
1068 4093 1114 4131 san
1135 4073 1207 4131 uinis
1221 4073 1313 4131 unctio
1328 4073 1362 4131 ad
1380 4074 1548 4154 signumdu-

51 4154 109 4213 τίων
123 4154 263 4234 ἐγίνωσκεν
281 4153 380 4222 οἰκίας·
397 4152 465 4214 ὥστε
482 4155 631 4232 θαυμαστὸν
651 4155 681 4214 τθ
700 4153 746 4213 λέ·
803 4172 919 4211 morum.
936 4151 1089 4211 Deusenim
1104 4093 1205 4231 absque
1216 4152 1237 4211 si
1260 4151 1300 4211 nis
1315 4152 1489 4213 Hebraeorum
1500 4155 1548 4214 do·

59 4232 181 4314 Όθομαι
197 4234 227 4294 τὸ
240 4225 321 4312 α’ίμα,
335 4234 380 4293 καί
397 4234 522 4294 σκεπάσαι
540 4237 617 4312 ὑμᾶς.
633 4233 747 4314 ’λνάγων
803 4254 861 4291 mos
880 4245 1007 4308 noverat,
1025 4246 1056 4290 ut
1069 4231 1169 4290 mirum
1190 4232 1225 4290 sit
1242 4233 1246 4243 '
1273 4231 1329 4289 od:
1347 4234 1457 4292 Videbo
1476 4255 1547 4294 san·
1558 4255 1635 4301 rma.
1648 4265 1682 4295 ιι.

50 4314 258 4384 ίταῦταείςτὴν
276 4314 412 4385 ἀλήθειαν,
426 4314 456 4372 τὸ
472 4313 576 4394 εύλογον
593 4317 678 4373 αὐτῶν
692 4317 736 4372 ἐπι
802 4315 921 4392 guinem
942 4324 970 4369 et
986 4324 1139 4392 protegam
1159 4332 1223 4370 uos.
1247 4310 1301 4382 Qui
1320 4325 1410 4370 autem
1432 4312 1490 4372 haec
1513 4314 1549 4373 ad
1564 4317 1598 4362 ¹31

51 4415 89 4464 ει,
112 4393 232 4475 καθάπερ
246 4393 290 4451 ἐπί
305 4398 358 4451 τῶν
374 4393 461 4452 ἄλλων
484 4398 536 4452 τῶν
552 4391 749 4473 προειρημένων
806 4392 944 4450 veritatem
955 4389 1100 4449 deduxerit
1125 4410 1207 4468 quam
1219 4390 1379 4451 rationabile
1389 4392 1443 4450 sint
1467 4413 1549 4472 agna·

51 4495 123 4550 ιμκν.
137 4475 193 4531 Τοῦ
203 4471 255 4554 γάρ
265 4472 377 4550 ἀμώμου
396 4471 509 4549 θύματος
525 4473 591 4552 ὑπὲρ
606 4477 684 4551 ἡμῶν
697 4471 750 4532 πά-
805 4485 872 4546 scet,
887 4483 918 4529 ut
939 4469 966 4537 in
990 4491 1072 4551 supra
1091 4434 1172 4528 <betis
1193 4469 1256 4528 aliis
1280 4469 1455 4531 ostendimus.
1480 4475 1551 4533 Cum

51 4573 100 4623 τος,
115 4557 128 4610 θ
143 4555 172 4610 ἐκ
181 4557 226 4610 τοῦ
243 4550 451 4633 πρωτοπλάοτου
466 4551 557 4612 λύεται
568 4552 690 4626 θάνατος,
705 4552 750 4610 καί
805 4551 876 4610 enim
890 4548 1062 4608 immaculata
1075 4549 1184 4608 victima
1199 4549 1336 4629 pronubis
1349 4551 1465 4630 patitur,
1479 4574 1551 4613 mors

51 4635 118 4690 ταιθ
137 4631 302 4713 πραιτόγονος
315 4631 451 4712 ἄνθρωπος
474 4634 500 4691 ἐν
518 4637 582 4711 ἡμῖν
603 4642 685 4691 πᾶσιν
704 4631 751 4698 ὢν,
805 4630 925 4711 aprimo
947 4628 1056 4688 bomine
1074 4628 1183 4686 inducta
1198 4628 1328 4709 solvitur,
1344 4644 1370 4688 et
1388 4631 1551 4711 primogeni-

51 4709 121 4770 τάσει
138 4719 184 4770 τοῦ
208 4709 307 4793 Κυρίου
329 4709 541 4790 ζωογονούμενος.
567 4711 683 4779 Δικαίως
701 4709 752 4790 γάρ
806 4724 848 4768 tus
865 4710 960 4786 bomo,
977 4709 1023 4786 qui
1038 4709 1066 4766 in
1079 4707 1156 4767 nobis
1169 4707 1296 4793 omnibus
1307 4723 1362 4782 est,
1376 4711 1489 4769 salutem
1502 4713 1551 4770 ob·

51 4791 84 4848 :bv
100 4788 231 4872 inpropriae
249 4791 294 4849 καί
309 4790 420 4849 θανάτου
436 4789 497 4863 ζωὴ
512 4800 621 4868 σημεῖον
635 4800 689 4859 τοῖς
703 4814 752 4868 με·
805 4789 886 4867 tinet,
914 4786 1105 4847 resurreetione
1139 4786 1250 4846 Domini
1280 4788 1443 4848 vivificatus.
1476 4791 1552 4851 Jnste

51 4893 69 4936 ,ς
88 4873 166 4928 αὐτοῦ
180 4870 309 4948 σωτήριον
326 4869 436 4948 γίνεται.
451 4870 504 4929 Καί
519 4869 585 4952 πρὸς
598 4877 674 4930 τοῦτο
685 4870 753 4938 Θεθς
771 4884 789 4931 c
806 4888 921 4947 namque
938 4867 1012 4941 rita,
1034 4887 1094 4946 quae
1118 4865 1200 4927 solvit
1215 4882 1353 4948 peccatum
1367 4882 1393 4926 et
1416 4884 1550 4942 mortem,

51 4953 94 5018 iia,
108 4948 186 5016 σώζει
201 4947 259 5015 τοὺς
273 4948 460 5030 κεχρισμένους
474 4953 545 5029 αύτῷ
568 4948 611 5007 διὰ
625 4949 753 5017 πίστεως,
807 4950 827 5006 si
850 4969 914 5007 num
932 4946 1049 5006 salutare
1070 4967 1099 5005 se
1119 4945 1343 5027 participantibus
1365 4946 1489 5007 efficitur.
1516 4950 1554 5009 Et

51 5028 125 5095 ίλλως
139 5027 298 5106 δυναμένους
309 5033 452 5110 ἀποφυγεῖν
460 5028 504 5088 τὸν
519 5028 627 5096 δικαίως
638 5029 753 5111 τιμωρθν
807 4969 848 5086 ati
864 5028 916 5086 boc
934 5025 1077 5106 respiciens
1092 5028 1183 5099 DcuS‚
1205 5041 1292 5085 servat
1310 5047 1353 5083 eos
1375 5024 1422 5103 qui
1442 5027 1490 5086 illo
1506 5048 1553 5109 per

51 5113 101 5181 λον,
116 5109 138 5166 εί
153 5105 190 5186 μὴ
203 5106 247 5167 διὰ
260 5116 305 5168 τοῦ
315 5106 510 5260 γρηλανθρύιπυς
523 5107 675 5188 ἐκχυθέντος
689 5109 755 5189 ὑπὲρ
807 5106 891 5166 fidem
904 5106 978 5165 uncti
996 5118 1075 5179 sunt,
1093 5105 1140 5182 qui
1157 5126 1212 5171 ‚non
1226 5104 1280 5164 alio
1301 5103 1381 5195 modo
1394 5121 1506 5195 possunt
1516 5108 1554 5165 ei-

51 5186 190 5264 ιαίματος.
203 5186 303 5267 Ὁρᾷς,
364 5212 378 5246 ν
395 5187 451 5268 ίχει
462 5186 511 5259 τὴν
526 5187 636 5268 δύναμιν
648 5192 662 5247 θ
676 5187 754 5255 τύπος
808 5188 900 5265 sugere
921 5186 1046 5265 angelum
1061 5185 1166 5264 justum
1184 5182 1338 5263 vindicem,
1355 5204 1405 5242 nrsr
1432 5207 1481 5266 per
1494 5207 1554 5244 san-

125 5302 196 5341 τοιιι.
220 5303 291 5341 vrrr.
1376 5282 1410 5338 ot
