3750 5940
78 444 219 495 rarxuur.
244 421 293 493 at.
321 442 451 493 nxxvu.
779 416 849 491 525

72 572 91 620 Ε
105 581 134 627 et
144 588 226 650 reges
237 568 394 641 Memini,
409 566 645 653 &flagellabunt
660 586 716 626 uos
727 569 760 624 in
772 586 847 643 syn·

106 664 224 741 agogis?
238 679 358 739 curergo
368 658 417 734 ait,
427 657 479 718 Ao
496 661 581 717 initio
597 677 657 716 non
673 658 758 717 dr‘re‘t
777 657 851 732 Quia

105 752 216 811 verbera
227 764 254 811 et
266 750 441 811 abductiones
452 749 631 833 praedixerat,
647 770 700 809 non
716 764 803 811 tamen
812 752 851 811 si-

106 844 281 925 gnificaverat
294 843 394 903 caedem
407 865 499 903 aarum
514 844 551 903 ita
567 841 642 901 cordi
656 844 714 902 sore
728 840 853 904 hostibus

106 950 137 995 ut
150 958 206 997 rem
224 935 351 995 divinum
373 935 476 995 cultum
489 957 546 994 csse
559 948 693 1017 putarent.
708 935 767 995 lloc
779 937 852 996 enirn

106 1029 224 1088 maxime
234 1028 294 1087 illos
311 1027 444 1087 deterrere
457 1042 569 1110 poterat,
584 1027 607 1087 si
621 1042 759 1106 tamquam
774 1027 854 1111 impii

107 1136 132 1181 ct
141 1120 285 1204 perniciosi
294 1135 370 1181 erant
381 1120 533 1203 judicandi.
545 1121 588 1180 Ad
596 1121 736 1195 bucnero,
749 1134 854 1181 tuneea

108 1234 168 1293 quae
181 1234 196 1271 a
210 1214 356 1293 gentilibus
376 1212 480 1295 passtru
495 1227 570 1273 erant
583 1213 780 1295 praenuntiabat
785 1235 795 1289 ;
808 1212 855 1274 hie

109 1328 172 1368 vem
184 1304 300 1368 iudaice
314 1304 431 1379 addidit,
442 1319 469 1365 et
482 1326 544 1365 cum
562 1306 663 1386 majore
676 1304 855 1383 vehementia,

68 1396 254 1489 &docuitque
267 1397 294 1456 in
304 1397 395 1479 januis
410 1397 456 1457 illa
475 1419 540 1459 esse.
554 1398 644 1458 Nunc
657 1409 757 1457 autem
775 1399 857 1457 vado

76 1505 96 1549 a
110 1492 223 1550 adeum
234 1493 287 1573 qui
300 1512 346 1550 me
356 1495 446 1564 misit,
457 1486 485 1551 et
496 1510 580 1551 mmo
591 1512 627 1551 ex
639 1493 726 1551 uobis
734 1494 857 1550 interro·

108 1596 161 1664 gat
183 1604 239 1656 me,
255 1585 319 1663 Quo
341 1585 517 1645 oadis?Sed
540 1588 612 1665 prtia
635 1586 697 1643 doec
720 1584 858 1665 quurttrts

110 1699 175 1738 sum
188 1681 284 1751 vobis,
302 1681 423 1738 tristitia
437 1679 568 1759 implevit
580 1699 632 1738 cor
640 1691 782 1737 oestrum.
796 1680 858 1739 Non

110 1790 194 1850 parva
207 1768 266 1830 lraec
279 1770 426 1830 consolatio
441 1784 507 1848 erat,
522 1768 597 1851 quod
608 1770 659 1851 ipsi
675 1768 771 1828 seirent
782 1790 860 1830 nosse

111 1862 191 1920 illurn
210 1876 312 1942 quanto
329 1862 357 1922 in
377 1882 491 1922 moerore
504 1863 679 1922 essent.Nam
695 1861 857 1945 pesaurie-

110 1969 173 2031 tatc,
197 1956 233 2014 ob
253 1954 401 2015 discessum
424 1957 482 2037 ejus
494 1968 522 2015 et
542 1955 614 2015 mula
632 1955 704 2037 ipsu
721 1954 859 2031 invasura,

114 2069 173 2127 qua
188 2049 356 2109 utrumserre
364 2047 646 2131 possentiguorahant,
656 2046 763 2108 attoniti
774 2060 859 2108 ment.

59 2175 60 2183 κ
116 2142 171 2200 Cur
186 2162 240 2201 non
252 2141 325 2202 dixit
334 2141 391 2202 illis
400 2156 505 2224 postea,
520 2162 584 2201 curu
598 2154 758 2223 aecepenrnt
768 2139 858 2223 Spiri-

115 2248 174 2293 tum
187 2232 329 2295 sanctum?
344 2236 383 2294 Ut
399 2233 488 2294 discas
500 2233 563 2294 illos
574 2233 634 2314 jam
649 2232 677 2293 in
691 2231 795 2293 vinute
807 2230 860 2291 fir-

59 2359 61 2368 ·
115 2340 201 2387 matos
212 2327 301 2388 strum.
314 2326 344 2388 si
358 2326 430 2387 enim
443 2325 565 2387 nondum
577 2325 683 2408 Spiritu
692 2323 797 2407 dignati
807 2344 861 2386 non

59 2432 61 2463 ;
115 2420 276 2497 mittar-uu,
286 2421 349 2481 lieet
368 2419 478 2480 tristitia
495 2419 598 2493 obruti,
611 2418 699 2499 cogita
714 2418 808 2499 quales
817 2418 862 2479 fu·

59 2528 61 2548 ¹
80 2511 97 2558 ¹³
115 2513 171 2571 turi
181 2527 258 2573 erant
269 2512 357 2593 gratia
372 2512 477 2594 repleti.
492 2513 562 2571 Nam
574 2511 598 2571 si
618 2525 683 2573 tunc
702 2510 746 2571 his
759 2509 862 2571 auditis

115 2626 172 2663 rem
186 2606 321 2682 tulissent,
337 2619 425 2665 totum
440 2604 557 2687 Spiritui
573 2618 759 2686 reputaremus
772 2628 778 2661 :
790 2624 863 2663 nune

59 2707 61 2745 :
116 2717 181 2755 vero
199 2710 271 2761 totus
283 2697 379 2757 animae
393 2718 487 2757 eorum
500 2697 605 2757 fructus
623 2709 674 2773 est,
695 2709 722 2755 et
738 2696 812 2755 clara
827 2716 863 2756 ex

59 2807 61 2817 ’
116 2786 188 2847 nuda
201 2790 291 2848 anima
309 2789 421 2870 profecti
443 2787 543 2848 amoris
564 2809 628 2869 erga
652 2786 792 2848 Christum
811 2787 861 2849 de·

59 2888 62 2921 ²
116 2881 284 2940 monstratio.
301 2883 328 2940 t.
341 2881 399 2941 Sed
423 2902 476 2963 ego
502 2884 659 2941 veritatem
675 2882 742 2941 dico
763 2883 860 2941 vobis.

59 2999 61 3013 ·
116 2971 189 3033 Vide
202 2974 339 3053 quomodo
358 2995 469 3033 rursum
486 2974 640 3033 consolatur
656 2973 728 3034 illos.
741 2975 803 3035 Non
826 2974 864 3035 ad

115 3066 231 3145 gratiam
258 3068 369 3147 loquor,
392 3067 495 3146 inquit3
513 3066 562 3126 sed
582 3066 688 3127 etiamsi
712 3066 864 3127 admodum

115 3160 319 3236 contristemini,
332 3160 407 3240 quod
422 3159 535 3242 expedit
547 3158 715 3220 audiendum
731 3172 783 3221 est.
804 3160 863 3223 Vos

59 3261 61 3295 ῑ
116 3265 145 3311 ut
161 3251 251 3311 adsim
272 3253 382 3334 optatis,
404 3274 470 3312 usus
488 3251 565 3313 aliud
578 3253 707 3334 postulat.
722 3250 863 3313 curatoris

115 3360 206 3404 autem
227 3358 277 3420 est,
302 3365 354 3404 non
380 3365 476 3425 parere
497 3343 643 3422 amicis,si
669 3344 780 3423 quando
803 3364 863 3405 nm

59 3448 60 3459 ¹
115 3436 168 3495 sibi
183 3434 278 3496 utilem
293 3437 414 3496 amoveri
426 3435 521 3497 veiint.
544 3437 577 3497 Si
595 3456 648 3517 ego
667 3457 727 3496 non
748 3440 860 3511 attera,

59 3546 61 3552 ’
77 3535 97 3583 c
115 3531 291 3589 Paracletus
301 3551 360 3588 non
375 3533 485 3589 veniet.
500 3528 575 3604 Quid
588 3529 634 3589 hic
645 3528 803 3606 dicuntilli,
815 3529 862 3610 qui

59 3639 61 3647 ’
115 3621 150 3681 de
167 3623 273 3704 Spiritu
292 3643 345 3682 non
367 3636 438 3682 recte
452 3623 590 3682 sentirent?
603 3623 750 3705 expeditne
767 3620 888 3687 Domi-¹¹

59 3704 61 3743 ;
115 3735 182 3773 num
194 3713 281 3788 abire,
296 3728 323 3773 et
338 3735 449 3773 servum
463 3714 575 3774 venire?
591 3714 693 3775 Viden'
711 3730 811 3794 quamn
828 3698 888 3777 sit¹¹

59 3840 60 3851 κ
116 3806 235 3885 Spiritus
257 3804 396 3884 dignitas?
409 3806 441 3864 St
454 3819 553 3864 autem
572 3808 682 3880 obiero,
697 3811 813 3866 mittam
826 3808 864 3867 it·

59 3916 61 3924 ·
117 3898 178 3955 lum
192 3899 234 3956 ad
246 3917 311 3956 vos.
329 3895 420 3975 Ecqua
436 3894 500 3954 hinc
513 3895 636 3955 utilitas?
647 3896 675 3956 8.
689 3898 763 3957 Cum
774 3919 865 3958 oene-

59 4021 61 4030 ·
116 3994 155 4048 rit
172 3991 237 4062 ille,
256 4001 360 4069 argreet
381 3989 536 4058 anundum
552 3986 581 4045 id
601 4002 652 4064 est,
671 3990 732 4048 Non
753 3989 865 4071 impune

59 4098 61 4105 ·
116 4080 864 4162 haeesacient,siillevcnerit.Quaejamiactasuntenim,

59 4179 63 4221 :
116 4190 191 4235 erant
212 4176 247 4235 ad
264 4175 401 4235 silentium
417 4173 484 4255 ipsis
498 4173 694 4256 imponendum
708 4175 773 4236 satis
783 4200 790 4233 s
801 4198 865 4237 cum

59 4295 60 4303 ¹
116 4283 206 4327 arrtcm
224 4269 281 4328 hacc
295 4289 343 4348 per
359 4266 440 4325 illum
454 4267 524 4326 sacta
544 4266 653 4339 suerint,
668 4267 866 4349 perfectiorque

59 4363 61 4374 '
116 4361 239 4420 doctrina
250 4374 276 4419 et
290 4360 391 4440 majora
406 4358 537 4417 miracula
550 4357 662 4437 surerint,
677 4359 765 4420 multo
777 4359 865 4443 mgis

59 4455 62 4495 ῖ
115 4455 329 4528 damnabuntur,
348 4465 388 4512 tot
409 4465 535 4532 tantaque
561 4451 686 4513 videntes
707 4452 736 4514 in
755 4454 866 4517 nofflne

59 4558 61 4564 ’
116 4570 176 4609 meo
196 4547 271 4624 iieri;
290 4546 364 4626 quod
389 4546 531 4606 clariorem
550 4544 641 4605 reddit
660 4547 864 4610 resurrectionis

59 4661 62 4683 ³
115 4644 377 4706 demonstrationem.
392 4646 471 4704 Nune
485 4643 559 4703 enim
573 4641 665 4704 disere
682 4657 808 4726 possunt,
820 4646 862 4706 fa·

59 4740 61 4763 ¹
115 4751 159 4809 bri
174 4749 264 4808 filium
279 4770 344 4826 esse,
355 4748 432 4829 cujus
444 4767 493 4806 nos
506 4759 612 4828 patrem
625 4757 651 4806 et
662 4749 863 4810 matremnovi·

59 4832 61 4927 f
115 4873 192 4910 mus:
205 4872 268 4910 cum
289 4848 409 4909 viderint
428 4861 519 4907 autem
533 4846 650 4907 solutam
664 4861 787 4927 mortem,
801 4850 863 4932 pul·

59 4943 61 4955 ¹
115 4974 173 5012 sam
195 4952 339 5028 malitiam,
355 4948 551 5009 claudicantem
564 4963 689 5009 naturam
704 4962 776 5009 recte
790 4949 863 5015 ince-

59 5032 60 5111 ἶ
116 5056 232 5133 dentem,
242 5055 347 5133 fugatos
357 5052 503 5129 dumanas,
511 5052 670 5110 immensam
679 5050 797 5132 Spiritus
808 5051 863 5111 lar·

59 5202 61 5210 .
116 5157 257 5237 gitionem,
274 5169 301 5213 ct
313 5155 372 5214 iraec
393 5152 510 5214 nominis
526 5153 579 5212 mci
598 5150 770 5212 invocatione
788 5151 861 5212 fieri:

59 5295 61 5302 ,
116 5256 184 5336 quid
200 5256 309 5317 dicent?
322 5255 522 5316 Testimonium
542 5250 735 5382 perhibuippie
754 5272 798 5314 me
812 5253 865 5314 Ps-
