3750 5940
305 456 308 461 .
384 417 416 463 tu
444 414 641 463 autucuutus
666 411 888 462 tuntcrtouts.
1343 390 1413 491 867

51 535 177 609 πλλύθη·
189 538 218 596 ού
231 535 362 616 σιύύμιθοι
372 537 403 598 τδ
416 541 479 618 φῶς·
488 534 559 619 λύγῳ
568 535 620 616 γάρ
673 533 756 595 limus
773 533 887 611 eaelnmg,
909 554 972 594 nam
987 533 1058 595 sicut
1071 536 1162 599 sumus
1183 537 1323 598 firmatum
1336 540 1389 600 tuit
1404 566 1411 600 ε

51 619 89 676 ὀύ
98 616 229 694 σεύύμεύα
240 616 289 687 τὴν
300 617 423 689 σελήνην·
433 640 470 698 οχ
511 641 554 675 ατι
567 613 620 697 γάρ
635 626 654 673 c
673 634 725 673 non
739 613 852 673 colimus
875 611 1090 692 firmamentum,
1105 617 1179 694 quod
1197 618 1321 698 crystalli
1339 641 1415 682 more

51 695 181 774 σεύύμεθα
191 695 238 768 πλν
250 695 350 775 parth
361 695 485 775 ύδατοςγ
506 721 520 777 ρ
534 697 619 754 άντιλ-
672 693 759 752 lixum
774 706 813 753 est
830 717 836 750 ι
853 714 906 752 non
925 694 1039 755 colimus
1049 695 1148 770 lucem,
1160 718 1220 775 quae
1238 697 1324 757 -t’erbo
1343 700 1413 761 facta

51 776 132 854 ύμιύα
145 776 175 835 τὸ
186 781 254 854 πῦρ·
265 777 353 835 ύλικδν
366 775 417 856 γάρ
432 776 464 835 τδ
480 784 618 855 στοιχεῖον·
671 785 727 849 ett5
739 794 791 832 non
801 772 905 850 lunam,
921 795 981 852 quae
995 775 1084 854 figura
1097 775 1347 854 quadamornatur5
1358 801 1413 840 non

51 880 92 915 ιεν
110 855 141 915 τδ
162 854 247 934 ύδωρ·
264 854 357 937 ῥέουσα
373 855 425 938 γὰρ
442 856 562 936 ἡφύσις·
588 857 618 913 ού
672 865 780 927 terram,
793 873 853 930 quae
866 874 901 911 cx
914 874 983 931 aqua
1004 868 1125 914 extracta
1148 856 1221 933 tuit3
1238 877 1292 915 non
1312 857 1412 937 iguem,

51 934 172 1017 ιχρύνφι·
183 937 232 1015 οὐχ
245 935 340 1008 ἔστηκε
354 934 419 1016 γάρ,
430 938 489 996 ἀλλ’
506 935 619 1017 άφέστα-
670 932 808 991 materiale
817 932 916 1014 quippe
927 947 966 993 est
976 933 1153 1011 clementum3
1168 957 1221 995 oon
1235 957 1344 1015 aquam,
1360 939 1413 998 tlu-

51 1021 117 1092 μεθα
139 1014 188 1085 τὴν
206 1015 308 1093 ἡμέραν
326 1040 332 1053 ·
348 1015 465 1085 διατάξει
486 1013 537 1095 γάρ
559 1015 619 1073 δου-
670 1032 734 1070 xam
748 1026 887 1085 naturam
906 1034 959 1072 non
972 1027 1089 1105 tempus,
1109 1015 1182 1095 quod
1203 1037 1256 1075 non
1281 1030 1344 1094 stat,
1365 1019 1413 1080 sed

61 1094 148 1176 χρόνῳ
167 1105 251 1176 γηρᾷ,
270 1095 316 1155 καὶ
331 1094 424 1175 χρόνος
443 1094 510 1172 μετὰ
529 1093 618 1154 πάντα
669 1090 806 1151 abscedit:
819 1112 872 1151 non
883 1092 997 1152 colimus
1010 1093 1094 1168 diem,
1108 1117 1168 1174 quae
1178 1095 1344 1155 ordinationi
1357 1119 1412 1157 ser-

66 1176 142 1250 μόνος
156 1174 334 1248 παλαιότητος
351 1173 548 1257 άνώτερος·καλ
562 1173 617 1232 tet·
670 1169 728 1246 vit;
754 1170 844 1230 omnia
866 1172 968 1253 quippe
991 1187 1111 1254 tempore
1133 1189 1282 1251 senescunt,
1305 1191 1413 1257 etpost

51 1253 184 1321 υντελεέας
197 1255 295 1336 ἡμέρα.
307 1252 438 1326 Ἕλληνες
452 1254 502 1334 μδν
513 1244 557 1314 ούν
571 1255 616 1314 καὶ
669 1249 759 1309 omnia
773 1263 878 1330 tempus
891 1252 981 1332 ipsum
1001 1253 1128 1330 senescit,
1145 1257 1219 1314 Deus
1232 1268 1325 1314 autem
1343 1277 1413 1317 unus

51 1333 104 1413 λφολ
117 1334 242 1412 ἀνομίας,
253 1341 300 1394 τοῦ
314 1332 437 1393 &roselon
450 1335 484 1394 ςλ
498 1334 616 1414 λάφυρα,
670 1330 743 1388 senio
758 1330 881 1420 superior
906 1346 966 1391 est.-
987 1332 1069 1412 idque
1085 1333 1249 1394 demonstrat
1264 1334 1322 1394 dies
1348 1357 1412 1395 con·

54 1419 88 1471 τὰ
106 1413 216 1491 ἔγγονα,
231 1417 279 1486 τῆς
295 1413 397 1486 πλάνης
408 1414 443 1472 τά
461 1414 617 1495 θρέμματα,
668 1410 863 1468 summationis.
889 1412 1010 1472 Gentiles
1031 1427 1101 1473 certe
1120 1428 1146 1472 et
1170 1413 1257 1476 Judaei
1273 1415 1414 1493 iniquitate

51 1516 68 1558 :t
88 1497 106 1562 ἡ
127 1491 266 1573 πώρωσις,
280 1496 328 1565 τῆς
349 1493 455 1574 γεέννης
476 1499 501 1553 οἱ
523 1516 616 1553 ναοτο-
667 1488 762 1549 stanes
779 1505 850 1564 sunt,
863 1490 965 1550 diaboli
981 1493 1124 1567 manubiae,
1139 1495 1242 1573 peccati
1255 1496 1354 1575 proles,
1369 1517 1411 1554 er·

51 1597 65 1639 ς
86 1576 134 1642 τῆς
154 1574 289 1643 ιἰσεύεέοις,
304 1577 328 1633 οἱ
348 1573 399 1632 υἱοὶ
421 1576 469 1645 τῆς
491 1574 615 1652 κατάρας.
668 1569 737 1627 roris
749 1569 864 1646 alumni,
881 1571 1027 1650 impietatis
1040 1574 1156 1648 cacitas,
1176 1587 1263 1632 nauta*
1283 1575 1365 1633 duces
1375 1575 1412 1634 ad

51 1650 155 1715 έποισαν
188 1652 338 1726 δυσσεύῶς,
361 1652 454 1724 ἐπειδὴ
480 1677 498 1734 φ
530 1661 615 1713 νούσιν
669 1648 827 1726 gehennam,
842 1665 976 1732 serpentes
998 1651 1156 1732 impictatis,
1171 1652 1222 1711 filii
1243 1653 1411 1714 maledictio-

51 1729 82 1790 δν
100 1730 148 1803 τὴν
173 1733 275 1805 πλάνην
296 1731 459 1809 τιμάτωοαν,
484 1676 551 1792 ellel
572 1732 615 1792 τὸν
631 1745 650 1790 1)
669 1727 721 1787 nis.
735 1728 770 1787 lli
784 1730 850 1789 festo
864 1730 948 1811 impie
966 1730 1108 1805 eelebrent,
1122 1732 1185 1823 quia
1208 1733 1331 1813 improbe
1348 1755 1411 1794 sen-

51 1833 120 1881 ισαν,
131 1811 176 1869 καὶ
193 1811 312 1914 ἑκάτεροι
331 1815 368 1878 εἰς
386 1811 420 1869 τύι
440 1814 543 1895 πονηρὰ
561 1837 616 1892 μα-
668 1806 740 1866 tiuut
755 1808 801 1867 :hi
811 1830 926 1870 errorem
937 1810 1078 1882 honorent,
1094 1812 1135 1871 ilh
1146 1812 1410 1892 legemconculoent,

59 1890 222 1962 συνήλλαξαν
240 1895 307 1975 γαρῖ
323 1890 446 1951 Ἰουδαῖοι
469 1916 506 1950 πα
524 1896 532 1919 ’
552 1891 616 1952 Ἑλ·
668 1899 694 1945 et
708 1888 814 1967 utrique
832 1911 874 1949 res
889 1891 1002 1948 nefarias
1015 1889 1120 1950 discant
1130 1916 1140 1968 φ
1157 1914 1220 1951 uam
1234 1906 1329 1951 mutuo
1343 1914 1410 1952 eon·

51 1996 53 2013 .
77 1968 126 2042 ςὴν
157 1972 389 2051 ςιδιιιλολατρεύαν,
415 1971 461 2030 καὶ
485 1917 617 2045 ’ἕλληνις
668 1967 795 2027 sentiunt.
809 1968 896 2031 Jodaei
910 1969 1081 2049 agentilibus
1092 1970 1282 2045 idololatriam,
1298 1973 1410 2051 gentiles

51 2073 64 2107 ν
85 2049 115 2107 rh
137 2072 159 2106 π
208 2059 367 2123 ητοκτονεῑν·
387 2054 412 2109 οἱ
430 2050 552 2111 Ἰουδαῖοι
564 2052 616 2135 γάρ
668 2068 683 2103 a
706 2046 809 2108 ludaeis
830 2049 1023 2130 prophetarum
1047 2050 1131 2110 credes
1154 2051 1327 2110 didicerunt:
1347 2073 1410 2114 nam

60 2137 150 2187 πᾶσαν
160 2072 332 2233 phlegmate
358 2128 522 2198 ἐπεδείξαντο
547 2133 616 2191 πλά-
667 2125 757 2186 Judaei
771 2127 798 2187 in
810 2129 869 2207 lege
883 2150 989 2188 omnem
1000 2130 1140 2208 gentilium
1150 2152 1266 2191 errorem
1278 2131 1410 2192 exhibue-

64 2211 229 2285 ἀγανακτεῖς,
238 2235 261 2270 ω
270 2210 486 2280 Ἰουδαῖι,τσῦτα
497 2212 615 2287 ἀκούων,
667 2226 705 2263 re.
718 2208 823 2268 Verum
834 2207 995 2288 indignaris,
1011 2232 1026 2268 o
1040 2209 1145 2286 Judaee,
1159 2211 1227 2270 dum
1241 2210 1297 2269 haec
1306 2210 1409 2270 audis?

51 2317 53 2340 ι
73 2286 193 2367 πράξεις,
204 2291 249 2349 καὶ
270 2289 307 2365 μὴ
323 2289 469 2369 χαλέπαινε
489 2290 554 2373 πρὸς
568 2293 657 2364 clm,
667 2285 762 2364 Cogita
775 2287 892 2348 actiones
913 2294 989 2364 tuas,¹
1002 2303 1029 2348 et
1050 2291 1268 2370 reprehensiones
1284 2311 1317 2349 ne
1340 2311 1362 2348 te

51 2367 98 2446 γὰρ
108 2369 155 2426 οὐκ
172 2369 414 2448 εἰδωλολάτρησας,
427 2367 485 2428 εἰπέ
495 2394 556 2449 μοις
567 2374 613 2431 Ἐν
630 2383 647 2425 a
666 2363 743 2424 seras.
756 2366 886 2445 Ubinam,
901 2389 1002 2446 quaeso,
1017 2367 1090 2428 idola
1104 2391 1156 2429 non
1169 2369 1295 2428 coluisti?
1310 2371 1341 2428 ln
1363 2311 1411 2429 dil

51 2471 91 2525 γον
108 2447 281 2525 ἐχάλκευσας,
293 2448 561 2529 τροπαιοφορούμενος
575 2456 614 2532 τῷ
666 2458 737 2503 serto
745 2445 864 2506 vitulum
873 2448 1006 2523 conflasti,
1017 2464 1077 2529 post
1088 2461 1221 2529 tropaeum
1231 2449 1410 2540 beelphegori

51 2526 167 2599 ιλέούης,
185 2531 211 2586 ἐν
228 2533 261 2607 τῇ
278 2527 428 2586 Μωαύίτιδι
441 2532 479 2607 τῷ
497 2529 614 2607 edgar(
665 2521 785 2584 initiatus
795 2548 830 2602 es,
842 2526 870 2586 in
882 2526 1034 2586 Moabitide
1049 2528 1228 2587 Thamatzum
1240 2526 1409 2603 adorastt,in

64 2608 137 2682 ἐντῇ
157 2607 323 2686 Παλαιστίνῃ
343 2611 382 2687 τῷ
395 2606 490 2687 Δαγὼν
507 2609 612 2668 §eosta-
664 2600 806 2664 Palaestina
821 2607 926 2697 Dagoni
937 2607 1068 2665 sacrificia
1081 2607 1212 2680 obtulisti,
1228 2608 1255 2667 iu
1270 2607 1409 2668 Phoenicia

53 2689 116 2764 ῃτῇ
131 2682 261 2766 Ἀστάρτη
276 2687 487 2785 ἐλάτρευσας,ἐν
508 2691 611 2769 αἰχμα-
663 2685 787 2744 Astarten
805 2684 924 2760 coluisti,
942 2685 970 2744 in
985 2707 1013 2745 ca
1037 2685 1140 2746 tivitate
1166 2687 1331 2746 Chamozum
1343 2688 1408 2747 ado-

51 2770 96 2831 ιῶς
117 2766 323 2846 προοεκύνησας.
348 2766 550 2846 Ελειψετύπος,
565 2773 611 2829 οὐχ
663 2762 738 2821 rasti.
762 2765 866 2823 Defecit
880 2766 965 2841 locus,
978 2708 1034 2825 sel
1045 2788 1097 2825 non
1118 2766 1214 2825 deserit
1236 2765 1408 2827 detestandus

51 2845 98 2902 hel
118 2850 194 2905 τοῦτο
209 2847 254 2905 καλ
271 2846 317 2913 τδς
335 2845 427 2913 ἑορτὰς
445 2849 518 2922 ὑμῶν
537 2859 610 2925 μισεῖ
662 2840 758 2902 cultus.
773 2843 909 2903 ldeosesta
921 2856 1008 2902 vestra
1020 2845 1078 2905 odit
1092 2845 1234 2904 Dominus.
1250 2844 1407 2906 audierim
1599 2916 1602 2920 Δ

51 2948 116 2983 ,κοοε
129 2923 181 3004 γὰρ
198 2933 244 2986 τοῦ
260 2917 395 3006 προφήτου
406 2925 542 3005 λέγοντος,
558 2953 607 3006 με.
662 2922 822 3003 prophetam
836 2922 970 2984 dicentem
983 2947 990 2980 ι
1004 2924 1078 3002 Odi,
1093 2924 1173 3005 rejeci
1189 2924 1254 2984 festa
1268 2939 1365 3002 vestra,
1380 2940 1407 2986 ct
1416 2931 1475 2980 nat.
1487 2946 1506 2980 ι·
1520 2935 1556 2990 14·

51 3027 106 3080 μοι
126 3003 172 3070 cle
191 3004 283 3086 ἑορτάς
305 3008 389 3083 ὑμῶν,
401 3004 446 3063 καὶ
464 3009 493 3064 οὐ
511 3005 548 3082 μὴ
568 3011 609 3067 εὖ.
663 3020 715 3059 non
726 3000 844 3062 delector
853 3003 880 3062 in
890 3001 1197 3064 festivitatibusvestris.
1210 3006 1298 3064 Omne
1305 3006 1407 3086 quippe

51 3084 250 3167 ςπανηγύρεσιν
266 3090 350 3163 ὑμῶν.
373 3084 500 3164 Πᾶσαγλ
531 3087 607 3166 ἑορτὴ
661 3079 760 3139 festum
777 3080 934 3143 Judaeorum
948 3081 1154 3142 caedesintlueit.
1170 3086 1244 3143 Dum
1257 3084 1405 3164 jejunares,

51 3187 84 3230 »υς
103 3165 229 3264 ἐπήγαγε.
248 3163 404 3237 Νηστεύων,
421 3164 465 3224 τὸν
487 3109 608 3227 tineosos
662 3159 970 3242 Nabuthemlapidasti3
982 3160 1124 3222 dumsesta
1136 3163 1292 3238 celebrares,
1306 3165 1405 3224 isaiam

51 3242 128 3315 άζων,
137 3246 180 3304 τὸν
205 3243 308 3302 Ησαέαν
324 3240 449 3322 ἔπρισας·
459 3246 608 3328 πανηγυρί-
662 3259 734 3298 serra
741 3239 940 3315 secuisti3dum
949 3240 1132 3300 celebritatem
1145 3264 1246 3323 ageres,
1259 3244 1406 3303 Jeremiam

51 3321 99 3381 ,ίαν
111 3327 146 3389 εἰς
155 3324 253 3383 λάκκον
268 3322 437 3403 κατέρριψας.
450 3325 526 3392 Εἰςκ
545 3325 608 3393 ίσςις
661 3317 689 3376 in
700 3318 789 3410 lacum
804 3319 950 3411 conjecisti.
966 3319 1010 3380 td
1018 3320 1122 3400 judicia
1135 3334 1161 3380 ct
1170 3343 1274 3461 pugnas
1282 3322 1406 3403 improbe

51 3401 116 3464 ισέως
137 3404 306 3476 ἐνήστευοοις·
328 3405 482 3462 καιπαλῶν
537 3429 608 3464 νκι-
657 3398 805 3479 jejunasti:
822 3399 969 3481 incrapula
982 3421 1090 3460 versans
1104 3422 1193 3460 aream
1236 3401 1270 3460 eli
1284 3415 1405 3484 tempore

63 3480 127 3541 ’llll
147 3427 373 3564 παρέδωκας,τδν
394 3480 520 3555 Ἰωάννην
542 3488 609 3544 ἀπε·
660 3478 817 3558 prodidisti,
831 3493 857 3539 et
881 3482 1012 3540 Joannem
1033 3480 1121 3561 capite
1145 3481 1284 3540 truncasti.
1308 3481 1338 3541 Si
1355 3482 1405 3544 tali

51 3609 53 3618 ,
82 3569 190 3621 τοιαῦτα
216 3561 360 3642 ἑορτάζεις,
383 3558 413 3620 τὸ
442 3566 543 3642 θρηνεῖν
567 3587 608 3623 σοι
661 3558 817 3618 modofesta
827 3559 955 3637 celebras,
971 3580 1020 3639 par
1030 3568 1070 3619 cst
1084 3574 1110 3619 te
1120 3561 1219 3640 lugere.
1237 3563 1293 3621 Nos
1305 3582 1347 3621 res
1362 3561 1405 3624 di-

51 3650 80 3708 εἰς
94 3641 122 3700 δὲ
145 3643 301 3722 ἑορτάζομεν
324 3646 380 3700 θεῖα
401 3640 447 3698 καλ
472 3643 608 3722 παράδοξα
624 3649 642 3696 Β
661 3638 740 3699 vinas
760 3653 785 3697 et
804 3638 942 3699 mirabiles
955 3640 1129 3713 celebramus,
1141 3655 1296 3722 martyrum
1319 3656 1405 3702 cena-

51 3744 58 3777 ι
82 3720 221 3803 μαρτύρων
242 3721 302 3787 τοὺς
320 3721 428 3793 ἄθλους,
441 3724 493 3780 τῶν
512 3723 607 3804 ταφέν-
661 3718 919 3793 mina‚seutltorum
932 3719 1070 3791 victorias,
1087 3741 1180 3778 eorum
1195 3719 1242 3798 qui
1266 3741 1320 3779 non
1340 3743 1403 3780 am-

53 3845 60 3871 ,
80 3805 131 3858 τῶν
154 3801 190 3877 μὴ
210 3801 349 3881 ὁρωμένων
373 3799 407 3858 τδι
429 3800 533 3874 δίκτυα,
555 3808 607 3863 τῶν
660 3798 734 3878 plius
742 3741 872 3857 videntur
883 3797 958 3873 retia,
971 3797 1164 3857 dissolutorum
1179 3797 1341 3859 medicinam
1353 3823 1360 3856 ι
1374 3802 1402 3860 in

51 3903 71 3950 ιν
93 3880 225 3961 ἰατρείαν
242 3884 267 3939 ἐν
290 3878 404 3961 πρώτοις
424 3887 469 3939 τοῦ
490 3884 606 3965 Χριστοῦ
659 3877 755 3956 primis
771 3877 871 3936 Christi
884 3892 910 3937 et
924 3877 973 3935 Dei
988 3877 1130 3950 miracula,
1143 3899 1202 3954 quae
1230 3879 1402 3957 roptersalu-

72 3957 105 4018 τὰ
131 3959 268 4036 θαύματα,
289 3959 306 4017 t
330 3956 374 4017 διδ
393 3957 441 4029 τὴν
460 3960 526 4036 ἐμὴν
548 3986 606 4020 σω-
659 3969 714 4015 tcm
725 3899 1402 4018 meambomoiaetusedidit:deincidt'eroservo-

51 4063 74 4106 ος
94 4039 206 4118 γεγονὼς
225 4038 387 4107 ἐξετελεσεν·
404 4030 451 4097 εἷθ’
466 4039 533 4098 odem
553 4046 606 4101 τῶν
659 4057 721 4093 rum
738 4036 796 4114 ejus
820 4057 965 4106 aerumnam
984 4035 1113 4116 Stephani
1128 4033 1264 4115 lapidibus
1278 4051 1401 4097 ornatam

66 4117 98 4177 τά
122 4119 211 4190 πάθη·
233 4125 279 4178 τοῦ
303 4118 439 4198 Στεφάνου
461 4118 507 4178 τὸν
529 4123 604 4180 λιθο·
659 4135 793 4189 coronam,
809 4114 920 4193 gloriosi
945 4113 1083 4173 Laurentii
1104 4127 1203 4196 tropaea
1223 4130 1315 4175 contra
1328 4138 1401 4177 mor-

51 4222 122 4271 ινον,
140 4204 185 4256 τοῦ
209 4197 309 4266 ἐνδόξου
328 4197 489 4278 Λαυρεντέου
507 4198 541 4259 τά
556 4223 605 4260 κοι-
657 4209 712 4254 tem
739 4209 834 4270 erecto,
860 4197 945 4253 Annae
961 4193 1145 4272 virginitatem
1168 4194 1273 4253 nullum
1294 4218 1401 4275 passam

51 4277 158 4350 νόπαια,
179 4281 227 4349 τῆς
253 4277 345 4348 ’Λννης
365 4277 413 4349 τὴν
439 4278 604 4359 ἀναυάγητον
656 4273 836 4353 naufragium.
853 4275 878 4333 Ο
896 4273 1056 4332 Trinitatem
1072 4273 1215 4332 Trinitatis
1226 4275 1398 4364 praeconem!

59 4357 133 4437 τριδις
148 4358 253 4438 τριάδος
271 4356 399 4457 alpem
417 4357 530 4438 λείψανα
550 4364 603 4418 τῶν
656 4354 809 4432 oreliquias
823 4352 972 4413 dolentium
990 4351 1165 4414 medicinam!
1182 4375 1324 4413 octnerem
1341 4356 1400 4415 sou-

51 4464 54 4495 :
74 4436 216 4517 φάρμακα,
236 4435 259 4495 ὢ
281 4460 351 4504 κονις
374 4436 448 4517 πηγὴ
473 4437 602 4516 ἰαμάτων,
656 4449 710 4494 tem
723 4432 994 4495 medicamentorum!
1014 4455 1031 4493 o
1051 4432 1163 4492 domum
1176 4433 1235 4491 caeli
1249 4434 1400 4514 pulchritu-

51 4521 77 4575 ού
101 4517 132 4575 τδ
156 4518 251 4585 κάλλος
274 4516 444 4594 μιμούμενος.
455 4516 535 4577 Ἀλλὰ
556 4519 602 4578 καὶ
656 4516 746 4575 dinem
758 4513 916 4573 imitantem.
930 4513 985 4574 Sed
999 4527 1025 4572 ct
1037 4511 1126 4593 ipsum
1148 4512 1326 4573 inanimatum
1346 4515 1398 4574 cle

51 4603 115 4664 (εῖον
135 4601 153 4668 ἡ
174 4597 294 4655 θάλασσα
311 4597 451 4668 ἀλαλήτοις
471 4600 521 4678 βοᾷ
538 4597 603 4678 πρὸς
656 4609 776 4655 mentum
790 4614 863 4652 mare
875 4591 933 4653 sinc
952 4590 1057 4672 loquela
1068 4593 1166 4652 clamat
1188 4591 1223 4651 ad
1245 4615 1303 4653 vos.
1321 4597 1399 4654 Post-

51 4665 128 4743 [τοὺς
149 4675 316 4750 συνδούλους,
336 4674 441 4760 κηρύξω
463 4676 538 4756 κάγὼ
558 4677 601 4736 τδν
619 4672 637 4720 C
656 4695 737 4755 quam
751 4695 893 4733 conservos
902 4669 1040 4752 redargui,
1052 4693 1101 4752 ego
1114 4692 1223 4763 quoque
1243 4674 1399 4754 praedicabo

54 4759 128 4835 βαρεῖ
143 4779 177 4832 με
198 4755 228 4814 τὸ
249 4755 320 4833 ἴχνος
334 4763 380 4815 τοῦ
398 4754 518 4815 πλάστου
525 4757 602 4838 ,ἁγι-
656 4754 814 4815 Dominum.
839 4756 899 4812 Non
921 4773 963 4810 me
983 4765 1108 4843 premunt
1132 4752 1249 4832 Opificis
1272 4754 1397 4832 vestigia,

51 4833 107 4900 όδες
129 4836 254 4918 Χριστοῦ.
269 4824 389 4906 Μωύσῆς
413 4833 527 4973 irpeas,
542 4836 603 4896 ἀλλ’
657 4833 786 4915 mepedes
794 4833 895 4892 Christi
905 4832 1081 4892 sanctificant.
1093 4834 1202 4912 Moyses
1215 4854 1257 4891 mc
1275 4832 1396 4910 discidit,

51 4913 176 4973 ιινἸωνᾶν
189 4914 439 4995 ἐρρύφησα,τοῦτον
469 4915 510 4993 lp
530 4914 600 4976 ίττω·
655 4914 778 4975 hievero
791 4909 1097 4973 sanctificavitrlouam
1105 4910 1243 4986 absorbui,
1255 4912 1326 4970 burm
1346 4935 1398 4970 rcr-

51 5017 140 5065 ινηοα,
157 4995 215 5053 ἄλλ’
234 4997 263 5052 οὐ
277 4996 367 5071 τολμῶ
385 4993 503 5077 προοὸλέ
544 4999 602 5078 ιτῷ
656 4992 892 5055 horrese02illum
909 4993 967 5050 Noe
986 4991 1115 5051 fluctibus
1129 4990 1278 5071 exagitavi,
1300 4935 1346 5049 setl
1365 5014 1398 5050 no

51 5097 130 5133 κοπον
152 5072 294 5132 πλάσαντι.
314 5071 383 5132 Ποσλ
401 5072 449 5145 τὴν
467 5073 602 5136 θάλασσαν
656 5072 787 5155 respicere
799 5071 911 5151 quidem
919 5068 1006 5130 audeo
1018 5092 1090 5142 urm,
1098 5069 1145 5150 qui
1156 5091 1237 5128 mauu
1247 5090 1296 5127 sua
1311 5070 1398 5129 homi-

51 5151 123 5234 ρανδν
143 5156 181 5234 τῷ
199 5151 282 5233 ύρύνιρ
301 5149 422 5226 ἐδόξατε,
437 5151 486 5224 τὴν
499 5157 549 5235 γῆν
568 5159 602 5235 τῇ·
656 5174 718 5213 nem
734 5151 871 5213 formauit.
885 5148 1003 5210 Pedibus
1017 5172 1090 5210 marc
1102 5148 1289 5224 sanctificavit,
1302 5149 1398 5209 caelum

53 5255 90 5308 νι,
104 5233 149 5293 τὸν
169 5232 235 5313 ᾅδην
248 5230 292 5292 διὰ
302 5237 348 5293 τοῦ
367 5232 449 5314 τύφου
466 5231 602 5314 δφύιτισεν.
656 5232 754 5295 tluono
765 5253 815 5292 suo
826 5228 913 5312 gloria
924 5230 1027 5310 offecit,
1039 5243 1136 5290 terram
1150 5227 1279 5311 presepio
1289 5228 1398 5291 decora·
