<?xml version="1.0" encoding="UTF-8"?>
<!DOCTYPE html PUBLIC "-//W3C//DTD XHTML 1.0 Transitional//EN"
    "http://www.w3.org/TR/xhtml1/DTD/xhtml1-transitional.dtd">
<html xmlns="http://www.w3.org/1999/xhtml" xml:lang="en" lang="en">
 <head>
  <title>
</title>
<meta http-equiv="Content-Type" content="text/html;charset=utf-8" />
  <meta name='ocr-system' content='tesseract 3.04.00' />
  <meta name='ocr-capabilities' content='ocr_page ocr_carea ocr_par ocr_line ocrx_word'/>
</head>
<body>
  <div class='ocr_page' id='page_1' title='image "./sanctipatrisnos02chrygoog_0442.png"; bbox 0 0 3750 5940; ppageno 0'>
   <div class='ocr_carea' id='block_1_1' title="bbox 51 430 834 525">
    <p class='ocr_par' dir='ltr' id='par_1_1' title="bbox 51 430 834 525">
     <span class='ocr_line' id='line_1_1' title="bbox 51 430 834 525; baseline -0.003 -13"><span class='ocrx_word' id='word_1_1' title='bbox 51 467 101 516; x_wconf 84' lang='lat' dir='ltr'>uc.</span> <span class='ocrx_word' id='word_1_2' title='bbox 130 448 202 514; x_wconf 76' lang='lat' dir='ltr'>oxi:</span> <span class='ocrx_word' id='word_1_3' title='bbox 225 439 272 513; x_wconf 87' lang='lat' dir='ltr'>al.</span> <span class='ocrx_word' id='word_1_4' title='bbox 301 462 356 510; x_wconf 84' lang='lat' dir='ltr'>nx.</span> <span class='ocrx_word' id='word_1_5' title='bbox 550 430 552 433; x_wconf 63' lang='grc'><strong>’</strong></span> <span class='ocrx_word' id='word_1_6' title='bbox 765 432 834 525; x_wconf 72' lang='grc'>417</span> 
     </span>
    </p>
   </div>
   <div class='ocr_carea' id='block_1_2' title="bbox 58 578 991 5124">
    <p class='ocr_par' dir='ltr' id='par_1_2' title="bbox 96 578 839 1215">
     <span class='ocr_line' id='line_1_2' title="bbox 96 578 837 672; baseline -0.009 -22"><span class='ocrx_word' id='word_1_7' title='bbox 96 594 161 672; x_wconf 82' lang='lat' dir='ltr'>Ego</span> <span class='ocrx_word' id='word_1_8' title='bbox 176 605 205 651; x_wconf 86' lang='lat' dir='ltr'>et</span> <span class='ocrx_word' id='word_1_9' title='bbox 217 593 311 652; x_wconf 82' lang='lat' dir='ltr'>Pater</span> <span class='ocrx_word' id='word_1_10' title='bbox 325 608 416 651; x_wconf 85' lang='lat' dir='ltr'>unum</span> <span class='ocrx_word' id='word_1_11' title='bbox 431 606 541 657; x_wconf 61' lang='lat' dir='ltr'>sumus·</span> <span class='ocrx_word' id='word_1_12' title='bbox 555 603 587 645; x_wconf 86' lang='lat' dir='ltr'>ac</span> <span class='ocrx_word' id='word_1_13' title='bbox 606 583 629 645; x_wconf 88' lang='lat' dir='ltr'>si</span> <span class='ocrx_word' id='word_1_14' title='bbox 646 580 757 663; x_wconf 84' lang='lat' dir='ltr'>diceret,</span> <span class='ocrx_word' id='word_1_15' title='bbox 776 578 837 643; x_wconf 84' lang='lat' dir='ltr'>Non</span> 
     </span>
     <span class='ocr_line' id='line_1_3' title="bbox 97 675 838 762; baseline 0 -22"><span class='ocrx_word' id='word_1_16' title='bbox 97 682 156 740; x_wconf 92' lang='lat' dir='ltr'>ideo</span> <span class='ocrx_word' id='word_1_17' title='bbox 166 682 243 759; x_wconf 80' lang='lat' dir='ltr'>dixi,</span> <span class='ocrx_word' id='word_1_18' title='bbox 257 683 292 742; x_wconf 94' lang='lat' dir='ltr'>ob</span> <span class='ocrx_word' id='word_1_19' title='bbox 303 680 391 740; x_wconf 87' lang='lat' dir='ltr'>Patris</span> <span class='ocrx_word' id='word_1_20' title='bbox 408 679 555 762; x_wconf 85' lang='lat' dir='ltr'>potentiam</span> <span class='ocrx_word' id='word_1_21' title='bbox 575 675 709 736; x_wconf 89' lang='lat' dir='ltr'>neminem</span> <span class='ocrx_word' id='word_1_22' title='bbox 722 690 768 735; x_wconf 66' lang='grc' dir='ltr'>ιδ</span> <span class='ocrx_word' id='word_1_23' title='bbox 781 690 838 740; x_wconf 64' lang='lat'>⁸⁵¹0</span> 
     </span>
     <span class='ocr_line' id='line_1_4' title="bbox 97 765 835 854; baseline -0.012 -23"><span class='ocrx_word' id='word_1_24' title='bbox 97 787 253 854; x_wconf 87' lang='lat' dir='ltr'>rapturum,</span> <span class='ocrx_word' id='word_1_25' title='bbox 275 774 351 852; x_wconf 80' lang='lat' dir='ltr'><strong>quasi</strong></span> <span class='ocrx_word' id='word_1_26' title='bbox 372 773 433 833; x_wconf 80' lang='lat' dir='ltr'>illas</span> <span class='ocrx_word' id='word_1_27' title='bbox 451 791 501 851; x_wconf 76' lang='lat' dir='ltr'>ego</span> <span class='ocrx_word' id='word_1_28' title='bbox 522 789 628 830; x_wconf 83' lang='lat' dir='ltr'>servare</span> <span class='ocrx_word' id='word_1_29' title='bbox 650 786 702 826; x_wconf 94' lang='lat' dir='ltr'>non</span> <span class='ocrx_word' id='word_1_30' title='bbox 721 765 835 826; x_wconf 86' lang='lat' dir='ltr'>valeam.</span> 
     </span>
     <span class='ocr_line' id='line_1_5' title="bbox 96 859 837 949; baseline -0.012 -23"><span class='ocrx_word' id='word_1_31' title='bbox 96 868 167 926; x_wconf 84' lang='lat' dir='ltr'>Nam</span> <span class='ocrx_word' id='word_1_32' title='bbox 180 870 245 949; x_wconf 78' lang='lat' dir='ltr'>Ego</span> <span class='ocrx_word' id='word_1_33' title='bbox 256 879 284 927; x_wconf 88' lang='lat' dir='ltr'>et</span> <span class='ocrx_word' id='word_1_34' title='bbox 295 870 387 927; x_wconf 83' lang='lat' dir='ltr'>Pater</span> <span class='ocrx_word' id='word_1_35' title='bbox 405 887 495 925; x_wconf 86' lang='lat' dir='ltr'>unum</span> <span class='ocrx_word' id='word_1_36' title='bbox 512 882 624 933; x_wconf 85' lang='lat' dir='ltr'>sumus,·</span> <span class='ocrx_word' id='word_1_37' title='bbox 636 859 665 919; x_wconf 94' lang='lat' dir='ltr'>id</span> <span class='ocrx_word' id='word_1_38' title='bbox 675 872 729 936; x_wconf 85' lang='lat' dir='ltr'>est,</span> <span class='ocrx_word' id='word_1_39' title='bbox 743 878 837 918; x_wconf 89' lang='lat' dir='ltr'>secnn·</span> 
     </span>
     <span class='ocr_line' id='line_1_6' title="bbox 96 952 838 1040; baseline -0.011 -22"><span class='ocrx_word' id='word_1_40' title='bbox 96 958 163 1019; x_wconf 93' lang='lat' dir='ltr'>dum</span> <span class='ocrx_word' id='word_1_41' title='bbox 181 959 345 1040; x_wconf 86' lang='lat' dir='ltr'>potentiam:</span> <span class='ocrx_word' id='word_1_42' title='bbox 359 980 423 1019; x_wconf 86' lang='lat' dir='ltr'>nam</span> <span class='ocrx_word' id='word_1_43' title='bbox 442 958 478 1019; x_wconf 92' lang='lat' dir='ltr'>de</span> <span class='ocrx_word' id='word_1_44' title='bbox 496 957 545 1016; x_wconf 88' lang='lat' dir='ltr'>illa</span> <span class='ocrx_word' id='word_1_45' title='bbox 560 955 606 1015; x_wconf 90' lang='lat' dir='ltr'>hic</span> <span class='ocrx_word' id='word_1_46' title='bbox 622 973 711 1013; x_wconf 83' lang='lat' dir='ltr'>sermo</span> <span class='ocrx_word' id='word_1_47' title='bbox 727 964 792 1012; x_wconf 86' lang='lat' dir='ltr'>erat.</span> <span class='ocrx_word' id='word_1_48' title='bbox 807 952 838 1012; x_wconf 91' lang='lat' dir='ltr'>Si</span> 
     </span>
     <span class='ocr_line' id='line_1_7' title="bbox 96 1045 839 1133; baseline -0.011 -20"><span class='ocrx_word' id='word_1_49' title='bbox 96 1066 187 1113; x_wconf 81' lang='lat' dir='ltr'>autem</span> <span class='ocrx_word' id='word_1_50' title='bbox 199 1051 292 1112; x_wconf 87' lang='lat' dir='ltr'>eadem</span> <span class='ocrx_word' id='word_1_51' title='bbox 306 1066 344 1112; x_wconf 85' lang='lat' dir='ltr'>est</span> <span class='ocrx_word' id='word_1_52' title='bbox 358 1050 490 1133; x_wconf 86' lang='lat' dir='ltr'>potentia,</span> <span class='ocrx_word' id='word_1_53' title='bbox 502 1049 592 1132; x_wconf 71' lang='lat' dir='ltr'>palem</span> <span class='ocrx_word' id='word_1_54' title='bbox 602 1061 641 1107; x_wconf 77' lang='lat' dir='ltr'>cst</span> <span class='ocrx_word' id='word_1_55' title='bbox 650 1045 772 1106; x_wconf 68' lang='lat' dir='ltr'>eamd·</span> <span class='ocrx_word' id='word_1_56' title='bbox 782 1067 839 1106; x_wconf 84' lang='lat' dir='ltr'>esse</span> 
     </span>
     <span class='ocr_line' id='line_1_8' title="bbox 96 1137 836 1215; baseline -0.009 -11"><span class='ocrx_word' id='word_1_57' title='bbox 96 1145 281 1205; x_wconf 80' lang='lat' dir='ltr'><strong>substantiam.</strong></span> <span class='ocrx_word' id='word_1_58' title='bbox 305 1147 375 1206; x_wconf 89' lang='lat' dir='ltr'>Cum</span> <span class='ocrx_word' id='word_1_59' title='bbox 396 1145 468 1205; x_wconf 90' lang='lat' dir='ltr'>enim</span> <span class='ocrx_word' id='word_1_60' title='bbox 492 1143 579 1203; x_wconf 88' lang='lat' dir='ltr'>multa</span> <span class='ocrx_word' id='word_1_61' title='bbox 597 1142 713 1200; x_wconf 72' lang='lat' dir='ltr'>facerunt</span> <span class='ocrx_word' id='word_1_62' title='bbox 731 1137 836 1215; x_wconf 77' lang='lat' dir='ltr'>Judaei,</span> 
     </span>
    </p>

    <p class='ocr_par' dir='ltr' id='par_1_3' title="bbox 63 1228 991 2132">
     <span class='ocr_line' id='line_1_9' title="bbox 63 1228 839 1318; baseline -0.009 -23"><span class='ocrx_word' id='word_1_63' title='bbox 63 1247 81 1295; x_wconf 76' lang='grc' dir='ltr'><strong>Ε</strong></span> <span class='ocrx_word' id='word_1_64' title='bbox 97 1236 207 1295; x_wconf 83' lang='lat' dir='ltr'>insidias</span> <span class='ocrx_word' id='word_1_65' title='bbox 222 1249 358 1317; x_wconf 75' lang='lat' dir='ltr'>parerent,</span> <span class='ocrx_word' id='word_1_66' title='bbox 368 1249 443 1296; x_wconf 82' lang='lat' dir='ltr'>extra</span> <span class='ocrx_word' id='word_1_67' title='bbox 454 1254 620 1318; x_wconf 71' lang='lat' dir='ltr'>synagogam</span> <span class='ocrx_word' id='word_1_68' title='bbox 630 1231 765 1318; x_wconf 77' lang='lat' dir='ltr'>ejicerent,</span> <span class='ocrx_word' id='word_1_69' title='bbox 771 1228 839 1289; x_wconf 86' lang='lat' dir='ltr'>dicit</span> 
     </span>
     <span class='ocr_line' id='line_1_10' title="bbox 97 1321 840 1389; baseline -0.005 -3"><span class='ocrx_word' id='word_1_70' title='bbox 97 1329 158 1388; x_wconf 87' lang='lat' dir='ltr'>illos</span> <span class='ocrx_word' id='word_1_71' title='bbox 177 1329 266 1388; x_wconf 89' lang='lat' dir='ltr'>omnia</span> <span class='ocrx_word' id='word_1_72' title='bbox 288 1330 422 1388; x_wconf 86' lang='lat' dir='ltr'>incassum</span> <span class='ocrx_word' id='word_1_73' title='bbox 441 1328 608 1389; x_wconf 84' lang='lat' dir='ltr'>machinatos</span> <span class='ocrx_word' id='word_1_74' title='bbox 633 1345 699 1385; x_wconf 80' lang='lat' dir='ltr'>esse.</span> <span class='ocrx_word' id='word_1_75' title='bbox 727 1326 797 1384; x_wconf 87' lang='lat' dir='ltr'>Nam</span> <span class='ocrx_word' id='word_1_76' title='bbox 811 1321 840 1382; x_wconf 93' lang='lat' dir='ltr'>in</span> 
     </span>
     <span class='ocr_line' id='line_1_11' title="bbox 97 1415 991 1501; baseline 0.002 -23"><span class='ocrx_word' id='word_1_77' title='bbox 97 1440 179 1479; x_wconf 88' lang='lat' dir='ltr'>manu</span> <span class='ocrx_word' id='word_1_78' title='bbox 193 1421 281 1480; x_wconf 88' lang='lat' dir='ltr'>Patris</span> <span class='ocrx_word' id='word_1_79' title='bbox 295 1421 348 1481; x_wconf 88' lang='lat' dir='ltr'>mei</span> <span class='ocrx_word' id='word_1_80' title='bbox 359 1434 422 1480; x_wconf 91' lang='lat' dir='ltr'>sunt</span> <span class='ocrx_word' id='word_1_81' title='bbox 432 1441 504 1498; x_wconf 79' lang='lat' dir='ltr'>oves,</span> <span class='ocrx_word' id='word_1_82' title='bbox 516 1433 546 1479; x_wconf 90' lang='lat' dir='ltr'>ut</span> <span class='ocrx_word' id='word_1_83' title='bbox 559 1418 690 1501; x_wconf 79' lang='lat' dir='ltr'>propheta</span> <span class='ocrx_word' id='word_1_84' title='bbox 704 1415 789 1476; x_wconf 87' lang='lat' dir='ltr'>dicit:</span> <span class='ocrx_word' id='word_1_85' title='bbox 803 1417 840 1473; x_wconf 86' lang='lat' dir='ltr'>Iu</span> <span class='ocrx_word' id='word_1_86' title='bbox 853 1430 991 1495; x_wconf 61' lang='lat' dir='ltr'>iniquis·</span> 
     </span>
     <span class='ocr_line' id='line_1_12' title="bbox 99 1509 842 1596; baseline -0.005 -23"><span class='ocrx_word' id='word_1_87' title='bbox 99 1536 189 1574; x_wconf 80' lang='lat' dir='ltr'>mauu</span> <span class='ocrx_word' id='word_1_88' title='bbox 209 1537 274 1575; x_wconf 85' lang='lat' dir='ltr'>mea</span> <span class='ocrx_word' id='word_1_89' title='bbox 291 1518 410 1596; x_wconf 73' lang='lat' dir='ltr'>depirut&#39;</span> <span class='ocrx_word' id='word_1_90' title='bbox 433 1535 530 1574; x_wconf 80' lang='lat' dir='ltr'>muros</span> <span class='ocrx_word' id='word_1_91' title='bbox 547 1527 621 1573; x_wconf 87' lang='lat' dir='ltr'>tuos.</span> <span class='ocrx_word' id='word_1_92' title='bbox 642 1509 748 1571; x_wconf 80' lang='lat' dir='ltr'>Deinde</span> <span class='ocrx_word' id='word_1_93' title='bbox 759 1530 842 1570; x_wconf 89' lang='lat' dir='ltr'>unam</span> 
     </span>
     <span class='ocr_line' id='line_1_13' title="bbox 97 1602 843 1683; baseline -0.005 -17"><span class='ocrx_word' id='word_1_94' title='bbox 97 1628 153 1666; x_wconf 84' lang='lat' dir='ltr'>esse</span> <span class='ocrx_word' id='word_1_95' title='bbox 169 1628 280 1667; x_wconf 85' lang='lat' dir='ltr'>manum</span> <span class='ocrx_word' id='word_1_96' title='bbox 298 1606 451 1683; x_wconf 85' lang='lat' dir='ltr'>ostendens,</span> <span class='ocrx_word' id='word_1_97' title='bbox 465 1607 543 1666; x_wconf 88' lang='lat' dir='ltr'>illam</span> <span class='ocrx_word' id='word_1_98' title='bbox 557 1605 640 1665; x_wconf 87' lang='lat' dir='ltr'>modo</span> <span class='ocrx_word' id='word_1_99' title='bbox 654 1625 746 1680; x_wconf 89' lang='lat' dir='ltr'>suam,</span> <span class='ocrx_word' id='word_1_100' title='bbox 761 1602 843 1664; x_wconf 93' lang='lat' dir='ltr'>modo</span> 
     </span>
     <span class='ocr_line' id='line_1_14' title="bbox 98 1695 843 1773; baseline 0 -17"><span class='ocrx_word' id='word_1_101' title='bbox 98 1698 187 1758; x_wconf 87' lang='lat' dir='ltr'>Patris</span> <span class='ocrx_word' id='word_1_102' title='bbox 208 1719 264 1757; x_wconf 84' lang='lat' dir='ltr'>esse</span> <span class='ocrx_word' id='word_1_103' title='bbox 279 1698 357 1759; x_wconf 88' lang='lat' dir='ltr'>dicit.</span> <span class='ocrx_word' id='word_1_104' title='bbox 378 1700 448 1758; x_wconf 83' lang='lat' dir='ltr'>Cum</span> <span class='ocrx_word' id='word_1_105' title='bbox 468 1718 579 1757; x_wconf 85' lang='lat' dir='ltr'>manum</span> <span class='ocrx_word' id='word_1_106' title='bbox 592 1695 686 1773; x_wconf 88' lang='lat' dir='ltr'>audis,</span> <span class='ocrx_word' id='word_1_107' title='bbox 702 1695 772 1755; x_wconf 84' lang='lat' dir='ltr'>nihil</span> <span class='ocrx_word' id='word_1_108' title='bbox 785 1715 843 1756; x_wconf 84' lang='lat' dir='ltr'>sen·</span> 
     </span>
     <span class='ocr_line' id='line_1_15' title="bbox 99 1788 843 1871; baseline -0.001 -23"><span class='ocrx_word' id='word_1_109' title='bbox 99 1789 148 1848; x_wconf 91' lang='lat' dir='ltr'>silc</span> <span class='ocrx_word' id='word_1_110' title='bbox 170 1791 284 1869; x_wconf 79' lang='lat' dir='ltr'>cogites,</span> <span class='ocrx_word' id='word_1_111' title='bbox 303 1790 351 1850; x_wconf 86' lang='lat' dir='ltr'>scd</span> <span class='ocrx_word' id='word_1_112' title='bbox 368 1791 511 1868; x_wconf 86' lang='lat' dir='ltr'>virtutem,</span> <span class='ocrx_word' id='word_1_113' title='bbox 524 1790 680 1871; x_wconf 89' lang='lat' dir='ltr'>potentiam.</span> <span class='ocrx_word' id='word_1_114' title='bbox 701 1788 732 1849; x_wconf 89' lang='lat' dir='ltr'>Si</span> <span class='ocrx_word' id='word_1_115' title='bbox 752 1800 843 1848; x_wconf 90' lang='lat' dir='ltr'>autem</span> 
     </span>
     <span class='ocr_line' id='line_1_16' title="bbox 100 1881 842 1966; baseline 0 -23"><span class='ocrx_word' id='word_1_116' title='bbox 100 1905 178 1943; x_wconf 92' lang='lat' dir='ltr'>nemo</span> <span class='ocrx_word' id='word_1_117' title='bbox 191 1885 291 1965; x_wconf 81' lang='lat' dir='ltr'>rapuit,</span> <span class='ocrx_word' id='word_1_118' title='bbox 301 1885 365 1964; x_wconf 89' lang='lat' dir='ltr'>quia</span> <span class='ocrx_word' id='word_1_119' title='bbox 375 1886 454 1944; x_wconf 86' lang='lat' dir='ltr'>Pater</span> <span class='ocrx_word' id='word_1_120' title='bbox 465 1884 518 1945; x_wconf 89' lang='lat' dir='ltr'>sibi</span> <span class='ocrx_word' id='word_1_121' title='bbox 524 1897 682 1966; x_wconf 79' lang='lat' dir='ltr'>potestatem</span> <span class='ocrx_word' id='word_1_122' title='bbox 690 1881 842 1958; x_wconf 75' lang='lat' dir='ltr'>indidisset,</span> 
     </span>
     <span class='ocr_line' id='line_1_17' title="bbox 100 1978 845 2061; baseline -0.003 -22"><span class='ocrx_word' id='word_1_123' title='bbox 100 1980 267 2059; x_wconf 82' lang='lat' dir='ltr'>superfluum</span> <span class='ocrx_word' id='word_1_124' title='bbox 282 1980 375 2040; x_wconf 81' lang='lat' dir='ltr'>suisset</span> <span class='ocrx_word' id='word_1_125' title='bbox 388 1978 504 2054; x_wconf 84' lang='lat' dir='ltr'>addere,</span> <span class='ocrx_word' id='word_1_126' title='bbox 518 1981 583 2061; x_wconf 74' lang='lat' dir='ltr'>Ego</span> <span class='ocrx_word' id='word_1_127' title='bbox 600 1992 629 2039; x_wconf 88' lang='lat' dir='ltr'>et</span> <span class='ocrx_word' id='word_1_128' title='bbox 646 1980 739 2039; x_wconf 85' lang='lat' dir='ltr'>Pater</span> <span class='ocrx_word' id='word_1_129' title='bbox 752 1998 845 2037; x_wconf 83' lang='lat' dir='ltr'>unum</span> 
     </span>
     <span class='ocr_line' id='line_1_18' title="bbox 58 2069 845 2160; baseline -0.001 -29.942"><span class='ocrx_word' id='word_1_130' title='bbox 58 2093 209 2160; x_wconf 55' lang='lat' dir='ltr'>³⁶⁸.sumus</span> <span class='ocrx_word' id='word_1_131' title='bbox 223 2072 336 2132; x_wconf 87' lang='lat' dir='ltr'>Nam</span> <span class='ocrx_word' id='word_1_132' title='bbox 314 2094 338 2132; x_wconf 85' lang='lat' dir='ltr'>sr</span> <span class='ocrx_word' id='word_1_133' title='bbox 363 2071 551 2132; x_wconf 85' lang='lat' dir='ltr'>minorFilius</span> <span class='ocrx_word' id='word_1_134' title='bbox 572 2085 659 2148; x_wconf 88' lang='lat' dir='ltr'>esset,</span> <span class='ocrx_word' id='word_1_135' title='bbox 673 2069 845 2130; x_wconf 84' lang='lat' dir='ltr'>temerarium</span> 
     </span>
    </p>

    <p class='ocr_par' dir='ltr' id='par_1_4' title="bbox 67 2116 897 3170">
     <span class='ocr_line' id='line_1_19' title="bbox 67 2116 845 2244; baseline 0.004 -23"><span class='ocrx_word' id='word_1_136' title='bbox 67 2175 87 2221; x_wconf 99' lang='lat' dir='ltr'>A</span> <span class='ocrx_word' id='word_1_137' title='bbox 101 2178 167 2224; x_wconf 90' lang='lat' dir='ltr'>esset</span> <span class='ocrx_word' id='word_1_138' title='bbox 180 2164 292 2225; x_wconf 90' lang='lat' dir='ltr'>dictum.</span> <span class='ocrx_word' id='word_1_139' title='bbox 308 2164 385 2225; x_wconf 86' lang='lat' dir='ltr'>Nihil</span> <span class='ocrx_word' id='word_1_140' title='bbox 399 2178 469 2225; x_wconf 88' lang='lat' dir='ltr'>certe</span> <span class='ocrx_word' id='word_1_141' title='bbox 480 2163 555 2225; x_wconf 82' lang='lat' dir='ltr'>aliud</span> <span class='ocrx_word' id='word_1_142' title='bbox 565 2116 693 2242; x_wconf 55' lang='lat' dir='ltr'>declaiat</span> <span class='ocrx_word' id='word_1_143' title='bbox 704 2183 786 2244; x_wconf 84' lang='lat' dir='ltr'>quam</span> <span class='ocrx_word' id='word_1_144' title='bbox 796 2183 845 2244; x_wconf 68' lang='lat' dir='ltr'>pc</span> 
     </span>
     <span class='ocr_line' id='line_1_20' title="bbox 102 2254 847 2337; baseline 0 -22"><span class='ocrx_word' id='word_1_145' title='bbox 102 2256 189 2316; x_wconf 74' lang='lat' dir='ltr'>tentio</span> <span class='ocrx_word' id='word_1_146' title='bbox 209 2258 406 2337; x_wconf 75' lang='lat' dir='ltr'>equalitatem.</span> <span class='ocrx_word' id='word_1_147' title='bbox 417 2257 490 2337; x_wconf 94' lang='lat' dir='ltr'>quod</span> <span class='ocrx_word' id='word_1_148' title='bbox 514 2278 577 2316; x_wconf 89' lang='lat' dir='ltr'>cum</span> <span class='ocrx_word' id='word_1_149' title='bbox 599 2254 690 2320; x_wconf 75' lang='lat' dir='ltr'>ludaei</span> <span class='ocrx_word' id='word_1_150' title='bbox 714 2254 847 2336; x_wconf 82' lang='lat' dir='ltr'>intellige·</span> 
     </span>
     <span class='ocr_line' id='line_1_21' title="bbox 102 2350 847 2432; baseline 0 -24"><span class='ocrx_word' id='word_1_151' title='bbox 102 2350 322 2430; x_wconf 81' lang='lat' dir='ltr'>rent,lopidibus</span> <span class='ocrx_word' id='word_1_152' title='bbox 343 2351 434 2432; x_wconf 90' lang='lat' dir='ltr'>ipsum</span> <span class='ocrx_word' id='word_1_153' title='bbox 454 2350 628 2431; x_wconf 79' lang='lat' dir='ltr'>impetebant.</span> <span class='ocrx_word' id='word_1_154' title='bbox 646 2351 739 2428; x_wconf 82' lang='lat' dir='ltr'>Neque</span> <span class='ocrx_word' id='word_1_155' title='bbox 759 2361 847 2408; x_wconf 90' lang='lat' dir='ltr'>tamen</span> 
     </span>
     <span class='ocr_line' id='line_1_22' title="bbox 103 2440 848 2524; baseline 0 -24"><span class='ocrx_word' id='word_1_156' title='bbox 103 2442 150 2501; x_wconf 90' lang='lat' dir='ltr'>ille</span> <span class='ocrx_word' id='word_1_157' title='bbox 161 2442 230 2501; x_wconf 90' lang='lat' dir='ltr'>hanc</span> <span class='ocrx_word' id='word_1_158' title='bbox 246 2444 347 2503; x_wconf 81' lang='lat' dir='ltr'>amovit</span> <span class='ocrx_word' id='word_1_159' title='bbox 362 2443 526 2524; x_wconf 86' lang='lat' dir='ltr'>opinionem.</span> <span class='ocrx_word' id='word_1_160' title='bbox 539 2442 620 2522; x_wconf 85' lang='lat' dir='ltr'>Atqui</span> <span class='ocrx_word' id='word_1_161' title='bbox 634 2443 657 2503; x_wconf 89' lang='lat' dir='ltr'>si</span> <span class='ocrx_word' id='word_1_162' title='bbox 669 2441 776 2502; x_wconf 82' lang='lat' dir='ltr'>idsalso</span> <span class='ocrx_word' id='word_1_163' title='bbox 789 2440 848 2523; x_wconf 92' lang='lat' dir='ltr'>opi-</span> 
     </span>
     <span class='ocr_line' id='line_1_23' title="bbox 104 2535 848 2618; baseline 0.001 -25"><span class='ocrx_word' id='word_1_164' title='bbox 104 2535 159 2594; x_wconf 85' lang='lat' dir='ltr'>nati</span> <span class='ocrx_word' id='word_1_165' title='bbox 175 2536 304 2613; x_wconf 80' lang='lat' dir='ltr'>fuissent,</span> <span class='ocrx_word' id='word_1_166' title='bbox 317 2537 379 2597; x_wconf 89' lang='lat' dir='ltr'>illos</span> <span class='ocrx_word' id='word_1_167' title='bbox 397 2536 538 2597; x_wconf 86' lang='lat' dir='ltr'>emendare</span> <span class='ocrx_word' id='word_1_168' title='bbox 552 2537 672 2618; x_wconf 89' lang='lat' dir='ltr'>oportuit</span> <span class='ocrx_word' id='word_1_169' title='bbox 693 2557 725 2596; x_wconf 85' lang='lat' dir='ltr'>ac</span> <span class='ocrx_word' id='word_1_170' title='bbox 743 2536 848 2596; x_wconf 85' lang='lat' dir='ltr'>dicere:</span> 
     </span>
     <span class='ocr_line' id='line_1_24' title="bbox 105 2628 897 2712; baseline 0.008 -28"><span class='ocrx_word' id='word_1_171' title='bbox 105 2628 161 2686; x_wconf 89' lang='lat' dir='ltr'>Cur</span> <span class='ocrx_word' id='word_1_172' title='bbox 172 2628 224 2688; x_wconf 90' lang='lat' dir='ltr'>hoc</span> <span class='ocrx_word' id='word_1_173' title='bbox 240 2630 345 2689; x_wconf 78' lang='lat' dir='ltr'>facitis?</span> <span class='ocrx_word' id='word_1_174' title='bbox 358 2651 410 2689; x_wconf 92' lang='lat' dir='ltr'>non</span> <span class='ocrx_word' id='word_1_175' title='bbox 425 2630 483 2690; x_wconf 83' lang='lat' dir='ltr'>haec</span> <span class='ocrx_word' id='word_1_176' title='bbox 497 2629 572 2704; x_wconf 81' lang='lat' dir='ltr'>dixi,</span> <span class='ocrx_word' id='word_1_177' title='bbox 584 2643 614 2689; x_wconf 91' lang='lat' dir='ltr'>ut</span> <span class='ocrx_word' id='word_1_178' title='bbox 627 2651 720 2712; x_wconf 88' lang='lat' dir='ltr'>parem</span> <span class='ocrx_word' id='word_1_179' title='bbox 733 2645 850 2711; x_wconf 85' lang='lat' dir='ltr'>patemae</span> <span class='ocrx_word' id='word_1_180' title='bbox 894 2684 897 2690; x_wconf 90' lang='lat'><em>.</em></span> 
     </span>
     <span class='ocr_line' id='line_1_25' title="bbox 105 2719 851 2802; baseline 0.005 -24"><span class='ocrx_word' id='word_1_181' title='bbox 105 2741 191 2779; x_wconf 83' lang='lat' dir='ltr'>mcum</span> <span class='ocrx_word' id='word_1_182' title='bbox 202 2721 349 2802; x_wconf 88' lang='lat' dir='ltr'>potentiam</span> <span class='ocrx_word' id='word_1_183' title='bbox 361 2719 516 2781; x_wconf 81' lang='lat' dir='ltr'>indicarem.</span> <span class='ocrx_word' id='word_1_184' title='bbox 531 2724 610 2781; x_wconf 85' lang='lat' dir='ltr'>Nunc</span> <span class='ocrx_word' id='word_1_185' title='bbox 623 2735 731 2799; x_wconf 84' lang='lat' dir='ltr'>contra,</span> <span class='ocrx_word' id='word_1_186' title='bbox 746 2721 802 2783; x_wconf 89' lang='lat' dir='ltr'>illis</span> <span class='ocrx_word' id='word_1_187' title='bbox 812 2724 851 2782; x_wconf 83' lang='lat' dir='ltr'>se·</span> 
     </span>
     <span class='ocr_line' id='line_1_26' title="bbox 105 2811 848 2894; baseline 0.004 -25"><span class='ocrx_word' id='word_1_188' title='bbox 105 2811 279 2889; x_wconf 74' lang='lat' dir='ltr'>incientibus,</span> <span class='ocrx_word' id='word_1_189' title='bbox 289 2813 363 2871; x_wconf 88' lang='lat' dir='ltr'>illam</span> <span class='ocrx_word' id='word_1_190' title='bbox 380 2813 533 2894; x_wconf 83' lang='lat' dir='ltr'>opinionem</span> <span class='ocrx_word' id='word_1_191' title='bbox 546 2814 688 2873; x_wconf 75' lang='lat' dir='ltr'>confirmet</span> <span class='ocrx_word' id='word_1_192' title='bbox 702 2828 728 2873; x_wconf 88' lang='lat' dir='ltr'>et</span> <span class='ocrx_word' id='word_1_193' title='bbox 744 2814 848 2894; x_wconf 87' lang='lat' dir='ltr'>probat.</span> 
     </span>
     <span class='ocr_line' id='line_1_27' title="bbox 104 2904 851 2984; baseline 0.007 -23"><span class='ocrx_word' id='word_1_194' title='bbox 104 2905 163 2961; x_wconf 89' lang='lat' dir='ltr'>Non</span> <span class='ocrx_word' id='word_1_195' title='bbox 179 2926 235 2962; x_wconf 89' lang='lat' dir='ltr'>sese</span> <span class='ocrx_word' id='word_1_196' title='bbox 247 2918 356 2984; x_wconf 77' lang='lat' dir='ltr'>purgat,</span> <span class='ocrx_word' id='word_1_197' title='bbox 370 2919 400 2964; x_wconf 92' lang='lat' dir='ltr'>ut</span> <span class='ocrx_word' id='word_1_198' title='bbox 412 2906 460 2982; x_wconf 92' lang='lat' dir='ltr'>qui</span> <span class='ocrx_word' id='word_1_199' title='bbox 476 2905 547 2964; x_wconf 86' lang='lat' dir='ltr'>male</span> <span class='ocrx_word' id='word_1_200' title='bbox 560 2918 585 2964; x_wconf 91' lang='lat' dir='ltr'>et</span> <span class='ocrx_word' id='word_1_201' title='bbox 595 2905 662 2964; x_wconf 81' lang='lat' dir='ltr'>salso</span> <span class='ocrx_word' id='word_1_202' title='bbox 671 2904 785 2982; x_wconf 79' lang='lat' dir='ltr'>dixerit5</span> <span class='ocrx_word' id='word_1_203' title='bbox 795 2907 851 2967; x_wconf 89' lang='lat' dir='ltr'>imo</span> 
     </span>
     <span class='ocr_line' id='line_1_28' title="bbox 105 2951 851 3101; baseline 0.009 -49"><span class='ocrx_word' id='word_1_204' title='bbox 105 2995 196 3053; x_wconf 87' lang='lat' dir='ltr'>illos</span> <span class='ocrx_word' id='word_1_205' title='bbox 189 3010 324 3101; x_wconf 84' lang='lat' dir='ltr'>increpat,</span> <span class='ocrx_word' id='word_1_206' title='bbox 341 3010 371 3055; x_wconf 88' lang='lat' dir='ltr'>ut</span> <span class='ocrx_word' id='word_1_207' title='bbox 389 2996 436 3076; x_wconf 92' lang='lat' dir='ltr'>qui</span> <span class='ocrx_word' id='word_1_208' title='bbox 467 3018 519 3056; x_wconf 91' lang='lat' dir='ltr'>non</span> <span class='ocrx_word' id='word_1_209' title='bbox 543 3012 745 3059; x_wconf 82' lang='lat' dir='ltr'>consentaneam</span> <span class='ocrx_word' id='word_1_210' title='bbox 766 2951 801 3058; x_wconf 88' lang='lat' dir='ltr'>de</span> <span class='ocrx_word' id='word_1_211' title='bbox 824 3021 851 3059; x_wconf 88' lang='lat' dir='ltr'>se</span> 
     </span>
     <span class='ocr_line' id='line_1_29' title="bbox 106 3088 851 3176; baseline 0.011 -31"><span class='ocrx_word' id='word_1_212' title='bbox 106 3088 395 3170; x_wconf 79' lang='lat' dir='ltr'>habeuntopinionem.</span> <span class='ocrx_word' id='word_1_213' title='bbox 413 3092 481 3150; x_wconf 89' lang='lat' dir='ltr'>Cum</span> <span class='ocrx_word' id='word_1_214' title='bbox 501 3091 574 3151; x_wconf 90' lang='lat' dir='ltr'>enim</span> <span class='ocrx_word' id='word_1_215' title='bbox 589 3092 726 3153; x_wconf 90' lang='lat' dir='ltr'>dicerent·</span> <span class='ocrx_word' id='word_1_216' title='bbox 719 3095 787 3153; x_wconf 38' lang='lat'>&amp;35</span> <span class='ocrx_word' id='word_1_217' title='bbox 805 3095 851 3176; x_wconf 75' lang='lat' dir='ltr'>De</span> 
     </span>
    </p>

    <p class='ocr_par' dir='ltr' id='par_1_5' title="bbox 72 3184 944 4196">
     <span class='ocr_line' id='line_1_30' title="bbox 72 3184 936 3267; baseline 0.007 -29"><span class='ocrx_word' id='word_1_218' title='bbox 72 3192 90 3238; x_wconf 80' lang='lat' dir='ltr'>u</span> <span class='ocrx_word' id='word_1_219' title='bbox 108 3184 184 3241; x_wconf 85' lang='lat' dir='ltr'>bono</span> <span class='ocrx_word' id='word_1_220' title='bbox 201 3203 285 3262; x_wconf 87' lang='lat' dir='ltr'>opere</span> <span class='ocrx_word' id='word_1_221' title='bbox 301 3205 359 3241; x_wconf 86' lang='lat' dir='ltr'>uon</span> <span class='ocrx_word' id='word_1_222' title='bbox 374 3185 541 3265; x_wconf 80' lang='lat' dir='ltr'>lapidamus</span> <span class='ocrx_word' id='word_1_223' title='bbox 554 3198 591 3257; x_wconf 88' lang='lat' dir='ltr'>te,</span> <span class='ocrx_word' id='word_1_224' title='bbox 603 3187 655 3243; x_wconf 80' lang='lat' dir='ltr'>sed</span> <span class='ocrx_word' id='word_1_225' title='bbox 664 3187 701 3245; x_wconf 85' lang='lat' dir='ltr'>de</span> <span class='ocrx_word' id='word_1_226' title='bbox 715 3187 851 3267; x_wconf 71' lang='lat' dir='ltr'>blasphe-</span> <span class='ocrx_word' id='word_1_227' title='bbox 933 3200 936 3206; x_wconf 86' lang='grc'><strong>“</strong></span> 
     </span>
     <span class='ocr_line' id='line_1_31' title="bbox 108 3277 852 3361; baseline 0.008 -29"><span class='ocrx_word' id='word_1_228' title='bbox 108 3278 185 3346; x_wconf 82' lang='lat' dir='ltr'>mio,</span> <span class='ocrx_word' id='word_1_229' title='bbox 211 3288 239 3336; x_wconf 90' lang='lat' dir='ltr'>et</span> <span class='ocrx_word' id='word_1_230' title='bbox 265 3279 335 3354; x_wconf 83' lang='lat' dir='ltr'>quia</span> <span class='ocrx_word' id='word_1_231' title='bbox 357 3277 444 3334; x_wconf 77' lang='lat' dir='ltr'>bomo</span> <span class='ocrx_word' id='word_1_232' title='bbox 467 3296 533 3334; x_wconf 89' lang='lat' dir='ltr'>cum</span> <span class='ocrx_word' id='word_1_233' title='bbox 556 3280 706 3361; x_wconf 77' lang='lat' dir='ltr'>sis,sacls</span> <span class='ocrx_word' id='word_1_234' title='bbox 730 3283 852 3361; x_wconf 82' lang='lat' dir='ltr'>teipsum</span> 
     </span>
     <span class='ocr_line' id='line_1_32' title="bbox 109 3366 851 3446; baseline 0.008 -22"><span class='ocrx_word' id='word_1_235' title='bbox 109 3368 203 3424; x_wconf 87' lang='lat' dir='ltr'>Deum</span> <span class='ocrx_word' id='word_1_236' title='bbox 209 3391 220 3435; x_wconf 90' lang='lat'><em>;</em></span> <span class='ocrx_word' id='word_1_237' title='bbox 235 3366 300 3425; x_wconf 88' lang='lat' dir='ltr'>audi</span> <span class='ocrx_word' id='word_1_238' title='bbox 313 3366 381 3446; x_wconf 90' lang='lat' dir='ltr'>quid</span> <span class='ocrx_word' id='word_1_239' title='bbox 395 3366 468 3426; x_wconf 88' lang='lat' dir='ltr'>dicat</span> <span class='ocrx_word' id='word_1_240' title='bbox 479 3391 485 3425; x_wconf 74' lang='grc' dir='ltr'><strong><em>ε</em></strong></span> <span class='ocrx_word' id='word_1_241' title='bbox 497 3367 546 3429; x_wconf 79' lang='grc'>55.</span> <span class='ocrx_word' id='word_1_242' title='bbox 562 3370 594 3429; x_wconf 80' lang='lat' dir='ltr'>St</span> <span class='ocrx_word' id='word_1_243' title='bbox 607 3370 676 3429; x_wconf 80' lang='lat' dir='ltr'>illos</span> <span class='ocrx_word' id='word_1_244' title='bbox 687 3373 758 3432; x_wconf 82' lang='lat' dir='ltr'>dicit</span> <span class='ocrx_word' id='word_1_245' title='bbox 775 3372 851 3432; x_wconf 84' lang='lat' dir='ltr'>Scri-</span> 
     </span>
     <span class='ocr_line' id='line_1_33' title="bbox 105 3462 891 3545; baseline 0.011 -29"><span class='ocrx_word' id='word_1_246' title='bbox 105 3474 193 3539; x_wconf 85' lang='lat' dir='ltr'>ptura</span> <span class='ocrx_word' id='word_1_247' title='bbox 217 3462 295 3532; x_wconf 87' lang='lat' dir='ltr'>deos,</span> <span class='ocrx_word' id='word_1_248' title='bbox 317 3462 359 3519; x_wconf 80' lang='lat' dir='ltr'>ad</span> <span class='ocrx_word' id='word_1_249' title='bbox 379 3481 452 3542; x_wconf 80' lang='lat' dir='ltr'>qttos</span> <span class='ocrx_word' id='word_1_250' title='bbox 475 3482 570 3521; x_wconf 87' lang='lat' dir='ltr'>sermo</span> <span class='ocrx_word' id='word_1_251' title='bbox 593 3464 650 3522; x_wconf 86' lang='lat' dir='ltr'>Dei</span> <span class='ocrx_word' id='word_1_252' title='bbox 654 3464 762 3545; x_wconf 88' lang='lat' dir='ltr'>sactus</span> <span class='ocrx_word' id='word_1_253' title='bbox 786 3477 848 3536; x_wconf 88' lang='lat' dir='ltr'>est,</span> <span class='ocrx_word' id='word_1_254' title='bbox 886 3475 891 3487; x_wconf 84' lang='lat'>‘</span> 
     </span>
     <span class='ocr_line' id='line_1_34' title="bbox 106 3555 853 3637; baseline 0.008 -26"><span class='ocrx_word' id='word_1_255' title='bbox 106 3555 310 3634; x_wconf 67' lang='lat' dir='ltr'>ecquomodo</span> <span class='ocrx_word' id='word_1_256' title='bbox 325 3575 380 3615; x_wconf 87' lang='lat' dir='ltr'>vos</span> <span class='ocrx_word' id='word_1_257' title='bbox 400 3556 497 3614; x_wconf 80' lang='lat' dir='ltr'>dicitis</span> <span class='ocrx_word' id='word_1_258' title='bbox 509 3559 580 3636; x_wconf 76' lang='lat' dir='ltr'>quia</span> <span class='ocrx_word' id='word_1_259' title='bbox 591 3557 770 3637; x_wconf 75' lang='lat' dir='ltr'>blasphemo,</span> <span class='ocrx_word' id='word_1_260' title='bbox 821 3562 853 3617; x_wconf 81' lang='lat' dir='ltr'>ia</span> 
     </span>
     <span class='ocr_line' id='line_1_35' title="bbox 107 3579 852 3732; baseline 0.007 -27"><span class='ocrx_word' id='word_1_261' title='bbox 107 3647 170 3705; x_wconf 69' lang='lat' dir='ltr'>dis-t</span> <span class='ocrx_word' id='word_1_262' title='bbox 177 3692 186 3718; x_wconf 86' lang='lat'><em>‚</em></span> <span class='ocrx_word' id='word_1_263' title='bbox 200 3647 297 3705; x_wconf 83' lang='lat' dir='ltr'>Filius</span> <span class='ocrx_word' id='word_1_264' title='bbox 310 3649 369 3708; x_wconf 87' lang='lat' dir='ltr'>Dei</span> <span class='ocrx_word' id='word_1_265' title='bbox 383 3653 466 3709; x_wconf 78' lang='lat' dir='ltr'>sum?</span> <span class='ocrx_word' id='word_1_266' title='bbox 476 3645 507 3706; x_wconf 91' lang='lat' dir='ltr'>ld</span> <span class='ocrx_word' id='word_1_267' title='bbox 521 3660 573 3727; x_wconf 78' lang='lat' dir='ltr'>cst,</span> <span class='ocrx_word' id='word_1_268' title='bbox 584 3648 613 3707; x_wconf 91' lang='lat' dir='ltr'>Si</span> <span class='ocrx_word' id='word_1_269' title='bbox 630 3648 650 3708; x_wconf 93' lang='lat' dir='ltr'>ii</span> <span class='ocrx_word' id='word_1_270' title='bbox 665 3650 712 3729; x_wconf 92' lang='lat' dir='ltr'>qui</span> <span class='ocrx_word' id='word_1_271' title='bbox 729 3579 852 3732; x_wconf 42' lang='lat' dir='ltr'>pulpis-</span> 
     </span>
     <span class='ocr_line' id='line_1_36' title="bbox 108 3740 853 3821; baseline 0.011 -25"><span class='ocrx_word' id='word_1_272' title='bbox 108 3741 173 3798; x_wconf 83' lang='lat' dir='ltr'>tiam</span> <span class='ocrx_word' id='word_1_273' title='bbox 187 3740 238 3799; x_wconf 89' lang='lat' dir='ltr'>hoc</span> <span class='ocrx_word' id='word_1_274' title='bbox 248 3757 420 3821; x_wconf 84' lang='lat' dir='ltr'>acceperunt,</span> <span class='ocrx_word' id='word_1_275' title='bbox 431 3764 483 3802; x_wconf 90' lang='lat' dir='ltr'>non</span> <span class='ocrx_word' id='word_1_276' title='bbox 501 3757 661 3803; x_wconf 79' lang='lat' dir='ltr'>accusantur</span> <span class='ocrx_word' id='word_1_277' title='bbox 674 3766 735 3804; x_wconf 91' lang='lat' dir='ltr'>cum</span> <span class='ocrx_word' id='word_1_278' title='bbox 748 3750 783 3804; x_wconf 70' lang='lat' dir='ltr'>scl</span> <span class='ocrx_word' id='word_1_279' title='bbox 788 3743 853 3804; x_wconf 87' lang='lat' dir='ltr'>deos</span> 
     </span>
     <span class='ocr_line' id='line_1_37' title="bbox 108 3832 853 3916; baseline 0.008 -27"><span class='ocrx_word' id='word_1_280' title='bbox 108 3846 203 3891; x_wconf 79' lang='lat' dir='ltr'>uocant</span> <span class='ocrx_word' id='word_1_281' title='bbox 211 3856 219 3906; x_wconf 90' lang='lat'>;</span> <span class='ocrx_word' id='word_1_282' title='bbox 228 3832 278 3910; x_wconf 88' lang='lat' dir='ltr'>qni</span> <span class='ocrx_word' id='word_1_283' title='bbox 287 3855 321 3891; x_wconf 87' lang='lat' dir='ltr'>cx</span> <span class='ocrx_word' id='word_1_284' title='bbox 335 3847 429 3894; x_wconf 89' lang='lat' dir='ltr'>natura</span> <span class='ocrx_word' id='word_1_285' title='bbox 442 3857 490 3895; x_wconf 84' lang='lat' dir='ltr'>sua</span> <span class='ocrx_word' id='word_1_286' title='bbox 504 3835 556 3894; x_wconf 91' lang='lat' dir='ltr'>hoc</span> <span class='ocrx_word' id='word_1_287' title='bbox 570 3836 660 3913; x_wconf 87' lang='lat' dir='ltr'>habet,</span> <span class='ocrx_word' id='word_1_288' title='bbox 671 3856 725 3916; x_wconf 93' lang='lat' dir='ltr'>quo</span> <span class='ocrx_word' id='word_1_289' title='bbox 734 3837 798 3916; x_wconf 87' lang='lat' dir='ltr'>jure</span> <span class='ocrx_word' id='word_1_290' title='bbox 811 3836 853 3895; x_wconf 89' lang='lat' dir='ltr'>in·</span> 
     </span>
     <span class='ocr_line' id='line_1_38' title="bbox 108 3927 944 4006; baseline 0.007 -23"><span class='ocrx_word' id='word_1_291' title='bbox 108 3927 247 4004; x_wconf 74' lang='lat' dir='ltr'>crepetur?</span> <span class='ocrx_word' id='word_1_292' title='bbox 260 3930 363 3988; x_wconf 86' lang='lat' dir='ltr'>Verum</span> <span class='ocrx_word' id='word_1_293' title='bbox 385 3949 437 3988; x_wconf 92' lang='lat' dir='ltr'>uon</span> <span class='ocrx_word' id='word_1_294' title='bbox 463 3929 499 3988; x_wconf 87' lang='lat' dir='ltr'>ita</span> <span class='ocrx_word' id='word_1_295' title='bbox 526 3929 610 4006; x_wconf 77' lang='lat' dir='ltr'>dixit,</span> <span class='ocrx_word' id='word_1_296' title='bbox 627 3928 674 3989; x_wconf 86' lang='lat' dir='ltr'>sed</span> <span class='ocrx_word' id='word_1_297' title='bbox 694 3927 805 3988; x_wconf 89' lang='lat' dir='ltr'>demum</span> <span class='ocrx_word' id='word_1_298' title='bbox 823 3927 854 3988; x_wconf 90' lang='lat' dir='ltr'>id</span> <span class='ocrx_word' id='word_1_299' title='bbox 939 3985 944 3996; x_wconf 92' lang='grc'><em>,</em></span> 
     </span>
     <span class='ocr_line' id='line_1_39' title="bbox 109 4018 854 4100; baseline 0.005 -24"><span class='ocrx_word' id='word_1_300' title='bbox 109 4018 249 4097; x_wconf 80' lang='lat' dir='ltr'>probavit,</span> <span class='ocrx_word' id='word_1_301' title='bbox 268 4033 411 4100; x_wconf 85' lang='lat' dir='ltr'>postquam</span> <span class='ocrx_word' id='word_1_302' title='bbox 434 4021 578 4081; x_wconf 87' lang='lat' dir='ltr'>demissius</span> <span class='ocrx_word' id='word_1_303' title='bbox 598 4022 726 4100; x_wconf 90' lang='lat' dir='ltr'>loquutus</span> <span class='ocrx_word' id='word_1_304' title='bbox 747 4021 854 4081; x_wconf 75' lang='lat' dir='ltr'>cothis</span> 
     </span>
     <span class='ocr_line' id='line_1_40' title="bbox 110 4110 854 4196; baseline 0.009 -29"><span class='ocrx_word' id='word_1_305' title='bbox 110 4110 217 4168; x_wconf 82' lang='lat' dir='ltr'>verbis:</span> <span class='ocrx_word' id='word_1_306' title='bbox 234 4115 325 4190; x_wconf 81' lang='lat' dir='ltr'>Quem</span> <span class='ocrx_word' id='word_1_307' title='bbox 343 4116 435 4172; x_wconf 81' lang='lat' dir='ltr'>Pater</span> <span class='ocrx_word' id='word_1_308' title='bbox 451 4115 655 4196; x_wconf 26' lang='lat' dir='ltr'>sanctificavit·</span> <span class='ocrx_word' id='word_1_309' title='bbox 667 4127 696 4174; x_wconf 89' lang='lat' dir='ltr'>et</span> <span class='ocrx_word' id='word_1_310' title='bbox 717 4119 795 4174; x_wconf 77' lang='lat' dir='ltr'>misit</span> <span class='ocrx_word' id='word_1_311' title='bbox 801 4139 814 4185; x_wconf 89' lang='lat'>‚·</span> <span class='ocrx_word' id='word_1_312' title='bbox 827 4128 854 4174; x_wconf 86' lang='lat' dir='ltr'>et</span> 
     </span>
    </p>

    <p class='ocr_par' dir='ltr' id='par_1_6' title="bbox 73 4203 855 5124">
     <span class='ocr_line' id='line_1_41' title="bbox 73 4203 853 4282; baseline 0.006 -20"><span class='ocrx_word' id='word_1_313' title='bbox 73 4216 91 4262; x_wconf 82' lang='lat' dir='ltr'>c</span> <span class='ocrx_word' id='word_1_314' title='bbox 109 4216 250 4281; x_wconf 77' lang='lat' dir='ltr'>postquam</span> <span class='ocrx_word' id='word_1_315' title='bbox 270 4203 379 4263; x_wconf 88' lang='lat' dir='ltr'>illorum</span> <span class='ocrx_word' id='word_1_316' title='bbox 397 4206 513 4264; x_wconf 85' lang='lat' dir='ltr'>furorem</span> <span class='ocrx_word' id='word_1_317' title='bbox 529 4204 650 4282; x_wconf 83' lang='lat' dir='ltr'>sedavit,</span> <span class='ocrx_word' id='word_1_318' title='bbox 664 4220 728 4266; x_wconf 91' lang='lat' dir='ltr'>tunc</span> <span class='ocrx_word' id='word_1_319' title='bbox 751 4206 853 4268; x_wconf 89' lang='lat' dir='ltr'>claram</span> 
     </span>
     <span class='ocr_line' id='line_1_42' title="bbox 108 4293 854 4379; baseline 0.019 -31"><span class='ocrx_word' id='word_1_320' title='bbox 108 4293 185 4350; x_wconf 78' lang='lat' dir='ltr'>offert</span> <span class='ocrx_word' id='word_1_321' title='bbox 199 4293 461 4356; x_wconf 83' lang='lat' dir='ltr'>demonstrationem.</span> <span class='ocrx_word' id='word_1_322' title='bbox 475 4298 586 4357; x_wconf 86' lang='lat' dir='ltr'>Interim</span> <span class='ocrx_word' id='word_1_323' title='bbox 599 4320 672 4379; x_wconf 83' lang='lat' dir='ltr'>vero,</span> <span class='ocrx_word' id='word_1_324' title='bbox 684 4313 715 4360; x_wconf 90' lang='lat' dir='ltr'>ut</span> <span class='ocrx_word' id='word_1_325' title='bbox 729 4301 854 4364; x_wconf 70' lang='lat' dir='ltr'>admitte·</span> 
     </span>
     <span class='ocr_line' id='line_1_43' title="bbox 109 4385 852 4472; baseline 0.019 -30"><span class='ocrx_word' id='word_1_326' title='bbox 109 4398 181 4443; x_wconf 83' lang='lat' dir='ltr'>retur</span> <span class='ocrx_word' id='word_1_327' title='bbox 198 4385 225 4444; x_wconf 91' lang='lat' dir='ltr'>id</span> <span class='ocrx_word' id='word_1_328' title='bbox 240 4386 312 4465; x_wconf 90' lang='lat' dir='ltr'>quod</span> <span class='ocrx_word' id='word_1_329' title='bbox 324 4387 449 4465; x_wconf 82' lang='lat' dir='ltr'>dicebat,</span> <span class='ocrx_word' id='word_1_330' title='bbox 462 4390 593 4453; x_wconf 84' lang='lat' dir='ltr'>humilius</span> <span class='ocrx_word' id='word_1_331' title='bbox 611 4393 739 4472; x_wconf 85' lang='lat' dir='ltr'>loquutus</span> <span class='ocrx_word' id='word_1_332' title='bbox 754 4408 809 4472; x_wconf 85' lang='lat' dir='ltr'>est,</span> <span class='ocrx_word' id='word_1_333' title='bbox 820 4417 852 4456; x_wconf 83' lang='lat' dir='ltr'>ac</span> 
     </span>
     <span class='ocr_line' id='line_1_44' title="bbox 108 4476 853 4562; baseline 0.012 -24"><span class='ocrx_word' id='word_1_334' title='bbox 108 4476 217 4538; x_wconf 83' lang='lat' dir='ltr'>demum</span> <span class='ocrx_word' id='word_1_335' title='bbox 234 4477 268 4535; x_wconf 85' lang='lat' dir='ltr'>ad</span> <span class='ocrx_word' id='word_1_336' title='bbox 283 4481 384 4559; x_wconf 82' lang='lat' dir='ltr'>majora</span> <span class='ocrx_word' id='word_1_337' title='bbox 404 4482 477 4560; x_wconf 88' lang='lat' dir='ltr'>ipsos</span> <span class='ocrx_word' id='word_1_338' title='bbox 489 4480 617 4562; x_wconf 78' lang='lat' dir='ltr'>adducit,</span> <span class='ocrx_word' id='word_1_339' title='bbox 628 4483 720 4546; x_wconf 88' lang='lat' dir='ltr'>dicens</span> <span class='ocrx_word' id='word_1_340' title='bbox 730 4509 738 4544; x_wconf 75' lang='grc' dir='ltr'><em>τ</em></span> <span class='ocrx_word' id='word_1_341' title='bbox 749 4487 799 4546; x_wconf 72' lang='lat' dir='ltr'>dl.</span> <span class='ocrx_word' id='word_1_342' title='bbox 821 4488 853 4547; x_wconf 86' lang='lat' dir='ltr'>Si</span> 
     </span>
     <span class='ocr_line' id='line_1_45' title="bbox 111 4573 854 4652; baseline 0.019 -25"><span class='ocrx_word' id='word_1_343' title='bbox 111 4592 170 4628; x_wconf 86' lang='lat' dir='ltr'>non</span> <span class='ocrx_word' id='word_1_344' title='bbox 184 4573 272 4651; x_wconf 73' lang='lat' dir='ltr'>sacto</span> <span class='ocrx_word' id='word_1_345' title='bbox 294 4593 381 4652; x_wconf 80' lang='lat' dir='ltr'>opera</span> <span class='ocrx_word' id='word_1_346' title='bbox 403 4577 505 4635; x_wconf 82' lang='lat' dir='ltr'>Patris</span> <span class='ocrx_word' id='word_1_347' title='bbox 526 4580 599 4650; x_wconf 82' lang='lat' dir='ltr'>mei,</span> <span class='ocrx_word' id='word_1_348' title='bbox 623 4578 714 4639; x_wconf 72' lang='lat' dir='ltr'>nole‘te</span> <span class='ocrx_word' id='word_1_349' title='bbox 736 4580 854 4641; x_wconf 73' lang='lat' dir='ltr'>creden</span> 
     </span>
     <span class='ocr_line' id='line_1_46' title="bbox 110 4663 852 4750; baseline 0.016 -29"><span class='ocrx_word' id='word_1_350' title='bbox 110 4666 201 4733; x_wconf 45' lang='lat' dir='ltr'>initu</span> <span class='ocrx_word' id='word_1_351' title='bbox 215 4663 264 4724; x_wconf 71' lang='lat'>58.</span> <span class='ocrx_word' id='word_1_352' title='bbox 277 4670 323 4726; x_wconf 86' lang='lat' dir='ltr'>sin</span> <span class='ocrx_word' id='word_1_353' title='bbox 339 4669 544 4750; x_wconf 77' lang='lat' dir='ltr'>autemsacto‚</span> <span class='ocrx_word' id='word_1_354' title='bbox 558 4673 616 4730; x_wconf 76' lang='lat' dir='ltr'>etsi</span> <span class='ocrx_word' id='word_1_355' title='bbox 627 4672 699 4730; x_wconf 78' lang='lat' dir='ltr'>milti</span> <span class='ocrx_word' id='word_1_356' title='bbox 719 4691 778 4731; x_wconf 83' lang='lat' dir='ltr'>non</span> <span class='ocrx_word' id='word_1_357' title='bbox 791 4693 852 4732; x_wconf 86' lang='lat' dir='ltr'>cre-</span> 
     </span>
     <span class='ocr_line' id='line_1_47' title="bbox 110 4758 853 4843; baseline 0.016 -30"><span class='ocrx_word' id='word_1_358' title='bbox 110 4758 194 4828; x_wconf 80' lang='lat' dir='ltr'>ditis,</span> <span class='ocrx_word' id='word_1_359' title='bbox 212 4761 344 4836; x_wconf 81' lang='lat' dir='ltr'>operibus</span> <span class='ocrx_word' id='word_1_360' title='bbox 368 4763 439 4819; x_wconf 87' lang='lat' dir='ltr'>meis</span> <span class='ocrx_word' id='word_1_361' title='bbox 458 4762 576 4822; x_wconf 80' lang='lat' dir='ltr'>credite.</span> <span class='ocrx_word' id='word_1_362' title='bbox 594 4761 693 4822; x_wconf 88' lang='lat' dir='ltr'>Videu&#39;</span> <span class='ocrx_word' id='word_1_363' title='bbox 717 4764 853 4843; x_wconf 90' lang='lat' dir='ltr'>quomodo</span> 
     </span>
     <span class='ocr_line' id='line_1_48' title="bbox 111 4851 852 4935; baseline 0.016 -27"><span class='ocrx_word' id='word_1_364' title='bbox 111 4851 215 4930; x_wconf 83' lang='lat' dir='ltr'>probet,</span> <span class='ocrx_word' id='word_1_365' title='bbox 231 4865 259 4909; x_wconf 91' lang='lat' dir='ltr'>ut</span> <span class='ocrx_word' id='word_1_366' title='bbox 274 4851 344 4929; x_wconf 81' lang='lat' dir='ltr'>dixi,</span> <span class='ocrx_word' id='word_1_367' title='bbox 354 4874 382 4910; x_wconf 88' lang='lat' dir='ltr'>se</span> <span class='ocrx_word' id='word_1_368' title='bbox 395 4853 474 4913; x_wconf 85' lang='lat' dir='ltr'>Patre</span> <span class='ocrx_word' id='word_1_369' title='bbox 489 4853 517 4913; x_wconf 90' lang='lat' dir='ltr'>in</span> <span class='ocrx_word' id='word_1_370' title='bbox 530 4855 606 4915; x_wconf 90' lang='lat' dir='ltr'>nullo</span> <span class='ocrx_word' id='word_1_371' title='bbox 620 4855 772 4918; x_wconf 82' lang='lat' dir='ltr'>inferiorem</span> <span class='ocrx_word' id='word_1_372' title='bbox 786 4880 852 4935; x_wconf 82' lang='lat' dir='ltr'>esse,</span> 
     </span>
     <span class='ocr_line' id='line_1_49' title="bbox 112 4944 854 5033; baseline 0.013 -31"><span class='ocrx_word' id='word_1_373' title='bbox 112 4944 158 5003; x_wconf 89' lang='lat' dir='ltr'>scd</span> <span class='ocrx_word' id='word_1_374' title='bbox 179 4945 308 5024; x_wconf 79' lang='lat' dir='ltr'>aequalem</span> <span class='ocrx_word' id='word_1_375' title='bbox 332 4946 460 5007; x_wconf 79' lang='lat' dir='ltr'>omnino?</span> <span class='ocrx_word' id='word_1_376' title='bbox 482 4948 553 5020; x_wconf 88' lang='lat' dir='ltr'>Quia</span> <span class='ocrx_word' id='word_1_377' title='bbox 576 4950 649 5010; x_wconf 88' lang='lat' dir='ltr'>enim</span> <span class='ocrx_word' id='word_1_378' title='bbox 673 4972 725 5012; x_wconf 93' lang='lat' dir='ltr'>non</span> <span class='ocrx_word' id='word_1_379' title='bbox 751 4966 854 5033; x_wconf 88' lang='lat' dir='ltr'>poterat</span> 
     </span>
     <span class='ocr_line' id='line_1_50' title="bbox 112 5033 855 5124; baseline 0.013 -30"><span class='ocrx_word' id='word_1_380' title='bbox 112 5037 260 5096; x_wconf 82' lang='lat' dir='ltr'>substantia</span> <span class='ocrx_word' id='word_1_381' title='bbox 286 5037 370 5118; x_wconf 89' lang='lat' dir='ltr'>ipsius</span> <span class='ocrx_word' id='word_1_382' title='bbox 393 5037 493 5117; x_wconf 86' lang='lat' dir='ltr'>videri,</span> <span class='ocrx_word' id='word_1_383' title='bbox 512 5040 548 5100; x_wconf 81' lang='lat' dir='ltr'>ab</span> <span class='ocrx_word' id='word_1_384' title='bbox 569 5033 682 5124; x_wconf 76' lang='lat' dir='ltr'>operum</span> <span class='ocrx_word' id='word_1_385' title='bbox 705 5043 855 5122; x_wconf 70' lang='lat' dir='ltr'>aequalitate</span> 
     </span>
    </p>
   </div>
   <div class='ocr_carea' id='block_1_3' title="bbox 133 5250 589 5320">
    <p class='ocr_par' dir='ltr' id='par_1_7' title="bbox 133 5250 589 5320">
     <span class='ocr_line' id='line_1_51' title="bbox 133 5250 589 5320; baseline 0.004 -17"><span class='ocrx_word' id='word_1_386' title='bbox 133 5254 144 5287; x_wconf 71' lang='grc' dir='ltr'>Ι·</span> <span class='ocrx_word' id='word_1_387' title='bbox 163 5265 314 5320; x_wconf 57' lang='lat' dir='ltr'>opes-lecerat</span> <span class='ocrx_word' id='word_1_388' title='bbox 327 5251 396 5304; x_wconf 72' lang='lat' dir='ltr'>deest</span> <span class='ocrx_word' id='word_1_389' title='bbox 406 5251 430 5305; x_wconf 83' lang='lat' dir='ltr'>in</span> <span class='ocrx_word' id='word_1_390' title='bbox 441 5250 589 5320; x_wconf 60' lang='lat' dir='ltr'>quibusdum</span> 
     </span>
    </p>
   </div>
   <div class='ocr_carea' id='block_1_4' title="bbox 0 0 1902 5940">
    <p class='ocr_par' dir='ltr' id='par_1_8' title="bbox 0 0 1902 5940">
     <span class='ocr_line' id='line_1_52' title="bbox 0 0 1902 5940; baseline 0 0"><span class='ocrx_word' id='word_1_391' title='bbox 0 0 1902 5940; x_wconf 95' lang='lat' dir='ltr'> </span> 
     </span>
    </p>
   </div>
  </div>
 </body>
</html>
