3750 5940
330 419 443 467 snnno
469 418 515 466 nu
540 414 872 484 essunornornnrts,
900 419 977 468 uro.
1363 418 1430 492 7¹¹

59 540 175 602 πλούτου
185 538 390 610 1’συνεισόκτους
404 542 550 616 ἰκτήσαντο
568 563 634 621 προ·
690 539 845 621 opprobria,
854 540 989 620 convicio,
998 541 1142 602 tumulum.
1167 540 1198 602 Si
1212 541 1379 623 incusentur,
1393 565 1434 604 re-

55 620 139 682 νόδνυν.
153 620 192 681 Ὦ
205 623 313 700 βαθείας
325 624 353 681 ui
390 619 503 695 timrei
522 624 570 692 τῆς
586 643 635 680 κα-
690 619 823 699 spondcnt
837 644 845 679 ε
859 621 1000 682 Neminem
1022 623 1104 699 iaedo,
1117 620 1204 681 libere
1224 622 1347 704 pecuniis
1371 638 1435 683 utor

55 725 71 764 ι·
89 701 113 760 ὦ
132 710 229 781 πικρᾶς
242 645 463 782 φιλαργυσίαςῶ
483 707 531 774 τῆς
545 701 635 772 ἀπλη·
690 698 765 758 meis.
780 700 886 777 Deinde
900 701 924 762 si
938 701 1001 782 quis
1015 701 1361 783 eximpiishaercticiscum
1372 724 1434 764 oon·

55 781 80 850 “ς.
94 781 195 842 Λοιπὸν
204 783 302 840 ῖκεῖθεν
313 782 463 854 σκανδαλα,
473 779 635 862 θιθυρισμσθ,
690 792 774 838 temtu
787 793 815 839 et
828 802 955 861 perversa
967 781 1105 862 loquatur,
1121 801 1200 841 nemo
1214 795 1256 842 cst
1270 784 1319 861 qui
1330 798 1434 844 contra-

55 860 169 941 ιρισμολ,
197 860 312 941 θόρυόοε
346 850 415 921 Hine
447 858 636 939 ἐγκαλούμενοι
688 856 773 938 dicet,
795 880 874 920 nemo
898 861 946 945 qui
974 874 1231 944 repugneteomnes
1250 875 1316 922 tunc
1341 862 1434 955 inopes

58 943 123 1000 ·σύκ
131 941 214 1000 ἀδικῶ
226 964 300 1013 τινα,
309 939 426 1010 ίξσεσίαν
437 940 491 1021 ἔχω
500 945 552 1000 τῶν
563 942 635 1018 ἐμῶν
690 952 765 1014 sunt,
788 960 880 1000 omncs
898 940 1043 1018 taciturni,
1064 962 1157 1002 omnes
1181 941 1328 1022 tcfugiunt.
1342 943 1433 1007 Onn-

55 1010 99 1079 ίτσ
109 1020 154 1080 ἐόν
167 1043 208 1089 τις
225 1019 309 1080 όθίων
325 1023 464 1102 αἱρετικῶν
478 1024 634 1102 παραρρσνῇ
690 1016 1071 1081 saniamiomslamomnium
1085 1021 1221 1081 mulorum
1231 1021 1352 1082 redicem
1368 1042 1434 1084 osa-

55 1100 179 1178 αμμένσ,
200 1104 214 1159 δ
229 1099 372 1178 ἀντιλέγων
393 1100 491 1173 οὐδεὶς,
515 1103 529 1159 ὁ
555 1100 635 1159 πολε·
650 1126 676 1165 ες
689 1097 794 1160 titiam!
808 1100 859 1158 Per
868 1099 981 1161 diritius
1000 1101 1116 1162 salutem
1126 1102 1252 1182 consequi
1264 1101 1368 1165 vultis?
1380 1104 1434 1164 Sed

55 1203 62 1217 ·
74 1180 174 1248 πάντες
186 1178 289 1260 πτωχοὶ
311 1179 370 1240 τότε
390 1179 523 1261 γίνονται,
537 1178 634 1246 πάντες
653 1184 672 1228 Α
689 1179 824 1238 Facilius
836 1192 880 1239 est
893 1183 1038 1241 camelum
1049 1183 1250 1264 perforamen
1261 1186 1434 1244 acosintm-
1446 1193 1532 1240 ῖΙειινι.
1547 1206 1584 1256 ¹9·

55 1259 152 1327 πάντες
174 1261 296 1339 φυγάδες.
320 1258 359 1319 Ὦ
385 1263 434 1330 τῆς
454 1263 539 1331 κακῆς
563 1258 635 1338 ῥίζης
688 1277 730 1329 re,
738 1278 828 1337 quam
836 1260 956 1319 divitem
969 1265 1002 1320 in
1015 1282 1137 1343 segetum
1145 1263 1434 1335 Dei.Deticiis,ebrie
1444 1253 1483 1317 2ί·

55 1343 143 1399 κακῶν
159 1343 207 1410 τῆς
228 1338 409 1422 φιλαργυρίας.
426 1337 478 1398 Ἐκ
490 1345 536 1398 τοῦ
554 1337 635 1396 πλσό-
689 1349 744 1396 tate
761 1351 788 1396 et
803 1339 929 1428 cupediis
942 1340 1028 1401 vultis
1039 1342 1152 1400 hereses
1165 1344 1309 1423 superare?
1323 1343 1379 1402 Sed
1390 1366 1433 1404 vie

71 1422 205 1490 σωθῆναις
218 1417 288 1478 Ἀλλ’
306 1417 496 1499 Εὐκοπώτερόν
513 1420 571 1478 ἐστι
586 1416 634 1476 καί·
688 1415 779 1490 vobis,
794 1437 842 1495 qui
860 1419 889 1478 in
904 1418 1010 1480 deliciis
1025 1421 1181 1497 versamini,
1195 1423 1242 1500 qui
1261 1422 1348 1481 altum
1360 1424 1433 1516 sapi·

55 1498 176 1576 νμαλίδος
194 1504 227 1580 ῥα
249 1497 301 1566 ίδσς
318 1500 452 1569 εἰσελθεῖν,
471 1496 489 1569 ἢ
510 1496 634 1558 πλούσιον
690 1493 738 1575 tis,
749 1496 796 1574 qui
811 1499 1180 1580 auroctpretiosisvestibus
1194 1503 1333 1594 conspicui
1351 1518 1431 1563 estus:

61 1585 107 1638 τοῦ
127 1581 206 1639 Θεοῦ.
223 1521 397 1660 imprime,
416 1575 571 1657 μεθύοντες,
588 1575 635 1636 καί
689 1575 826 1667 quomodo
839 1576 901 1638 aliis
921 1579 1087 1640 exhibebitis
1104 1582 1249 1662 pulchram
1262 1582 1339 1642 ullum
1353 1584 1431 1642 Chri·

55 1681 79 1718 οι
100 1655 224 1737 βούλεσθε
245 1668 320 1738 νικῆν
341 1659 389 1725 τὰς
415 1656 541 1740 αἱρίσεις,
563 1656 633 1717 Ἀλλ’
689 1668 725 1714 sn
749 1670 944 1739 paupertatem,
962 1660 1010 1738 qui
1033 1674 1145 1742 propter
1168 1682 1217 1721 nos
1241 1663 1287 1722 ino
1307 1684 1320 1722 s
1347 1663 1433 1741 sactus

55 1743 197 1819 τρυφῶντες
214 1739 260 1797 καὶ
277 1738 510 1818 μετεωριζόμενον,
520 1741 548 1795 ἐν
566 1760 634 1817 χρυ·
690 1749 741 1812 est,
754 1737 802 1814 qui
816 1735 965 1819 discipulos
975 1739 1053 1820 jubet
1066 1741 1209 1820 pecuniam
1225 1763 1278 1803 non
1287 1685 1393 1802 imberti
1405 1742 1433 1802 in
1446 1762 1506 1806 lota.
1521 1775 1586 1823 ευρ.

55 1842 85 1885 ιις
106 1817 236 1887 ποικίλοις
256 1816 496 1896 καλλωπιζόμενοι·
510 1819 568 1885 πῶς
589 1817 635 1876 ἄλ-
690 1815 782 1874 tonis?
798 1818 870 1877 Vere
881 1818 986 1895 matis,
1005 1840 1058 1878 non
1073 1820 1252 1901 intelligentes
1266 1822 1431 1904 Scripturas.

55 1901 92 1974 ,ἠν
112 1896 199 1970 καλὴν
211 1897 346 1979 πτωχείαν
370 1903 416 1957 τοῦ
443 1898 634 1977 Χριστοῦ,τῶ
691 1896 751 1954 Non
771 1895 874 1956 auditis
892 1898 1040 1957 Doniinum
1055 1899 1208 1960 dicentem:
1225 1905 1313 1961 Beati
1323 1924 1433 1983 paupe·
1446 1914 1507 1960 νεία.
1520 1915 1544 1962 5.
1559 1916 1587 1966 3.

55 1977 214 2062 γεύσαντας,
234 1983 281 2038 τοῦ
304 1975 486 2056 ἐντειλαμένου
508 1983 563 2044 τοῖς
585 1999 636 2053 μα·
689 1987 786 2049 res;et
803 1997 923 2050 rursum,
941 1980 992 2037 Vm
1013 1983 1098 2039 vobis
1116 1981 1268 2052 divitiorem
1283 1995 1319 2054 et,
1335 1984 1435 2042 Nolite
1444 2003 1500 2047 tue.
1519 2002 1585 2067 644.

55 2069 63 2120 i
94 2061 132 2139 μὴ
161 2062 183 2120 ἔ·
196 2084 234 2120 ειν
261 2057 360 2138 χαλκὸν
389 2061 415 2116 ἐν
447 2066 504 2124 ταῖς
532 2055 634 2124 ζώναις.
691 2056 893 2115 thesaurizare
906 2078 992 2138 super
1005 2061 1433 2123 terramiDiritiaevestraecre·
1447 2067 1530 2114 Mani.
1545 2070 1571 2117 6.

55 2146 141 2214 ιᾶεθε,
167 2084 204 2220 pi
229 2144 345 2206 νοοῦντες
370 2136 418 2205 τὰς
438 2136 554 2217 Γραρός.
575 2136 636 2195 Οὐκ
690 2148 800 2225 verunt,
816 2148 939 2195 etsermo
952 2138 1434 2203 vesterdefecitzvestimentavestra
1448 2141 1484 2188 ¹9·

55 2220 140 2300 ίυρίου
152 2221 286 2301 λέγοντος,
299 2217 340 2277 ὅτι
363 2217 499 2298 Μακάριοι
520 2219 545 2275 οῖ
562 2238 635 2274 πτιυ-
690 2215 855 2274 avcrmtbus
872 2237 979 2276 corrosa
1002 2231 1066 2276 sunt
1080 2241 1087 2275 ε
1102 2219 1200 2298 quibus
1213 2219 1249 2280 de
1264 2223 1345 2282 relius
1357 2222 1435 2282 Prin·

55 2326 78 2374 ν,
92 2301 162 2361 Οὐαὶ
183 2303 316 2379 θμῖντοῖς
340 2296 490 2363 πλουσίοις·
512 2295 572 2368 καί,
586 2294 634 2367 Μὴ
690 2292 745 2383 cipi
771 2308 910 2374 pastorum
940 2295 1048 2356 Christo
1077 2299 1208 2358 rationem
1236 2300 1345 2361 dabitis.
1375 2305 1436 2363 Non

56 2381 88 2440 πὶ
97 2385 144 2452 τῆς
154 2385 216 2481 γῆς
229 2378 264 2439 ‘0
273 2380 386 2445 πλοῦτος
394 2380 467 2455 ὑμῶν
477 2373 635 2448 ἐπληθύνθη,
690 2393 764 2431 cmm
786 2374 916 2453 ignoratis
935 2396 1070 2455 quemque
1088 2392 1210 2438 nostrum
1228 2379 1361 2441 rationem
1378 2384 1436 2442 Deo

55 2464 122 2539 λμῶν
145 2462 275 2530 ἐςελειπε·
288 2457 323 2516 τόν
337 2457 431 2535 ἱμάτια
454 2459 528 2533 ὑμῶν
554 2454 636 2526 σητό-
654 2464 672 2511 Β
690 2450 863 2513 redditurum
882 2474 1014 2531 essenos
1029 2469 1120 2516 nutem
1136 2471 1162 2517 ct
1178 2480 1228 2541 pro
1246 2460 1325 2520 vobis
1342 2475 1369 2521 et
1385 2484 1436 2553 pro

55 2529 329 2700 λελλ
344 2536 637 2692 testitum
690 2531 1438 2693 λλλλλλλλλλλς

331 2661 339 2689 s
570 2659 576 2685 ν
861 2660 869 2682 ε
1192 2664 1197 2677 ·
1257 2664 1263 2677 ·

66 2698 72 2718 Ι

55 2721 118 2780 ,ογον
162 2699 216 2758 ’σει
229 2703 268 2800 πρῖε
288 2699 364 2778 Θεῷ·
380 2702 453 2774 ὑμεῖς
467 2693 495 2754 δὲ
509 2693 555 2752 καί
569 2692 636 2773 ὑπὲρ
691 2713 724 2751 ne
733 2635 896 2752 taientomm
913 2693 1123 2757 obliviscamini.
1137 2698 1296 2765 Attendite
1308 2703 1395 2761 vobis
1409 2715 1438 2762 et
1448 2706 1586 2755 mussas.

55 2778 159 2919 νλριτῶν
171 2778 322 2860 προόατιυν,
336 2781 466 2857 ἀρχιερεῖς
485 2773 531 2833 καί
543 2777 636 2854 ἱερεῖς,
692 2776 828 2832 universo
840 2778 938 2864 gregi.-
947 2774 1037 2835 videte
1051 2797 1085 2836 ue
1095 2798 1148 2856 qua
1163 2779 1223 2838 ovis
1233 2800 1267 2869 er
1281 2800 1362 2860 grege
1376 2803 1436 2862 per·

96 2882 175 2928 αστος
186 2857 275 2926 καθὼς
289 2856 442 2928 ίπιστιόθη.
453 2855 523 2914 Ἀλλ’
543 2857 635 2934 ὁρᾶτε,
690 2865 743 2910 eat.
760 2852 818 2912 Hoc
839 2874 911 2912 enim
927 2853 1029 2929 scitote,
1055 2858 1077 2916 si
1088 2857 1133 2916 vel
1150 2879 1203 2917 uno
1217 2879 1277 2933 ovis
1289 2881 1337 2940 per
1351 2860 1436 2942 negli-

55 2942 127 2998 νεῶν
140 2939 284 2999 ταλάντων.
296 2936 447 3019 Προσίγετε
468 2939 569 3001 ἑαυτοῖς
590 2933 635 2992 καί
690 2931 809 3011 gentiam
825 2946 942 2992 vestram
957 2955 973 2991 ιν
987 2935 1050 2994 feris
1066 2950 1145 3018 capta
1160 2936 1240 3015 desit,
1254 2952 1338 2999 totum
1349 2941 1436 3000 vitum

55 3018 135 3100 μνίιρ·
155 3017 273 3078 Βλόπετε
294 3018 332 3093 μὴ
347 3004 478 3095 ἀπολείψῃ
499 3012 634 3093 πρόόστον
689 3025 874 3073 νέεετενιιεεεε
888 3012 1098 3074 subvertendam
1114 3040 1121 3074 ι
1136 3017 1227 3078 Judex
1243 3019 1315 3079 enim
1325 3021 1435 3100 sangni-

55 3125 80 3172 ,ς.
88 3101 180 3169 Τοῦτο
199 3097 251 3177 γόρ
261 3099 322 3156 ἐστι
335 3094 523 3177 γινώσκοντες,
535 3093 576 3153 ότι
588 3093 634 3152 ἐὰν
688 3113 750 3151 nem
765 3092 824 3174 ejus
836 3091 872 3152 de
884 3093 1009 3156 manibus
1021 3095 1120 3156 vestris
1131 3097 1257 3177 requiret.

55 3178 176 3282 irroisipq
195 3177 334 3256 γενόμενον
348 3175 511 3271 θηριόλυντον
526 3173 632 3252 ίξθμε-

55 3283 94 3332 ις,
109 3281 197 3319 παντσ
213 3258 258 3316 τὸν
273 3256 329 3337 βίον
345 3259 420 3332 θμων
431 3255 587 3313 κατέλυσεν·
603 3252 634 3312 τὸ

55 3346 92 3400 to'i
108 3342 138 3398 ίκ
163 3341 216 3397 τῶν
239 3340 337 3418 χειρῶν
361 3339 434 3414 ὑμῶν
455 3332 634 3405 ἀπσιτήσειθ

55 3487 115 3557 :otis
129 3497 231 3569 λοιπὸν,
243 3494 372 3578 κηρύξατε
384 3493 429 3553 τὸν
445 3492 532 3573 λόγον,
550 3495 633 3574 duop-
728 3493 757 3553 7.
778 3492 914 3574 Respicite
936 3493 1037 3574 igitur,
1052 3493 1198 3576 predicate
1222 3498 1351 3575 verbum,
1365 3501 1435 3583 abji.

55 3604 58 3628 ·
84 3576 210 3657 βιωτικὴν
226 3575 372 3654 μέριμναν,
385 3574 498 3654 βλέπετε
516 3573 633 3653 ἀκριόῶς
688 3570 741 3632 cite
769 3595 875 3634 omnem
893 3575 1048 3634 secularem
1074 3596 1184 3654 curam,
1202 3577 1293 3639 videte
1312 3597 1436 3641 accurate

55 3668 109 3718 ῖτε·
119 3657 237 3718 Βλέπετε
250 3654 310 3724 τοὺς
321 3655 409 3722 κύνας.
424 3654 512 3714 Πόλιν
524 3652 555 3712 τὸ
570 3653 633 3730 βλέ-
649 3659 668 3707 C
687 3653 822 3730 quomodo
831 3655 975 3715 ambuletis
989 3678 996 3711 :
1014 3657 1114 3714 Videte
1127 3679 1224 3718 canes.
1240 3661 1360 3720 Rursum
1374 3662 1435 3723 dico
1446 3680 1549 3743 Philipp.
1559 3681 1585 3730 3.

55 3737 91 3797 ιαλ
115 3736 200 3817 λέγων
227 3739 256 3795 οὐ
277 3735 406 3835 παύομαι.
429 3734 546 3794 Βλέπετε
572 3732 633 3802 τοὺς
688 3733 798 3811 Videte,
811 3756 859 3794 nec
878 3737 962 3799 finem
975 3734 1084 3794 dicendi
1105 3737 1213 3798 inciam.
1234 3739 1333 3801 Videte
1351 3743 1469 3817 firres,²·

55 3842 115 3878 πετε
128 3817 169 3877 ότι
184 3815 278 3876 πολλοὶ
297 3818 392 3875 πλανοι
412 3815 518 3887 ἐξῆλθον
533 3817 570 3879 εἰς
587 3813 634 3874 τὸν
686 3812 777 3873 videte
791 3815 891 3874 multos
903 3815 1058 3896 deceptores
1073 3815 1101 3874 in
1115 3818 1248 3877 mundum
1262 3821 1369 3879 effusos.
1382 3823 1433 3882 Vi-

55 3905 157 3957 ιπνεῖτε
179 3895 226 3955 καλ
246 3897 356 3977 ripere,
381 3900 405 3954 ot
425 3895 456 3956 τὸ
477 3893 632 3954 δεσποτικὸν
686 3893 768 4031 ργρίεεε
781 3908 807 3952 et
820 3895 959 3970 attendite,
971 3895 1071 3973 quibus
1090 3896 1199 3956 Domini
1222 3900 1311 3977 gratia
1323 3921 1431 3965 concre-

55 3976 257 4048 ιπιστευθέντες,
271 3975 316 4035 καί
336 3985 502 4056 γρηγορεῖτε,
516 3973 562 4032 καὶ
583 3972 631 4046 τὴν
710 3973 744 4032 'to
759 3987 897 4052 est,ntque
910 3974 1005 4032 horam
1023 3975 1154 4034 tremendi
1168 3978 1280 4036 Domini
1298 3980 1432 4040 adventus

55 4057 121 4137 ἱερᾶς
138 4057 285 4137 παρουσίας
303 4061 349 4114 τοῦ
364 4056 501 4115 Δεσπότσυ
512 4060 631 4135 τηρεῖτε,
686 4053 952 4132 observate,qnando
963 4053 1195 4135 venietpositurus
1204 4058 1335 4117 rationem
1341 4060 1432 4120 vobis-

57 4146 167 4216 συνᾶραι
177 4136 255 4216 λόγον
268 4136 327 4215 μεθ’
341 4139 424 4213 ὑμῶν,
438 4127 474 4202 οἷς
492 4134 632 4194 ἐπίστευσε
686 4153 760 4207 cum,
770 4133 870 4212 quibus
886 4133 983 4192 talenta
1001 4133 1146 4193 commisit.
1161 4136 1224 4195 Haec
1245 4137 1335 4217 itaque
1353 4142 1430 4219 cogi-

55 4219 125 4275 ἀῦτα
136 4215 220 4274 τοίνυν
232 4216 301 4276 κατθι
307 4222 366 4274 νοῦν
375 4203 515 4295 {poneretis
526 4215 631 4292 ἀγαπς-
686 4226 781 4285 tontes,
795 4212 898 4289 dilecti,
913 4216 1033 4273 Pascite
1055 4235 1171 4295 gregem
1193 4219 1262 4291 Dei,
1279 4223 1331 4300 qni
1352 4223 1433 4301 apud
1446 4249 1466 4280 ι.
1479 4235 1533 4281 Pei.
1542 4233 1567 4281 5.

55 4321 69 4356 ε
82 4297 112 4355 τὸ
125 4300 151 4356 ἐν
162 4301 224 4373 ὑμῖν
233 4297 354 4374 ποίμνιον
365 4302 411 4355 τοῦ
422 4298 502 4365 Θεοῦ,
511 4297 546 4360 ὡς
559 4293 632 4372 λέγει
685 4314 740 4353 vos
750 4306 803 4366 est,
813 4308 843 4352 ut
852 4293 918 4353 dicit
927 4293 1078 4375 apostolus,
1090 4315 1150 4352 non
1159 4311 1270 4369 coacte,
1285 4301 1338 4357 sed
1345 4321 1431 4380 spon·
1442 4301 1523 4358 ²⁹4·

62 4375 99 4456 μὴ
113 4379 323 4455 ἀναγκαστικῶς,
340 4377 398 4435 ἀλλ’
413 4374 549 4446 ἑκουσίως,
563 4374 630 4451 μηδὲ
687 4387 784 4442 tanee;
797 4396 856 4432 non
870 4378 962 4454 turpis
974 4375 1049 4433 lucri
1060 4379 1170 4455 gratia,
1184 4378 1236 4435 sed
1248 4379 1431 4452 voluntari&

59 4501 68 4529 ,
91 4455 339 4535 minacissimae,
360 4454 426 4534 μηδὲ
448 4458 485 4522 ὡς
514 4476 630 4514 κατακυ-
687 4454 1432 4541 nequentdominantesinclerum,sedformafacti

58 4536 176 4615 κλήρου,
187 4536 257 4596 ἀλλὰ
272 4535 351 4594 τύποι
364 4536 424 4614 γενό
460 4558 500 4594 νσι
512 4539 557 4594 τοῦ
568 4556 629 4593 ποι-
684 4538 787 4614 gregis.
799 4536 915 4593 Etcum
924 4537 1093 4614 apparuerit
1107 4536 1248 4619 Princeps
1263 4552 1429 4619 pastorum,

55 4616 271 4696 ινερωθέντοςτοῦ
289 4559 476 4696 ἀρχιποιμίύσς
489 4612 629 4692 κομίσεσθε
703 4618 848 4694 ercipietis
869 4614 1141 4673 immarcescibilem
1150 4616 1254 4696 gloria
1276 4639 1426 4681 coronam.

55 4701 144 4767 ναντῆς
156 4695 231 4766 δόξης
244 4695 381 4776 στέφανον.
393 4687 629 4756 Πάλινσῧνταύτὰ
682 4636 750 4752 ileu
771 4715 865 4753 rursus
886 4693 987 4754 dicam.
1003 4692 1113 4768 Audite,
1138 4695 1287 4757 sacerdotes
1304 4699 1432 4777 Domini,

55 4800 65 4835 ε
80 4778 159 4856 ἱερεῖς
174 4775 291 4855 Κυρίου,
306 4778 428 4841 Βασιλεῖς
445 4781 492 4848 τῆς
505 4779 567 4855 γῆς,
583 4774 628 4833 καλ
683 4776 775 4854 Reges
803 4787 904 4848 terra,
928 4787 958 4834 et
979 4794 1080 4834 omnes
1100 4777 1217 4856 populi,
1233 4782 1380 4860 principes
1402 4794 1431 4840 et
1442 4803 1509 4848 Psat.
1530 4799 1584 4863 ¹4⁸·

63 4856 187 4937 ἄρχοντες
200 4855 246 4914 καλ
268 4856 366 4922 πάντες
379 4856 468 4937 κριταλ
486 4860 550 4935 γῆς·
566 4859 664 4918 see-'n
683 4875 783 4914 omnes
791 4856 908 4936 judices
926 4867 1011 4913 terrie
1024 4877 1033 4910 .·
1041 4857 1167 4936 Juvenes
1180 4868 1209 4914 ct
1227 4861 1370 4939 virgines,
1386 4880 1430 4919 se·
1443 4878 1479 4910 ¹¹-

55 4936 168 5018 ιρθίνσι,
193 4934 368 5018 πρεσόότεροι
425 4935 458 4994 τὰ
482 4935 626 5015 νεωτέρων.
683 4955 744 5006 nes,
761 4955 827 4993 cum
835 4937 1014 5017 junioribus.
1030 4934 1166 4996 Auribus
1177 4941 1318 5028 percipite
1330 4960 1429 5000 omnes
1443 4968 1504 5014 ma,
1513 4964 1581 5030 γε,
1676 4936 1681 4947 '

55 5018 136 5083 πάντες
149 5018 174 5074 οἱ
184 5021 365 5083 κατοικοῦντες
405 5039 419 5074 ν
431 5015 595 5094 οἰκουμένην,
602 5017 626 5072 οἱ
681 5018 733 5095 qui
745 5016 888 5076 habitatis
897 5015 1098 5096 orbemrparvi
1107 5029 1134 5077 et
1144 5036 1246 5096 magni,
1254 5017 1312 5078 sive
1323 5039 1428 5078 moscin·
1439 5030 1462 5078 3.

55 5187 291 5254 „subintroductus
304 5189 424 5257 virgines.
432 5189 469 5239 De
477 5184 569 5255 quibus
579 5189 616 5239 vi·
665 5191 721 5240 ctis.

55 5269 89 5325 ius
100 5264 227 5318 Editionis
235 5303 243 5331 ,
255 5267 375 5319 &tutone
393 5265 426 5318 de
443 5264 615 5319 subintrodu-
