3750 5940
363 426 398 475 ru
424 424 585 475 solunt-,u
610 424 729 471 trouu„
745 425 802 473 nu.
829 401 878 473 ul.
897 425 942 473 nr.
1364 399 1433 473 355

53 557 167 632 ῖρουῖντα
179 547 276 609 abbo
289 548 334 608 τὸν
351 548 476 630 Πατίρα·
495 548 540 609 καί
554 548 635 607 πάλιν
689 547 860 623 substantie,
886 560 975 629 posset
990 545 1125 627 quispiam
1139 566 1297 625 cognoscere
1317 549 1434 622 Patrem,

53 648 72 707 b
87 642 167 703 εἰδότα
185 639 310 714 πάντοκ,
335 641 432 703 eliisei
450 640 495 700 τὸν
516 640 634 722 Πατέρα.
688 652 714 696 et
729 638 820 719 ipsum
830 639 968 718 ignorare:
983 638 1200 717 rursumqucqui
1212 641 1320 698 Patrem
1337 653 1433 711 nosset,

53 721 473 817 btpuuostlbbmldevdppltou.
489 732 552 805 Nori,
561 730 635 811 φησί·
689 751 742 789 nou
768 731 830 789 idco
849 730 951 789 Filium
976 745 1154 811 cognosceret.
1180 732 1270 808 nequo
1293 732 1365 791 enim
1385 732 1432 809 qui

53 826 154 905 bisico
170 825 260 901 εἰδὼς,
276 814 329 884 οἶδε
342 824 478 885 τὸνθεόν.
493 827 634 902 (λθδαμῶς.
693 822 768 881 novit
791 821 939 900 bominem,
964 823 1039 883 novit
1051 822 1130 882 ctiam
1152 822 1287 901 angelum.
1310 826 1379 895 lmo,
1393 825 1433 882 in·

53 923 119 981 ιιίσιν
136 922 160 977 οἱ
178 916 228 991 ritu
250 917 336 977 κτίσιν
358 916 469 986 εἰδότες
489 913 635 996 μᾶλλονδὲ
692 913 784 992 quies,
798 936 860 973 nam
873 914 921 994 qui
935 915 1010 974 novit
1027 928 1187 988 creaturam,
1202 914 1277 975 novit
1295 928 1321 973 et
1337 917 1433 974 Deum.

53 1036 116 1093 ρνεοι
134 1012 234 1091 (δρῶσι
252 1008 306 1091 γάρ
321 1009 426 1084 αὐτὴν),
443 1008 491 1070 καλ
509 1010 554 1068 τὸν
567 1008 635 1067 Θεὸν
695 1004 817 1064 Minime.
830 1006 913 1066 Multi
921 1006 993 1065 enim
1001 1018 1099 1066 norunt
1110 1019 1271 1081 ereaturam,
1283 1005 1436 1065 imoomucs

53 1102 184 1181 ιςξᾶζωρςυ
196 1101 283 1163 τοίνυν
296 1102 340 1162 τὸν
353 1102 417 1162 Υἱὸυ
435 1107 481 1161 τοῦ
500 1103 585 1172 Θεοῦ,
599 1099 636 1176 μὴ
697 1095 826 1174 hominos,
837 1097 884 1176 qui
895 1097 988 1157 rident
1001 1098 1087 1171 illam,
1101 1111 1126 1155 et
1147 1100 1237 1156 Deum
1262 1118 1313 1156 non
1328 1112 1434 1157 norunt.

53 1194 183 1275 ίερμάνω,
199 1193 269 1254 ἀλλὰ
290 1193 336 1253 καλ
356 1197 388 1273 τῇ
411 1193 455 1253 διὰ
476 1197 528 1251 τῶν
546 1191 638 1272 ίργων.
697 1191 887 1281 Glorisrcemus
909 1215 973 1273 ergo
997 1194 1100 1253 Filium
1122 1194 1184 1270 Dei,
1199 1215 1251 1252 nou
1279 1194 1330 1253 hac
1350 1194 1436 1273 gloria

54 1286 134 1359 ἐκείνης
145 1287 220 1354 ἐκτὸς
232 1285 305 1346 οθδίν
327 1283 472 1345 ἐστιν.’ίδε
487 1284 535 1355 σθ,
551 1282 639 1363 ρησλν,
697 1286 870 1362 tantum,std
883 1288 964 1345 etiam
978 1307 1124 1367 poropera.
1141 1286 1205 1345 Sino
1226 1286 1279 1343 bac
1296 1286 1437 1365 euiruglo-

53 1378 169 1459 πειράζῃ,
189 1378 236 1439 καὶ
257 1376 417 1458 ἐπαναπαύῃ
430 1381 469 1459 τῷ
487 1376 576 1457 νόμερ,
595 1375 639 1434 καὶ
697 1377 747 1452 ria,
760 1377 807 1437 illa
818 1378 941 1438 nubilest.
955 1381 1028 1439 t'tcte
1038 1393 1080 1451 tu,
1095 1378 1194 1458 iruprit,
1204 1381 1325 1439 tauteus
1334 1402 1438 1460 ctrgno-
1449 1384 1474 1429 ll<

53 1472 124 1552 ιθιῷ.
142 1468 178 1530 ‘0
192 1460 237 1530 otis
252 1470 382 1531 διδάσκων
396 1470 440 1529 τὸν
451 1468 549 1551 ίτιρον,
563 1492 641 1529 σεαυ-
698 1472 831 1542 minaris,
844 1475 913 1531 etin
923 1473 986 1552 lego
994 1475 1127 1553 quiescis,
1139 1485 1167 1531 et
1174 1474 1312 1553 gloriaris
1320 1477 1352 1532 in
1362 1476 1436 1533 Deo.

53 1562 144 1639 λίσκιιςς
158 1567 173 1622 θ
186 1563 215 1621 ἐν
232 1562 307 1643 νόμιρ
326 1559 514 1642 καυχώμενος,
534 1560 577 1621 od
595 1564 642 1631 τῆς
660 1582 677 1627 ιι
702 1562 758 1640 Qui
768 1565 862 1623 alium
877 1566 973 1635 doces,
995 1569 1117 1645 teipsum
1139 1586 1199 1623 non
1215 1566 1300 1628 doces
1311 1572 1324 1622 i
1335 1571 1386 1647 qui
1407 1573 1440 1626 in
1451 1574 1474 1617 tt

53 1660 107 1723 ςτῶ
120 1655 200 1732 νόμου
210 1654 256 1714 τὸν
272 1653 341 1715 θεὸν
357 1653 502 1733 ἀτιμάζεις,
516 1654 590 1735 Ὅρα
605 1651 641 1731 μή
700 1657 762 1736 lege
770 1658 917 1737 gloriaris,
927 1681 980 1738 per
989 1659 1059 1738 legis
1070 1665 1328 1740 transgressionem
1344 1664 1440 1721 Dctttn

53 1756 92 1815 ot<
102 1748 143 1809 bri
154 1752 189 1827 τῇ
201 1745 325 1829 δρθθτιτι
338 1751 386 1817 τῆς
400 1746 515 1814 πίστεως
532 1746 642 1825 καυχώ-
699 1754 879 1812 inhonorus?
892 1753 964 1815 Vide
978 1775 1011 1812 nc
1032 1776 1080 1813 nos
1104 1755 1154 1834 ipsi
1177 1754 1290 1814 inrecta
1308 1755 1361 1815 sulc
1384 1756 1441 1836 glo·

61 1846 96 1900 rc
113 1838 149 1919 μὴ
169 1838 351 1918 συμὸαίνοντα
368 1842 401 1917 τῇ
424 1838 511 1899 πίστει
527 1839 570 1897 τὸν
587 1837 643 1916 βίον
698 1843 807 1919 riantes,
823 1843 897 1924 quod
909 1846 994 1907 vitam
1008 1846 1072 1905 tidei
1087 1862 1287 1922 consentaneam
1298 1870 1350 1909 non
1364 1851 1441 1909 cxlii-

53 1955 88 2006 οι,
97 1932 137 1991 τὀν
148 1930 217 1991 Θεθν
228 1930 410 2010 ἀτιμάζωμεν,
423 1937 556 1997 ποιοῦντες
567 1930 643 1990 αὐτὸν
698 1936 820 2005 beamus,
837 1939 924 1997 Βουιυ
935 1937 1206 2014 inhonoramusdum
1219 1941 1247 1999 in
1257 1962 1337 2000 causa
1349 1964 1443 2001 sumus

53 2027 98 2084 θοι.
112 2023 165 2084 lici
177 2022 231 2105 γάρ
244 2022 402 2083 διδάσκαλον
421 2026 468 2095 τῆς
482 2022 643 2102 οἰκουμένης,
699 2027 772 2106 quod
788 2027 998 2108 blasphemetur.
1015 2030 1084 2091 Vult
1099 2030 1172 2089 euim
1197 2030 1244 2089 ille
1257 2031 1443 2092 Christianum

65 2116 104 2177 καὶ
119 2123 185 2197 φῶς,
207 2115 254 2175 καὶ
279 2115 344 2184 άλας
366 2106 434 2176 εἶναι
454 2116 576 2195 βούλεται
600 2116 643 2175 τὸν
700 2140 757 2178 esse
779 2119 916 2179 doctorem
939 2120 1023 2197 orbis,
1044 2122 1216 2200 fermentum,
1229 2122 1328 2198 lucem,
1350 2124 1442 2183 salem.

53 2208 98 2269 ,Τί
106 2209 133 2268 δέ
150 2212 208 2269 ἐστι
219 2208 250 2269 eb
266 2212 336 2289 φῶςς
351 2210 413 2276 Βίος
426 2208 550 2287 λάμπων,
564 2208 644 2288 μηδὲν
701 2210 777 2283 Quid
796 2224 836 2269 est
855 2210 928 2271 lux?
942 2212 1005 2273 Vita
1019 2210 1174 2292 splendens,
1195 2213 1265 2273 nibil
1277 2215 1384 2274 obscuri
1397 2216 1445 2275 ba-

53 2298 145 2378 ιομίνον.
155 2302 197 2361 Τὸ
207 2304 263 2381 φῶς
275 2302 325 2381 obp
335 2303 421 2381 ἑαυτῷ
434 2299 576 2383 χρήσιμον,
587 2299 645 2363 utet
701 2304 775 2363 bens.
792 2304 855 2363 Lux
868 2324 922 2363 non
940 2303 994 2363 sibi
1005 2303 1081 2364 utilis
1093 2318 1144 2380 est,
1157 2318 1188 2363 ut
1201 2326 1286 2384 noque
1298 2306 1349 2381 sul,
1360 2327 1446 2386 noque

53 2389 101 2464 δέἡ
115 2391 203 2471 ζύμη,
219 2395 278 2453 ἀλλ’
297 2395 333 2460 εἰς
349 2391 452 2475 ἐτέρους
470 2393 646 2453 ἐπιδείκνυται
701 2397 872 2471 seuueutum,
885 2396 932 2455 sod
945 2396 1008 2457 aliis
1023 2396 1165 2457 utilitatem
1180 2398 1305 2457 asserunt.
1320 2400 1359 2457 lta
1371 2420 1386 2457 a
1398 2420 1445 2459 no·

53 2482 177 2553 τιοῦτως
195 2487 225 2544 οὗ
237 2482 287 2556 τὴν
299 2486 399 2544 tenebo
418 2484 546 2565 ὠφέλειαν
566 2489 646 2545 cirrat-
703 2489 745 2549 bis
756 2508 809 2549 uon
824 2489 927 2549 utilitas
936 2503 1040 2549 tanturn
1052 2503 1150 2564 nostra,
1163 2490 1211 2549 scd
1222 2504 1248 2549 et
1258 2491 1375 2550 aliorum
1389 2494 1447 2551 cxi·

53 2598 94 2650 rw,
111 2574 180 2637 άλλδ
200 2575 247 2636 καλ
267 2575 316 2650 τλν
335 2576 440 2659 tripos.
456 2576 497 2636 'lb
514 2576 567 2658 γάρ
582 2577 647 2645 άλας
704 2581 785 2659 gitur.
809 2580 856 2641 Sat
868 2582 940 2641 enim
959 2581 1009 2640 nisi
1030 2580 1129 2641 salsum
1147 2581 1255 2658 reddat,
1273 2604 1326 2641 uon
1340 2596 1379 2641 est
1398 2585 1445 2642 sul.

53 2671 84 2747 lp,
95 2668 140 2728 οθκ
154 2668 226 2728 ἐστὶν
242 2668 319 2735 ἅλας.
338 2667 392 2728 Καὶ
409 2666 498 2751 ίτερον
513 2667 581 2728 δέτι
602 2672 646 2728 ἐν·
664 2679 684 2727 θ
704 2672 758 2733 Sod
779 2672 854 2733 aliud
874 2671 1016 2753 quidpiam
1036 2670 1253 2753 deprehenditur.
1269 2676 1336 2733 Nam
1362 2675 1384 2733 si
1401 2696 1449 2735 nos

58 2758 92 2819 ίτι
117 2759 163 2821 etv
190 2760 266 2821 αθτολ
296 2759 516 2841 κατορθώσωμεν,
544 2761 648 2822 ίσονται
704 2779 773 2825 recte
782 2764 920 2841 vivamus,
937 2763 984 2823 alii
995 2784 1101 2842 quoquc
1114 2764 1180 2823 beru
1197 2787 1225 2824 sc
1239 2779 1348 2844 gerent:
1364 2766 1448 2825 donce

58 2848 147 2935 ίτεροι·
158 2850 209 2920 ίως
221 2853 244 2911 δ’
254 2851 285 2911 διν
296 2852 370 2912 αθτοὶ
380 2850 417 2931 μὴ
428 2851 648 2934 κατορθώσωμεν,
704 2871 794 2917 autem
803 2856 1015 2930 rectcvivamus,
1024 2876 1076 2915 nou
1088 2855 1235 2935 poterimus
1244 2856 1447 2937 aliisprodesse.

53 2946 155 3017 τθιῆσαι
166 2943 341 3023 δυνησόμεθα.
354 2934 446 3016 Μηδίν
459 2946 557 3027 μωρὸν,
567 2946 648 3024 μηδὲν
706 2948 783 3008 Nihil
804 2950 929 3024 fatuum,
954 2946 1023 3007 nibil
1046 2947 1128 3007 rnolle
1140 2947 1213 3028 apud
1236 2970 1284 3008 nos
1304 2949 1349 3009 sit.
1367 2950 1450 3009 Tales

53 3038 142 3115 ίθμῖν.
157 3038 278 3097 Τοιαῦτα
286 3036 339 3119 γάρ
351 3036 385 3097 cd
393 3035 510 3115 κοσμικλ
524 3038 649 3118 πράγμα-
705 3055 769 3099 sunt
782 3062 823 3099 res
841 3039 993 3114 saecttlarcs,
1007 3038 1073 3097 tales
1085 3038 1167 3119 bujus
1177 3039 1272 3099 mundi
1291 3041 1449 3100 sollicitudi-

53 3151 70 3185 ιι
90 3130 115 3185 αἱ
136 3126 261 3206 βιωτικαί
279 3128 422 3212 φροντίδες.
447 3127 501 3188 nrt
521 3135 597 3188 τοῦτο
622 3134 649 3189 nl
707 3154 761 3191 nes.
773 3130 838 3192 ldeo
860 3130 980 3211 virgines
1000 3131 1080 3189 tatus
1092 3131 1314 3211 strutaplsellutm,
1326 3133 1388 3211 quia
1410 3134 1451 3192 la-

53 3217 106 3301 νρολ
123 3219 286 3293 ἐκλήθησαν,
306 3219 346 3279 δτι
368 3219 430 3303 περλ
445 3218 480 3280 τά
502 3220 594 3301 μωρθ,
615 3221 649 3281 εδ
707 3223 761 3282 tuis
785 3223 866 3283 robus
883 3221 1056 3281 securioribus
1076 3221 1296 3302 operarudubant
1310 3248 1316 3279 :
1330 3222 1375 3284 bic
1387 3247 1449 3285 oon-

53 3308 174 3391 νίμματα,
197 3310 362 3391 ἠοχοληντο·
384 3314 495 3372 ἐνταῦθα
519 3312 567 3390 μίν
591 3338 650 3373 συν-
707 3328 917 3395 g1·egantos,nec
935 3312 1096 3394 deponentes
1119 3314 1166 3373 ubi
1176 3312 1310 3395 deponere
1321 3333 1447 3397 parerat.

53 3408 79 3462 θα
87 3402 112 3465 δέ
126 3408 208 3488 ἐχρῆν
219 3404 258 3484 μὴ
269 3405 467 3485 ἀποτιθέμενοι.
478 3405 543 3474 Δίος
556 3396 600 3466 οὖν
613 3406 650 3485 μὴ
708 3407 873 3467 Timendum
883 3426 949 3485 ergo
960 3427 994 3465 ne
1005 3404 1125 3486 idipsum
1135 3407 1213 3467 nobis
1224 3408 1371 3488 contingat,
1384 3432 1452 3471 ueto

53 3496 74 3557 ιθ
91 3499 153 3557 αθτδ
166 3497 308 3575 πάθωμεν·
323 3498 379 3566 δέος
394 3497 432 3579 μὴ
448 3499 495 3558 καὶ
509 3504 587 3577 ἡμεῖς
606 3504 650 3580 ῥυ·
707 3500 825 3561 sordidis
844 3498 933 3559 induti
944 3497 1064 3559 vestibus
1073 3498 1202 3559 abeamus
1222 3499 1283 3575 illo,
1295 3501 1341 3561 ubi
1360 3524 1452 3561 omues

53 3592 132 3669 θωμεν
153 3588 318 3668 ἐνδεδυμένοι
336 3589 448 3669 ἱμάτια,
471 3590 533 3649 ἐνθα
556 3590 651 3658 πάντες
708 3592 858 3675 splendidis
877 3604 939 3651 sunt
960 3589 1058 3649 induti.
1071 3590 1149 3649 Nihil
1161 3591 1233 3651 eninr
1244 3592 1380 3654 sordidius
1390 3617 1453 3675 pcc·

53 3680 101 3763 σρθ
118 3680 163 3740 καὶ
183 3686 323 3764 περιρανῆ.
346 3681 500 3761 οὐδὲνγὰρ
520 3682 652 3764 ἁμαρτίας
709 3700 778 3760 cato,
794 3684 864 3744 nibil
888 3680 1030 3763 impurius.
1054 3684 1225 3763 Quapropter
1246 3684 1305 3763 ejus
1330 3699 1453 3744 naturam

53 3793 79 3846 κ,
101 3773 173 3835 οὐδὲν
194 3773 411 3857 ἀκαθαρτότερον.
427 3775 476 3834 Διὸ
502 3774 551 3846 ris
575 3774 651 3854 ρθσιν
668 3791 689 3838 t)
707 3777 862 3837 describens
884 3774 1015 3856 propheta
1043 3773 1193 3833 clamabat:
1214 3777 1395 3835 Putrueruut
1425 3790 1474 3837 ett

53 3862 132 3943 ιρίτςς
148 3863 301 3948 ἑρμηνεύων
315 3865 397 3926 ἐθόα·
417 3863 593 3948 Προσώζεσαν
607 3866 653 3926 καί
709 3880 926 3950 corruptoesunt
938 3870 1090 3927 cicatrices
1099 3888 1180 3925 mete,
1193 3866 1222 3925 Si
1236 3867 1276 3926 vis
1288 3868 1389 3947 peccati
1401 3870 1451 3928 θω-

53 3958 199 4037 ίρώλωπίς
215 3983 273 4037 μου.
286 3958 341 4019 Καὶ
355 3962 379 4019 εί
397 3959 484 4038 βούλει
500 3964 592 4037 μαθεῖν
606 3962 653 4031 τῆς
710 3976 793 4022 torem
806 3959 933 4031 ediscere,
955 3970 1095 4038 postquam
1119 3956 1290 4016 commissum
1313 3972 1352 4017 est
1373 3959 1454 4035 illud,

53 4048 66 4109 θ
77 4052 201 4125 δυσῶδες,
216 4050 336 4125 ἐννόησον
355 4051 434 4124 αὐτὴν
455 4050 523 4129 μετλ
538 4051 569 4110 τ“ο
581 4054 653 4131 γενέ·
711 4053 849 4114 considera
862 4071 923 4110 cum
934 4050 992 4130 jam
1004 4069 1020 4106 a
1033 4049 1246 4129 concupiscentia
1258 4049 1329 4109 liber
1339 4072 1378 4123 es,
1391 4073 1455 4111 cum

53 4146 108 4215 trie
123 4142 265 4221 ἐπιθυμίας
285 4146 458 4222 ἀπαλλαγῇς,
475 4143 538 4202 θταν
559 4143 596 4224 μὴ
615 4146 654 4204 ίτι
711 4149 773 4227 igue
785 4167 836 4204 non
851 4140 1031 4216 succenderis,
1045 4153 1110 4199 tuuc
1120 4140 1250 4221 percipies
1262 4141 1328 4220 quid
1346 4143 1382 4202 sit
1393 4164 1455 4224 pec·

53 4238 102 4316 ιίῖρ·
123 4234 169 4295 καί
190 4233 251 4295 τότε
270 4235 328 4314 ibet
349 4234 389 4304 τίς
408 4239 478 4295 ἐστιν
493 4241 510 4307 ἡ
526 4237 652 4315 ἁμαρτία.
712 4255 809 4302 catum.
823 4239 895 4295 lram
905 4234 992 4314 cogita
1001 4255 1063 4292 cum
1076 4232 1236 4310 tranquillus
1247 4255 1291 4309 cs;
1302 4236 1454 4307 auaritiam,

53 4321 87 4383 eb
102 4327 191 4405 θυμὸν,
206 4324 269 4385 θταν
293 4329 319 4385 ἐν
342 4325 444 4407 γαλήνῃ
469 4316 514 4406 ᾖς·
534 4327 653 4399 ἐννάςοον
712 4355 774 4393 cum
786 4350 883 4410 expers
895 4348 923 4386 es
937 4326 1012 4385 illius
1023 4325 1142 4383 aflectus.
1162 4324 1239 4383 llilril
1254 4327 1373 4407 turpius,
1386 4328 1454 4387 nibil

53 4410 116 4491 ιίίσν,
134 4415 199 4476 ὅταν
222 4415 271 4484 ἔξω
294 4416 355 4497 γένῃ
377 4424 422 4477 τοῦ
441 4417 547 4486 πάθους.
570 4418 654 4480 Οὐδὲν
712 4417 1080 4502 smdiusrapiuaetavaritia.
1093 4416 1474 4496 llaclroqucnterdicimus‚²

53 4526 72 4577 b
86 4508 154 4567 till*
169 4506 332 4591 μιαρώτερον
349 4510 470 4591 ἁρπαγῆς
491 4510 536 4569 καί
549 4511 654 4571 πλεονε·
713 4537 764 4578 non
779 4529 809 4573 ut
830 4512 908 4573 vobis
929 4509 1078 4570 molestiam
1100 4509 1255 4590 pariamus,
1275 4510 1322 4571 sed
1349 4526 1378 4572 ut
1399 4486 1472 4573 ma·¹

53 4604 181 4681 ισυνεμῒνς
196 4599 316 4681 λέγομεν,
328 4603 375 4660 obt
388 4604 503 4681 ἐνοχλεῖν
517 4606 579 4681 ὑμῖν
591 4607 653 4681 βου·
714 4629 798 4687 guum
819 4628 851 4665 ac
870 4602 997 4664 mirabile
1007 4600 1147 4682 quidpiam
1161 4601 1305 4661 lucremur.
1319 4605 1389 4664 Nam
1400 4606 1457 4684 qui,

53 4688 96 4749 bt
113 4691 239 4772 κερδᾶναί
257 4717 284 4751 τι
299 4692 369 4772 μέγα
385 4693 431 4752 καί
444 4695 604 4772 θαυμαστόν.
621 4695 656 4753 ‘0
716 4723 744 4760 re
755 4699 836 4759 semel
853 4696 955 4771 audita,
974 4716 1027 4754 non
1050 4695 1204 4774 corrigitur,
1216 4696 1284 4755 sorte
1296 4695 1318 4755 si
1340 4697 1458 4756 secundo

55 4779 112 4852 ίποξ
123 4784 161 4864 μὴ
173 4782 357 4865 κατορθώσας,
371 4786 433 4853 ἴσως
443 4788 473 4845 ἐκ
482 4793 528 4845 τοῦ
540 4786 656 4868 δεύτερον
717 4791 819 4866 audiat,
831 4789 1019 4849 emendabitur
1029 4811 1038 4864 ς
1051 4788 1094 4848 vel
1106 4786 1213 4847 taudem
1225 4788 1248 4847 si
1264 4788 1342 4847 tertio
1354 4810 1460 4848 monca-

53 4873 121 4945 ulau
132 4883 223 4936 τοῦτο·
245 4876 290 4936 καί
304 4882 318 4936 θ
334 4876 450 4959 δεύτερον
465 4877 658 4959 παραδραμὼν,
719 4900 771 4943 tur.
783 4882 895 4945 Utinam
906 4897 996 4942 autem
1020 4903 1112 4942 omues
1130 4903 1145 4938 a
1161 4880 1240 4940 malis
1252 4881 1378 4939 omuibus
1394 4881 1460 4939 libe·

53 4967 93 5035 ἷτω
109 4976 287 5057 διορθώσεται.
302 4976 449 5039 Γίνυιτοθέ
468 4979 569 5046 πάντας
589 4983 659 5057 ἡμᾶς
679 4993 698 5040 Ε
721 4976 770 5036 rati
782 4976 885 5037 bonum
896 4972 998 5035 Christi
1022 4972 1131 5033 odorem
1153 4972 1310 5041 habeamus,
1322 4972 1364 5029 cui
1377 4971 1463 5050 gloria

53 5170 143 5237 sidtu,
162 5174 205 5225 sed
224 5173 332 5226 Sacilius
351 5173 482 5243 legendum
503 5187 575 5241 putot
593 5180 654 5228 διδοῖ·
705 5175 847 5226 ltu-tionem.

53 5250 89 5311 pia
103 5264 152 5303 tres
168 5253 226 5305 llsr.
248 5255 283 5303 sic
303 5250 405 5316 babent,
419 5251 485 5305 lianc
504 5255 657 5305 restituimus
