3750 5940
53 463 55 477 .
82 428 205 480 xxxvr.
232 409 280 482 al.
307 431 414 482 xxxv.
596 381 623 484 {⁴
831 435 840 479 r

101 553 193 636 ipsum
204 558 331 635 quaerere.
346 557 479 630 Quaenam
500 554 584 634 igitur
607 554 690 637 hujus
710 555 749 617 rei
765 574 847 616 oarrsa

100 647 162 706 est?
179 648 261 706 initio
275 645 352 707 dedit
369 645 447 706 nobis
465 647 540 705 Deus
558 646 643 707 vitam
663 645 846 731 sollieitudine

99 737 291 818 laboribusque
300 759 427 799 vacuam:
438 736 510 797 dono
516 736 593 797 abusi
603 759 709 818 sumus,
721 752 802 819 atque
810 759 846 799 ex

100 831 196 893 inertia
220 846 292 892 tauto
310 832 395 893 eversi
415 831 501 905 bono,
516 831 672 913 paradisum
693 831 843 893 misimus.

99 925 164 985 Ideo
188 925 351 985 laboriosam
377 924 534 984 bominibus
555 924 640 986 vitam
667 923 798 1001 reddidit,
818 938 845 986 et

98 1016 172 1099 apud
182 1017 332 1077 humanum
350 1037 433 1097 genus
441 1017 494 1076 hoe
504 1017 557 1076 lere
566 1015 648 1077 modo
658 1036 714 1077 sese
727 1029 843 1098 purgate

98 1109 248 1170 Deliciasa
268 1109 401 1191 principio
420 1108 484 1169 dedi
504 1109 595 1185 vobi53
613 1107 660 1169 sed
680 1129 714 1180 ex
736 1109 845 1169 lenitate

63 1212 83 1261 B
98 1223 157 1261 mea
171 1201 316 1261 deteriores
328 1199 450 1261 evasistis
463 1224 469 1257 ε
482 1200 542 1260 ideo
551 1199 691 1260 laborrbus
700 1220 749 1262 vos
762 1199 844 1261 sudo-

98 1295 227 1374 ribusque
237 1294 342 1354 addixi.
354 1296 423 1355 Cum
437 1308 527 1355 autem
540 1315 575 1354 ne
587 1294 634 1354 ille
647 1292 757 1374 quiden
766 1293 844 1355 labor

99 1409 147 1448 vos
157 1388 306 1463 cohiberet,
320 1389 408 1468 legem
424 1409 519 1447 rursus
528 1386 604 1447 dedit
614 1401 745 1469 precepta
757 1388 844 1448 multa

99 1483 327 1563 complectentem
337 1503 385 1542 eeu
394 1480 502 1541 cuidam
512 1479 644 1541 indomito
655 1502 725 1560 equo
737 1482 843 1544 frenum

98 1588 124 1634 et
135 1574 286 1655 compedes,
296 1587 326 1632 ut
336 1575 394 1655 ejus
404 1574 534 1656 impetum
549 1586 680 1650 meroett5
691 1573 732 1634 sic
742 1574 845 1635 taciurn

98 1688 228 1748 equorum
251 1666 405 1726 domitores.
423 1666 486 1726 ldeo
500 1666 557 1727 vita
570 1665 703 1726 laboriosa
721 1665 844 1746 instituta

98 1773 154 1835 est,
178 1760 241 1838 quia
269 1761 355 1818 otium
385 1780 432 1818 nos
450 1779 621 1839 corrrrmpere
643 1758 718 1817 solet.
744 1761 847 1819 Natura

99 1852 200 1933 quippe
214 1864 303 1910 nostra
315 1850 448 1909 desidiam
462 1870 515 1909 non
527 1850 592 1925 fert,
603 1848 650 1907 sed
663 1849 741 1909 facile
754 1848 790 1910 ad
804 1851 846 1912 vi·

98 1944 135 2002 tia
158 1943 285 2003 deflectit.
303 1943 439 2002 Ponamus
460 1941 532 2000 enirn
552 1942 729 2022 temperanti,
751 1957 782 2002 ut
796 1964 846 2003 nec

99 2035 167 2094 alias
178 2034 292 2095 virtutes
303 2034 452 2110 exercenti,
467 2032 576 2092 nullum
584 2054 641 2092 esse
649 2032 787 2111 laborem
798 2035 847 2096 sed

99 2127 294 2186 dormientibus
305 2126 394 2185 omnia
404 2126 505 2206 optime
518 2122 629 2184 eederet
638 2146 694 2204 quo
703 2139 782 2207 pacto
795 2127 847 2187 bae

99 2236 205 2281 utemur
221 2219 406 2300 indulgentia?
420 2239 507 2278 noune
516 2217 552 2278 ad
568 2219 748 2298 arrogantiam
760 2233 786 2280 et
795 2241 846 2280 su-

101 2315 240 2395 perbiam?
259 2312 315 2374 Sed
335 2334 400 2389 cur,
422 2312 541 2392 inquies,
561 2325 635 2372 tauta
657 2313 783 2396 voluptas
800 2335 847 2375 ne·

67 2406 229 2486 equinam,
241 2420 331 2464 tantus
353 2404 430 2464 labor
444 2419 470 2464 er
484 2403 568 2465 sudor
587 2404 716 2466 munitur
736 2407 847 2467 eomin-

101 2499 167 2557 tur?
179 2498 273 2577 Enqua
288 2497 337 2556 tibi
352 2496 437 2576 gratia
451 2495 574 2555 habenda
586 2509 668 2573 esset,
681 2510 707 2558 et
719 2499 797 2580 eujus
809 2499 847 2559 rei

102 2591 252 2651 mercedem
270 2590 420 2671 acciperes,
442 2589 492 2648 nisi
514 2588 647 2649 laboriosa
660 2589 748 2651 virtus
760 2592 846 2651 esset?

53 2714 54 2720 κ
102 2683 205 2742 Multos
219 2682 290 2743 enim
302 2682 421 2740 indicare
433 2681 549 2762 possim,
560 2681 606 2761 qui
617 2695 712 2742 natura
726 2703 774 2742 sua
788 2680 859 2744 mu?

103 2775 200 2834 lienum
214 2775 323 2834 horrent
336 2772 572 2848 consuetudinem,
584 2773 757 2854 ipsarumque
767 2776 848 2836 eollo·

103 2869 168 2948 quia
181 2889 228 2926 ceu
241 2889 298 2926 rem
315 2864 506 2926 exsecrandam
518 2864 639 2924 devitant
654 2865 765 2945 :hosne,
777 2889 849 2946 quae-

104 2982 147 3035 so,
162 2973 248 3019 castos
267 2959 481 3039 appellabimus,
502 2970 549 3016 aut
573 2959 760 3021 coronabimur
782 2961 851 3022 cele·

104 3051 314 3128 brabimusque?
329 3050 452 3110 Minime.
468 3049 583 3108 Castitas
606 3049 678 3108 enim
692 3064 732 3111 est
750 3065 868 3134 tempe.

53 3173 54 3181 ¹
106 3145 191 3203 rantia
207 3157 233 3202 et
246 3163 336 3223 pugna
352 3139 387 3200 ad
400 3140 552 3221 voluptates
564 3141 737 3222 superandas.
751 3144 783 3203 lu
793 3144 852 3205 het
910 3142 913 3147 ”

53 3258 54 3269 ’
106 3237 139 3296 lis
159 3256 255 3317 porro,
270 3234 318 3292 ubi
342 3232 537 3293 vehementiora
559 3247 622 3294 sunt
641 3235 797 3313 certamina,
812 3237 852 3298 ibi

53 3345 55 3385 v
107 3344 205 3410 tropaea
227 3324 431 3408 splendidiora:
450 3346 526 3385 secus
551 3347 627 3403 vero,
650 3327 758 3407 quando
773 3348 853 3392 neme

53 3446 55 3455 ·
106 3422 212 3482 resistit.
228 3423 299 3482 Sunt
311 3419 391 3479 multi
405 3432 502 3478 natura
517 3419 640 3479 socordes
652 3444 659 3478 ι
673 3420 757 3482 bosue
774 3443 857 3483 man·-
961 3447 964 3452 “

53 3540 55 3548 ’
71 3521 90 3566 Ι)
106 3529 194 3574 suetos
208 3513 349 3572 dicemus?
365 3511 488 3571 Minime.
504 3511 608 3571 {dcirco
622 3512 746 3574 Christus
766 3516 854 3578 tnbus

53 3645 54 3656 .
105 3601 856 3690 propositiseunuchorumgenefibus,duoainooronatos
866 3628 1004 3690 usumin.

53 3723 55 3731 ’
106 3699 243 3778 relinquit,
262 3699 390 3757 nnumin
403 3717 521 3775 regnum
534 3695 646 3757 inducit.
661 3699 725 3777 Sed,
740 3701 855 3782 inquies,
870 3704 906 3741 ¹²·

53 3815 57 3826 ·
106 3793 174 3872 quid
193 3813 261 3871 opus
280 3804 320 3849 est
339 3789 460 3847 malitia?
478 3789 536 3847 Hoc
552 3803 577 3847 et
591 3810 641 3869 ego
663 3790 737 3853 dioo..
754 3794 856 3873 quuis

53 3896 56 3945 Ι
108 3907 171 3967 crgo
185 3884 309 3963 nequitiae
330 3882 442 3963 opilea?
459 3881 534 3956 Quid
555 3883 630 3942 aliud
650 3907 731 3964 quam
747 3888 857 3967 ignavia

53 3989 59 4024 l
109 4003 168 4059 quac
182 4001 216 4038 cx
229 3979 366 4037 voluntate
384 3975 585 4057 proficiscitur?
607 3980 654 4054 At,
672 3980 791 4059 inquiet,
809 3982 858 4043 bo-

53 4102 59 4131 ·
110 4098 158 4135 nos
173 4089 276 4135 tantum
286 4095 343 4132 esse
352 4085 493 4152 oporteret.
507 4071 612 4151 Ecquid
623 4073 693 4133 bono
703 4077 856 4158 proprium,

53 4173 61 4208 ²
110 4190 143 4227 an
163 4167 340 4226 continentem
367 4185 423 4223 esse
445 4176 470 4221 et
498 4162 628 4241 vigilare,
646 4186 681 4224 an
699 4165 860 4229 dormireet

53 4275 61 4284 '
112 4260 240 4320 stertere?
255 4258 291 4315 Er
306 4277 370 4330 cur,
393 4254 512 4332 inquies,
533 4274 585 4312 non
603 4255 640 4314 ita
654 4270 786 4319 statutum
805 4274 859 4340 est,

53 4332 61 4392 l
113 4366 142 4410 ut
168 4352 227 4409 sine
250 4349 342 4407 labore
367 4360 436 4404 recte
459 4349 649 4425 operaremur?
671 4350 760 4432 Digna
777 4355 861 4415 verba

53 4449 62 4483 ²
79 4432 97 4479 E
113 4445 254 4525 pecoribus
265 4455 344 4518 atqrre
355 4440 388 4498 iis
398 4438 446 4516 qui
458 4450 577 4497 ventrem
588 4440 671 4501 deum
682 4444 859 4509 arbitrantur.

53 4520 63 4577 l
116 4542 153 4598 Ut
162 4537 251 4596 discas
262 4533 333 4593 enirn
348 4532 405 4591 haec
419 4531 502 4590 verba
515 4531 641 4594 inertium
650 4557 717 4616 esse,
729 4525 861 4623 responde

53 4611 64 4668 l
116 4629 193 4692 mihi.
209 4630 344 4685 Ponamus
367 4646 423 4683 esse
443 4645 534 4704 regem
548 4639 574 4685 et
588 4625 701 4708 ducem,
715 4653 778 4713 rege
798 4656 863 4697 vero

53 4728 64 4762 ²
117 4723 266 4783 dormiente
281 4733 306 4778 et
317 4717 438 4778 ebrietati
456 4740 564 4799 operam
583 4720 675 4802 dante,
690 4724 786 4787 ducem
801 4749 863 4788 ma-

54 4829 62 4838 ·
75 4838 171 4895 „ogno
184 4815 275 4873 labore
287 4827 386 4893 tropaea
400 4810 517 4870 erexisse
530 4835 537 4868 :
550 4813 594 4871 cui
614 4815 756 4877 victoriam
776 4819 866 4900 impu·

53 4931 67 4944 ·
84 4911 102 4956 Α
120 4906 207 4966 tanes?
227 4917 286 4963 uter
304 4924 353 4984 pro
375 4923 403 4961 re
424 4916 496 4982 gesta
515 4904 663 4985 voluptatis
683 4909 801 4968 fructum
819 4910 866 4972 dc·

53 5000 66 5060 l
122 4997 230 5078 serpat?
243 4995 343 5057 Viden’
358 4993 479 5054 animum
495 4994 566 5055 circa
583 4997 629 5056 illa
644 5000 731 5079 magis
740 5001 866 5066 affectum

58 5212 63 5235 ,
146 5165 255 5217 entoret.
271 5174 363 5230 stra-pau
376 5170 442 5230 λέγει.
457 5172 493 5216 καὶ
506 5172 534 5217 τί.
