3750 5940
153 394 221 467 380
477 416 507 465 s.
535 415 679 466 tonnam
702 414 889 464 cnarsosr.
918 414 1076 465 securae.
1104 417 1380 469 coasraarraoe.

148 540 305 618 angelorum
318 549 345 597 et
356 536 578 619 archangelorum
591 552 683 600 coetus.
703 539 754 600 His
772 561 836 600 vero
857 537 892 597 de
947 541 1102 618 βασκανίαν.
1117 541 1212 611 Οὐδείς
1222 542 1274 626 γὰρ
1283 541 1386 617 ιἀὐτὴν
1405 546 1457 625 θρφ
1468 543 1523 603 τῶν
1536 543 1582 604 lau

149 631 235 690 causis
258 629 398 689 facultates
415 630 578 711 pauperihus
602 628 783 709 effundamus,
800 644 830 688 ut
843 631 891 688 illa
945 638 1056 711 φθονεῖν,
1067 637 1125 694 ἀλλ’
1135 637 1344 716 attererem
1353 637 1457 720 χαίρειν
1470 637 1579 718 ἄγγελοι

147 721 319 780 tabernacula
333 741 536 800 consequamur,
546 742 606 800 quae
618 741 666 779 nos
677 742 768 781 omncs
777 720 892 803 adipisci
946 729 999 793 θοις
1011 750 1064 793 τοις
1075 750 1142 795 σοις·
1155 728 1237 796 ουδεὶς
1253 728 1334 802 αὐτὴν
1346 728 1492 811 παρσρίσαι
1504 729 1582 803 doale

147 815 294 896 contingat,
307 816 393 895 gratia
405 829 431 874 et
440 815 605 895 benignitate
614 814 724 873 Domini
733 814 816 875 nostri
827 817 891 876 Jesu
944 814 997 885 θείς
1016 816 1068 899 γθρ
1088 818 1169 890 σία-ἡν
1183 830 1305 902 παροικεῖ
1319 824 1372 882 τῶν
1388 820 1424 880 al
1436 828 1547 881 τοιαῦτα
1567 847 1582 880 ν

147 906 261 983 Christi,
275 929 324 987 per
337 928 417 985 quem
430 919 456 964 et
467 927 530 965 cum
542 928 596 984 quo
606 907 679 965 Patri
689 905 786 987 gloria,
797 905 892 965 simul·
944 894 1068 978 Γιίτονας
1085 910 1154 991 ἔχεις
1169 914 1239 985 ἐκεῖ,
1252 910 1312 980 τοὺς
1332 911 1438 993 ἁγίους,
1455 911 1517 981 τοὺς
1538 935 1582 994 περ

147 1019 199 1076 que
213 998 328 1080 Spiritui
349 1012 451 1078 sancto,
464 998 493 1058 in
502 998 599 1057 secuta
614 998 782 1059 seculorum.
798 1002 890 1058 Amen.
945 999 991 1058 καί
1004 1001 1115 1083 Πέτρον,
1125 1000 1185 1071 τοὺς
1199 1001 1335 1084 προφήτας
1349 1004 1486 1078 ἅπαντας,
1499 1002 1582 1082 τοθςμ

910 1088 990 1151 θεὸν
1010 1092 1093 1171 δῆμον
1115 1097 1169 1153 τῶν
1191 1095 1320 1176 ἀγγέλων,
1335 1099 1388 1155 τῶν
1411 1095 1582 1177 ἀρραγγίλωι

945 1190 1030 1243 ταῦτα
1043 1184 1147 1262 πάντα,
1161 1185 1197 1247 cd
1215 1187 1277 1246 ὄντα
1291 1190 1328 1255 τίς
1341 1186 1401 1256 τοθς
1415 1187 1533 1260 πένητας
1551 1210 1582 1247 κε

944 1273 989 1334 ίνα
1012 1275 1119 1337 ἐκείνων
1132 1277 1299 1359 ἰπιττίχωμεν
1324 1283 1393 1339 ’τῶν
1418 1285 1538 1351 σκηνῶν·
1562 1269 1582 1338 d

945 1366 1045 1437 πάντας
1058 1373 1130 1449 ἡμᾶς
1146 1373 1291 1451 ἕπιτυχιῖν,
1309 1371 1401 1452 χάριτι
1411 1372 1458 1431 καί
1474 1375 1582 1454 φιλανθρ

945 1458 1043 1540 Κυρίου
1056 1465 1134 1539 ἡμῶν
1152 1461 1240 1533 Ἰησοῦ
1255 1463 1387 1543 Χριστοῦ,
1403 1465 1436 1538 δι’
1458 1454 1489 1523 οὗ
1506 1462 1582 1542 καὶμ

943 1552 1032 1634 Πατρί
1045 1557 1063 1624 ἡ
1075 1552 1156 1628 δόξα,
1167 1552 1229 1633 [duc
1242 1556 1281 1633 τῷ
1294 1552 1362 1635 ἇγίφ
1370 1553 1527 1634 Πνσίματι,
1538 1557 1576 1625 είς

941 1666 989 1711 νας
1002 1648 1055 1704 τῶν
1070 1643 1182 1704 αἰώνων.
1197 1643 1290 1723 Ἀμήν.

108 1805 111 1809 ’
179 1811 355 1882 bnegendum
376 1821 450 1878 putat
467 1809 563 1861 Boislm
578 1808 605 1858 in
624 1801 836 1858 notisSavilianls
854 1809 913 1873 οοθτῇ
994 1799 1432 1867 ‘reoaxnsaodeestinqtdbusdam
1441 1803 1505 1854 Μαι.

144 1907 257 1966 παροικεῖ.

159 2025 1582 2075 *ww—W*

380 2196 540 2257 HOMlle
561 2195 651 2258 LVII.
1230 2195 1368 2255 onitate
1387 2189 1434 2263 sl‘.

146 2374 216 2433 Car.
231 2371 282 2431 lX.
300 2393 327 2431 ν.
339 2373 367 2431 6.
384 2371 462 2429 ‘Hoec
471 2391 537 2429 cum
547 2368 768 2441 dixissetlesus,
776 2372 890 2448 exspuit
945 2366 1039 2423 Ταῦτα
1053 2361 1134 2424 tituil*
1151 2362 1296 2441 θ’Ῑθθῡῧθ,
1307 2365 1403 2428 lm&
1422 2369 1529 2449 χαμῑίν
1544 2367 1582 2429 ”ll

86 2501 88 2506 -
185 2468 344 2536 interram,
355 2465 465 2544 e'tsecit
477 2463 572 2520 lutum
587 2483 624 2519 ex
637 2473 731 2542 sputo,
747 2473 776 2520 et
791 2461 889 2519 linivit
984 2457 1068 2530 araldo
1082 2459 1171 2517 ἐκτοῦ
1183 2455 1353 2536 πτύσματος,
1369 2459 1416 2519 καί
1433 2461 1582 2544 ίπὲχρῑσῑ·

186 2556 280 2614 lutum
293 2575 379 2634 super
395 2554 494 2612 oculos
504 2550 626 2627 caeci,'et
639 2553 735 2611 dizit:
748 2552 778 2611 7.
795 2552 886 2625 Vade,
906 2553 925 2600 n
984 2551 1027 2609 ἒπί
1040 2547 1100 2617 τοὺς
1112 2549 1261 2630 ὀφθαλμοὺς
1270 2554 1421 2633 &wlff
1431 2599 1439 2628 ι
1450 2555 1498 2614 καὶ
1511 2546 1582 2617 ‘lm

187 2645 290 2722 lavare
300 2650 332 2704 in
343 2648 459 2726 piscina
471 2643 558 2703 Siloe'.
984 2640 1059 2721 νίψαι
1072 2643 1110 2709 εἰς
1119 2640 1166 2714 τὴν
1182 2640 1370 2724 κολυμὸήθραν
1384 2649 1430 2703 τοῦ
1441 2622 1569 2724 Σιλωάμί

185 2829 212 2884 ί.
225 2826 280 2899 Qui
290 2825 408 2904 aliquam
416 2821 620 2885 exlectionibus
628 2809 773 2884 utilitatem
782 2843 891 2904 carpere
983 2820 1053 2891 Τοὺς
1076 2822 1220 2902 μέλλοντάς
1240 2849 1267 2884 τι
1289 2825 1364 2907 παρὰ
1388 2828 1441 2885 τῶν
1464 2829 1582 2908 ἀναγινα

144 2917 251 2997 volunt,
263 2940 296 2978 ne
305 2918 449 2977 minimum
468 2916 579 2996 quidem
596 2929 810 2998 praetercurrant.
824 2914 890 2974 ldeo
944 2920 1124 2994 καρποῦσθαι,
1140 2917 1198 2977 οὐδὲ
1219 2917 1250 2976 τὸ
1272 2918 1365 3000 μικρὸν
1378 2922 1432 2978 τῶν
1455 2920 1582 2998 λενομένι

144 3032 260 3092 namquo
272 3011 425 3093 Scripturas
440 3009 553 3070 semitari
571 3008 709 3090 jubemur,
723 3009 786 3089 quia
803 3007 889 3067 multa
943 3004 1047 3086 τρέχειν
1062 3007 1110 3064 δεῖ.
1121 3006 1174 3067 did
1190 3007 1241 3088 γὰρ
1253 3014 1330 3067 τοῦτο
1350 3010 1459 3090 ίρευνᾷν
1477 3010 1526 3079 τίις
1541 3012 1582 3092 Γρ

143 3125 202 3182 quae
215 3103 307 3163 statim
324 3102 413 3161 facilia
435 3100 578 3176 videntur,
597 3121 723 3180 magnam
740 3100 841 3163 habent
851 3099 889 3157 la-
897 3147 934 3186 m
943 3097 1100 3176 λεθσθημεν,
1112 3100 1203 3172 ἐπειδὴ
1218 3102 1289 3160 δοκεῖ
1303 3099 1338 3160 cd
1350 3099 1453 3172 πολλὰ,
1466 3101 1582 3184 καίτοιμ

144 3208 242 3254 tentem
252 3194 386 3254 sentcntiae
394 3192 611 3274 profunditatem.
619 3193 691 3256 Vide
699 3213 814 3272 namque
823 3191 889 3271 quid
907 3204 927 3248 Δ
944 3189 1007 3248 ὄντα
1016 3189 1124 3266 εὔκολα,
1137 3190 1238 3265 πολλὴν
1252 3195 1279 3251 ἐν
1289 3196 1327 3273 τῷ
1345 3192 1420 3271 βάθει
1429 3193 1551 3254 διάνοιαν
1565 3193 1582 3276 ξ

144 3287 172 3345 in
191 3288 313 3368 praesenti
329 3299 502 3366 proponatur.
523 3286 596 3342 Hoee
612 3306 677 3344 cum
701 3287 830 3358 dixisset,
848 3285 890 3343 in·
944 3282 1137 3362 κεκρυμμένην.
1159 3282 1233 3366 Ὅρα
1257 3283 1309 3366 γθιρ
1332 3276 1385 3343 οἶόν
1415 3287 1472 3344 ἐστι
1502 3287 1551 3346 καί
1574 3312 1582 3344 ι

9 3411 15 3420 -
28 3376 50 3423 3·
64 3387 86 3422 ‘²
95 3374 118 3439 l·
144 3382 216 3459 quit,
232 3384 345 3461 exspuit
362 3383 393 3436 in
406 3391 524 3437 terram.
537 3378 674 3436 Curhoc?
688 3379 727 3437 Ut
739 3378 890 3437 manifeste
944 3377 1039 3434 Ταῦτα
1053 3376 1103 3456 γθιρ
1113 3374 1207 3450 εἰπὼν,
1220 3376 1308 3457 φησίν,
1320 3377 1416 3435 ἔπαυσε
1428 3380 1528 3457 χαμαί.
1539 3379 1582 3439 Πο

144 3488 189 3532 tur
202 3472 286 3552 gloria
302 3470 364 3546 Dei,
384 3484 411 3528 et
424 3467 497 3548 quod
514 3482 634 3548 oporteat
651 3491 693 3527 me
709 3470 796 3528 [acere
810 3491 889 3550 opera
945 3465 1004 3529 Ἵνα
1016 3473 1152 3550 φανερωθῇ
1166 3469 1257 3542 ἠδόξει
1270 3473 1316 3528 τοῦ
1331 3472 1412 3543 Θεοῦ,
1424 3471 1471 3528 καί
1480 3469 1524 3530 ὅτι
1536 3474 1582 3531 Δεῖ

143 3563 201 3643 ejus
210 3563 256 3642 qui
268 3562 342 3620 misit
352 3581 403 3618 me.
418 3561 510 3637 Neque
523 3558 595 3617 enim
608 3559 665 3618 siue
677 3581 756 3618 causa
766 3560 824 3618 haec
834 3582 890 3620 me-
945 3561 1034 3628 ζεσθαι
1048 3560 1082 3620 cd
1102 3560 1166 3640 ἔργα
1187 3568 1232 3620 τοῦ
1250 3561 1404 3641 πέμψαντός
1423 3586 1467 3640 με.
1490 3565 1534 3622 Οὐ
1557 3564 1582 3644 γὲ

143 3654 259 3714 moravit
270 3651 447 3731 evangelista,
462 3647 620 3727 addiditque
631 3649 721 3731 ipsum
731 3652 869 3731 exspuisse
877 3675 887 3730 3
945 3651 1090 3730 ἀνέμνησεν
1104 3658 1176 3730 ἡμᾶς
1197 3657 1249 3711 τῶν
1271 3652 1415 3734 εἰρομένων
1428 3656 1443 3710 θ
1457 3654 1583 3734 εὖαγγελι

143 3746 189 3806 sed
203 3759 232 3804 ut
243 3743 390 3803 declararet
410 3742 503 3801 Jesum
522 3739 649 3819 oporibus
663 3761 812 3801 sermonem
828 3764 891 3801 con·
945 3744 1087 3824 ἐπήγαγεν,
1107 3744 1148 3804 ὅτι
1164 3743 1314 3805 Ἔπτυσεν·
1330 3745 1398 3805 ἀλλὰ
1411 3746 1497 3817 δηλῶν
1520 3746 1565 3806 ὅτι

142 3840 261 3897 firmare.
278 3837 315 3895 Et
329 3857 378 3894 cur
390 3854 441 3893 non
459 3854 527 3912 aqua
548 3854 612 3892 usus
627 3848 682 3911 est,
696 3835 744 3894 sed
761 3850 841 3916 sputo
854 3836 890 3896 ad
945 3834 989 3896 διὰ
1001 3839 1053 3893 τῶν
1067 3836 1150 3917 ἔργων
1169 3834 1343 3899 ἐπιστώσατο.
1357 3835 1411 3896 Καί
1428 3835 1500 3895 διατί
1523 3835 1582 3916 pall

142 3932 231 3990 lutum
240 3926 414 3988 laciendum?
424 3925 559 3984 lllissuros
568 3923 646 3984 illum
656 3940 712 3986 erat
721 3927 837 3988 insiloe'.
849 3931 890 3988 Ne
943 3951 1058 4007 χρηται,
1070 3927 1137 3986 ἀλλὰ
1152 3927 1288 4011 πτύσματι
1304 3930 1339 3995 είς
1352 3928 1396 3987 τὸν
1410 3928 1513 4001 τιηλόν;
1534 3927 1582 4008 'Ep

143 4023 211 4102 quid
226 4043 289 4105 erqo
300 4021 368 4081 fonti
384 4019 592 4093 adscriberetur,
608 4019 654 4078 sed
665 4019 790 4097 disceres,
800 4043 835 4081 ex
845 4044 891 4080 ore
943 4020 987 4078 τὸν
999 4019 1114 4098 πέμπειν
1131 4024 1166 4088 είς
1176 4021 1220 4080 τὸν
1235 4021 1358 4098 Σιλωάμ.
1371 4017 1421 4079 Ἷν’
1431 4011 1474 4079 οὖν
1490 4021 1577 4098 μηδὲν

143 4119 201 4198 ejus
220 4116 318 4176 exiisse
336 4115 477 4192 virtutem,
494 4136 553 4193 quae
570 4114 723 4173 efformavit
740 4129 767 4174 et
785 4114 892 4196 aperuit
943 4117 977 4192 τῇ
998 4117 1089 4192 πηγῇ,
1104 4112 1172 4172 ἀλλὰ
1197 4112 1283 4190 μάθῃς
1297 4111 1338 4172 ὅτι
1358 4118 1375 4185 ἡ
1392 4115 1421 4172 ἐκ
1437 4117 1483 4171 τοῦ
1505 4113 1582 4194 στόμι

143 4209 247 4283 oculos,
262 4206 371 4288 exspuit
386 4207 413 4265 in
428 4221 537 4266 terram.
561 4205 620 4265 Hoc
637 4206 791 4286 significans
810 4205 924 4268 evan·B
945 4209 1024 4264 θοῦσα
1044 4203 1152 4283 δύναμις
1166 4203 1232 4276 αὐτὴ
1253 4205 1299 4263 καί
1322 4203 1450 4264 διέπλασε
1468 4204 1516 4264 καί
1547 4212 1582 4268 ἄν,

145 4305 238 4383 gelista
248 4303 368 4377 dicebat,
382 4304 423 4361 Et
438 4303 611 4383 lutumfeeit
625 4322 662 4358 ex
675 4314 769 4381 sputo.
786 4302 893 4362 Deinde
944 4295 1107 4376 ὀφθαλμοὺς,
1120 4295 1215 4355 ἔπτυσε
1228 4293 1326 4376 χαμαί.
1339 4296 1424 4356 Τοῦτο
1435 4302 1497 4372 γοῦν
1518 4298 1566 4359 καί

144 4416 178 4454 nc
201 4408 340 4476 putaretur
365 4415 433 4474 opus
454 4416 488 4452 ex
510 4387 584 4452 terra
605 4393 774 4472 processisse,
800 4394 894 4455 lavare
943 4388 1035 4461 λισιὴς
1060 4387 1289 4466 ἐπισημηνάμενος
1313 4387 1400 4467 ἔλεγε,
1428 4390 1482 4448 Καί
1507 4391 1582 4464 ἐποίτ,

142 4487 232 4566 jussit.
250 4486 306 4543 Cur
327 4505 390 4563 ergo
405 4506 457 4543 non
478 4485 570 4543 statim
584 4485 637 4544 hoc
652 4485 725 4561 lecit,
745 4485 793 4544 sod
808 4487 834 4544 in
849 4487 893 4547 Si·
945 4483 998 4542 ἀπὸ
1012 4487 1056 4540 τοῦ
1072 4480 1232 4558 πτύσματος.
1250 4471 1335 4554 Εἶτα,
1346 4479 1389 4537 ίνα
1402 4478 1439 4558 μὴ
1455 4480 1517 4561 δόξῃ
1531 4486 1581 4555 τῆς

23 4579 216 4659 cacinartlfflm
227 4576 322 4635 misit?
337 4578 376 4634 Ut
390 4576 451 4634 caeci
468 4576 550 4635 fidem
571 4576 674 4653 discas,
691 4591 773 4656 utque
785 4578 894 4640 Judaeo-
943 4576 975 4635 τὸ
989 4572 1165 4654 κατόρθωμα,
1180 4572 1299 4632 ἐκεθευσε
1315 4571 1452 4652 νίψασθαι.
1464 4573 1549 4642 Τίνος
1571 4599 1582 4636 ο

25 4694 47 4721 es
66 4694 136 4737 quan·
146 4692 207 4729 rum
221 4667 397 4750 pervicacitas
411 4668 608 4748 reprimeretur.
623 4669 762 4730 Credibile
772 4671 842 4730 enim
854 4685 894 4731 est
945 4671 992 4727 οὐκ
1001 4667 1093 4732 εὐθέως
1104 4672 1179 4724 τοῦτο
1193 4663 1325 4738 ἐποίησεν,
1334 4666 1392 4723 ἀλλ’
1404 4665 1448 4723 ἐπὶ
1459 4665 1504 4724 τὸν
1518 4668 1582 4726 Σι)ο

2 4757 23 4784 ⁸'
145 4784 236 4824 omncs
250 4759 351 4820 vidisse
361 4759 440 4817 illum
454 4760 612 4836 abeuntem,
632 4762 784 4843 illitumque
804 4764 893 4824 lutum
944 4763 1008 4841 ψεν;
1023 4758 1080 4818 Ἵνα
1095 4758 1180 4839 μάθῃς
1193 4764 1238 4817 τοῦ
1251 4760 1349 4837 τυφλοῦ
1361 4755 1410 4829 τὴν
1424 4757 1531 4818 πίστιν·
1546 4759 1582 4818 κα

145 4858 172 4916 in
182 4854 269 4915 oculis
277 4852 431 4912 habentem.
441 4852 492 4909 Res
502 4852 761 4934 eniminexspectata
771 4857 892 4916 omnium
945 4856 1074 4930 στομισθῇ
1094 4855 1146 4908 τῶν
1158 4848 1291 4909 Ἰουδαίων
1317 4853 1334 4920 ἡ
1361 4849 1548 4929 ἀγνωμοσύνη.
1571 4853 1582 4912 l

145 4948 237 5008 oculos
258 4945 295 5005 ad
319 4945 409 5025 ipsum
430 4944 582 5003 convertit:
598 4958 656 5004 tum
679 4946 727 5025 qui
749 4947 888 5026 viderunt,
944 4936 976 5017 ila
990 4945 1109 5010 ἅπαντας
1121 4948 1183 5026 θρᾷν
1195 4941 1273 5001 αὐτὸν
1287 4940 1413 5015 ἀπιόντα,
1423 4942 1468 5001 τὸν
1477 4944 1582 5016 πηλὸνί

145 5055 203 5100 tum
219 5037 266 5117 qui
280 5036 454 5118 ignorabant,
469 5033 506 5093 ad
518 5035 556 5093 rei
574 5036 679 5095 exitum
693 5037 787 5097 intenti
801 5053 885 5100 crant.
943 5038 1004 5106 τοὺς
1017 5035 1165 5119 ὀφθαλμοὺς
1179 5035 1360 5117 κεχρισμένον.
1372 5037 1421 5116 Τῷ
1436 5035 1489 5118 γὰρ
1503 5061 1582 5119 παρα

145 5132 218 5205 Quia
233 5131 305 5191 enim
320 5151 374 5191 non
389 5127 468 5188 facile
486 5127 589 5188 creditu
609 5143 665 5188 erat
685 5152 787 5192 caecum
798 5133 888 5194 risum
943 5156 991 5200 τας
1001 5131 1032 5190 θιν
1045 5129 1189 5210 ἐπέστρεψε
1202 5128 1267 5209 πρὸς
1283 5127 1386 5200 ἑαυτὸν,
1400 5126 1461 5196 τούς
1470 5153 1500 5190 τε
1516 5130 1582 5191 alodi

146 5244 325 5305 noctipetasse,
338 5242 386 5303 per
398 5220 508 5302 longam
519 5219 596 5281 viam
605 5218 704 5282 multos
714 5237 791 5302 parat
799 5238 888 5300 testes,
942 5224 1001 5292 τούς
1026 5246 1055 5282 τε
1076 5224 1245 5301 ἀγνοοῦντας,
1272 5219 1317 5279 καί
1338 5217 1406 5298 μετὰ
1433 5220 1573 5303 ἀκριὸιίας
