3750 5940
522 434 553 480 ru
584 434 696 482 RAMOS
721 434 939 484 rsttmtuutt.
1128 434 1134 452 ‘
1450 442 1490 512 9¹
1506 443 1516 486 t

61 551 103 613 ὅτι
112 552 237 612 τοιούτων
248 554 373 633 γεγόνατε
385 554 514 634 πατίρες,
528 555 620 624 οίτινες
634 558 679 618 καί
694 558 728 618 τὰ
783 560 933 650 perfecisti
943 558 1070 619 laudm.
1080 557 1222 650 Duplicate
1234 579 1298 651 ergo
1307 559 1447 640 gaudium,
1460 564 1523 654 quia

55 631 211 714 κσύυτίροις
221 633 382 743 ἀγνοηθέντα
391 634 563 735 θεοδιδιίκτυις
571 637 728 777 &saussign-
784 639 882 697 tahum
896 650 961 698 estre
980 651 1070 718 patres
1090 637 1227 730 fihomtm,
1243 660 1291 730 ⁸qun
1303 660 1319 700 a
1330 641 1389 700 Deo
1405 640 1479 701 doctr
1492 662 1523 703 et

55 711 222 792 ,πιστρέψατι
230 736 275 776 ουν
284 710 331 780 τδις
344 712 454 796 καροίας
466 720 540 793 ύμων
550 715 595 776 ίπλ
605 717 666 776 τὰτ
695 741 729 775 να
785 717 964 794 celebramnt,
976 738 1037 796 quae
1050 739 1066 777 a
1079 718 1229 778 sentorthus
1242 717 1441 808 ignorabantur.
1452 720 1523 782 (nn-

56 792 101 850 καλ
115 790 153 864 μὴ
168 792 269 869 μύσητε
285 791 344 860 τοὺς
357 793 505 873 ὀφθαλμούς
516 798 590 872 ὑμῶν
603 797 668 876 πρὸς
679 796 729 868 τὴν
785 795 883 856 vertite
896 816 961 876 ergo
979 796 1059 856 corda
1075 811 1165 858 vestra
1179 797 1214 857 ad
1227 797 1298 857 tihos
1316 812 1438 877 seruos,
1451 813 1524 860 etue

55 895 92 930 εν.
107 873 142 931 El
155 870 183 932 δὲ
197 874 272 936 αιἰτυί
282 875 358 946 ἐστι,
372 872 418 931 καλ
434 875 569 942 ἀκαύοντις
583 878 631 935 ούκ
645 875 728 934 ἀκού·
785 874 917 935 claudatis
926 875 1018 936 oculos
1027 891 1130 937 vestros
1138 876 1175 936 ad
1188 876 1336 938 veritatem.
1348 878 1429 950 Quod
1442 879 1523 939 sivos

55 951 75 1009 ιλ
87 949 228 1029 βλέποντες
237 959 266 1015 οὐ
279 951 407 1030 βλέπετε,
423 953 468 1012 καὶ
478 953 565 1031 μάτην
576 956 652 1035 διαρί
670 960 728 1015 εσθι
785 955 865 1031 estis,
875 954 922 1035 qui
937 955 1076 1016 audientes
1091 977 1145 1015 nou
1164 956 1282 1032 auditis,
1297 970 1323 1017 et
1335 957 1458 1018 videntes
1469 975 1523 1019 nou
1533 970 1623 1019 Maera.
1638 971 1673 1018 tt.

55 1029 70 1089 l
90 1029 188 1103 νήπια,
202 1035 275 1095 αὐτοὶ
291 1036 364 1110 ὑμῶν
378 1033 466 1110 κριταὶ
485 1031 589 1094 ἔσονται
602 979 671 1094 naal
683 1035 728 1094 τὸν
784 1033 893 1112 videtis,
911 1048 937 1094 et
948 1035 1047 1095 frustm
1065 1034 1209 1118 disputatis
1224 1057 1287 1096 cum
1300 1036 1458 1113 infantibus,
1470 1036 1524 1119 ipsi
1538 1037 1573 1084 ¹³·

55 1114 152 1187 ιιῆρος-
162 1112 248 1192 λόγον.
263 1113 359 1178 Καλῶς
372 1118 433 1190 γοῦν
448 1113 583 1174 καὶτοῦτο
596 1114 663 1192 μετὰ
676 1119 728 1174 τῶν
782 1113 889 1252 {dice
898 1114 981 1174 vestri
993 1129 1081 1191 aunt,
1089 1115 1236 1181 mundum
1245 1117 1398 1177 Servatoris
1407 1115 1521 1178 dietum.
1535 1138 1594 1182 tota.
1612 1148 1647 1180 ιε.

62 1189 264 1290 προρνεφώνησε
278 1192 339 1271 περὶ
352 1194 427 1269 ὑμῶν
438 1196 453 1250 ὃ
461 1193 608 1331 ατρρρρήτης
619 1190 730 1261 Ἡσαΐας

542 1316 550 1344 ν

827 1193 954 1274 reigitur
973 1207 998 1254 et
1017 1193 1069 1254 hoo
1092 1215 1154 1255 cum
1173 1196 1235 1256 aliis
1253 1195 1289 1255 de
1307 1192 1574 1277 vobispraedixitu·
1705 1255 1707 1257 .

56 1290 63 1306 ·
85 1270 126 1327 Ου
149 1275 193 1329 νῦν
216 1271 420 1353 αἰσχυνθήσεται
438 1271 459 1331 Ἰ
571 1272 629 1332 οὐδὲ
645 1272 731 1334 νῶντδ
787 1272 870 1333 [suas
882 1275 1024 1354 propheta,
1039 1273 1232 1334 dicenszNon
1242 1291 1319 1335 nunc
1328 1277 1439 1356 pudore
1452 1275 1674 1357 assiduemus.

55 1370 102 1486 ιρι
117 1350 427 1508 μεταὸαλδιξγργλλὲδται
447 1350 524 1489 ίδωτρι
540 1352 577 1489 ρὰ
589 1353 731 1492 elataqu-
750 1364 769 1411 o
787 1353 1308 1514 ctetwffli‚trrfiezmmmouttum
1317 1357 1443 1415 mutabit
1456 1379 1464 1410 :
1475 1355 1527 1416 sect
1537 1345 1605 1407 -²l·

55 1451 61 1484 ι
117 1451 134 1487 α
168 1452 198 1489 ου
245 1457 253 1492 ι
368 1454 468 1491 ιασουσι
513 1455 527 1488 ν
577 1455 668 1492 ιοντου
703 1457 733 1492 οι-
786 1452 893 1491 υυυιυ
956 1456 988 1492 ιιι
1063 1453 1396 1494 tasonemoeramca
1438 1455 1528 1495 erma

55 1450 168 1568 καλγτύύ
185 1477 313 1571 dihorno*
333 1454 442 1591 Ἰίιρσὴλ
461 1455 672 1590 ρούηθήγσονται·
687 1511 732 1571 καλ
786 1511 1015 1593 sanctificabunt
1025 1455 1159 1572 sanclum
1170 1456 1276 1586 sacal,
1287 1527 1316 1573 et
1328 1457 1529 1574 Deuinplsrail
1617 1510 1627 1531 ”

55 1609 104 1644 ιται
117 1589 142 1646 ot
161 1593 200 1669 τῷ
213 1590 343 1669 πνεύματι
356 1589 524 1667 πλανώμενοι
539 1589 651 1665 σύνεσιν,
665 1593 690 1651 οἱ
704 1590 732 1652 δὲ
789 1594 929 1650 timebunt
944 1614 953 1647 .·
968 1605 997 1652 et
1008 1606 1180 1672 cognoscent
1192 1596 1223 1664 ii,
1236 1596 1288 1672 qui
1296 1595 1399 1672 spiritu
1412 1604 1526 1667 errant,

55 1688 125 1732 oms
140 1670 303 1744 μαθήσονται
326 1668 477 1742 ὑπακούειν,
498 1668 544 1728 καλ
565 1671 593 1727 σί
614 1673 732 1747 γλῶσσαι
787 1669 1023 1750 intelligentiam,
1035 1682 1064 1729 et
1075 1675 1126 1752 qui
1134 1684 1328 1745 murmurant,
1339 1672 1451 1731 discent
1462 1670 1528 1730 obe*-

55 1745 174 1814 λίζουσαι
195 1748 361 1825 μαθήσονται
372 1750 461 1808 λαλεῖν
474 1747 589 1830 εἰρήνην.
601 1738 731 1829 ‘opteri
786 1749 859 1822 dire,
875 1763 902 1808 et
920 1751 1029 1830 linguae
1046 1750 1239 1810 balbutientes
1254 1751 1366 1810 discent
1382 1751 1464 1832 loqui
1473 1768 1528 1831 pa·

55 1824 179 1884 ,Ἰουδαῑε
187 1869 195 1897 ,
209 1833 266 1896 πῶς
281 1833 311 1889 ἐκ
326 1827 472 1908 προοιμίων
486 1827 621 1908 τοῦλόγου
636 1829 730 1909 αίσχύ·
786 1847 856 1885 cem.
875 1827 973 1903 Vides,
988 1829 1081 1888 insane
1096 1828 1202 1902 Judaee,
1222 1829 1359 1908 quomodo
1371 1851 1387 1889 a
1398 1828 1530 1891 οστιιιυαίο

55 1913 86 1963 utu
100 1907 502 1988 πραεαταγγίλλιιθπρορητης
523 1906 568 1967 διὰ
587 1906 635 1979 rho
649 1907 729 1967 ἀπιί-
784 1904 898 1967 exordio
922 1906 1054 1989 pudorem
1075 1908 1153 1968 vohis
1173 1909 1312 1968 aununtiet
1334 1908 1476 1989 prophet,
1492 1906 1530 1985 oh

55 1987 144 2060 δμῶν;
168 1986 274 2046 Μάθετε
300 1987 349 2046 κᾶν
377 1991 441 2065 παρ’
473 1990 570 2060 αὐτοῦ,
592 1992 649 2054 πῶς
675 1993 731 2047 θεο-
786 1984 1000 2046 incredulitatem
1016 1988 1155 2046 vestram?
1168 1988 1271 2047 Saltem
1291 1988 1327 2047 ah
1344 1989 1402 2068 ipso
1419 1985 1527 2068 discite,

55 2086 84 2122 ον
107 2065 234 2144 κηρύσσει
258 2065 307 2137 τὴν
337 2069 389 2125 τῶν
412 2067 510 2126 τάκνων
538 2070 612 2144 ὑμῶν
638 2069 730 2148 ύμνιρ-
806 2064 922 2125 uomodo
934 2066 1055 2126 liliomm
1069 2080 1221 2127 vestrorum
1236 2068 1532 2129 canticumttDcott'tt·

55 2143 164 2208 θςκαὶδ
178 2145 307 2226 μακάριος
319 2147 402 2205 Διιιλδ
415 2170 436 2204 π
484 2146 619 2226 νερώνηστ
632 2145 729 2226 λίγων·
786 2085 1025 2226 ditumprndiceu
1041 2145 1112 2205 siout
1125 2145 1531 2227 heatusDavidpraenuntiarit,

55 2220 155 2298 ύματος
170 2225 270 2295 νηπίων
283 2224 329 2284 καὶ
343 2170 506 2296 θηλαζύνῖιαον
525 2224 677 2305 κατηρτίσω
691 2215 731 2285 αἶ·
786 2223 897 2284 dicens:
913 2227 964 2284 Ex
978 2245 1027 2285 ore
1036 2227 1199 2306 infantium
1212 2239 1240 2285 et
1255 2227 1425 2287 lactentium
1433 2227 1530 2308 past·

55 2303 63 2359 Ι
77 2299 163 2361 τοίνυν
174 2303 221 2375 τὴν
234 2304 358 2376 ὁσιότητα
370 2308 422 2364 τῶν
436 2303 537 2364 παίδοιν
551 2303 731 2377 οίκειώσασθι,
786 2307 853 2363 cisti
864 2304 990 2364 ίαιιςίειπ.
1006 2308 1060 2364 λιιι
1072 2303 1157 2384 igitur
1169 2304 1289 2365 liliorum
1302 2318 1455 2366 vestrorum
1465 2325 1529 2367 aaa·

55 2377 107 2453 hav,
121 2379 138 2450 ἣ
152 2381 220 2459 μετά
230 2386 279 2453 τῆς
292 2384 424 2451 εύσεύείσις
436 2384 482 2443 καὶ
493 2382 551 2451 ταδς
562 2385 658 2451 παῖδας
669 2387 735 2462 ἡμῖν
788 2381 918 2462 mitatem,
931 2398 961 2443 ut
973 2406 1024 2465 par
1034 2397 1091 2461 est,
1104 2383 1243 2463 assumite,
1255 2397 1302 2444 aut
1312 2384 1357 2465 pie
1370 2384 1448 2444 nobis
1459 2383 1531 2446 filios

55 2465 114 2519 ισθε.
127 2458 222 2539 Ἡμεῖς
235 2463 337 2530 τούτοις
344 2463 561 2542 συγχοριύσωμεν
572 2464 617 2522 καί
627 2486 731 2543 συνεορ-
788 2475 891 2522 vestros
903 2463 1049 2523 concedite.
1063 2466 1120 2524 Nos
1129 2484 1191 2523 cum
1200 2463 1266 2544 ipsis
1281 2463 1390 2522 choreas
1402 2485 1530 2544 agamus,

55 2561 94 2612 εν,
108 2539 197 2619 καὶτῇ
218 2546 296 2621 καινῇ
311 2541 419 2622 γλώσσῃ
436 2542 466 2601 τδ
482 2542 645 2601 θεοδίδακτον
658 2533 732 2624 ᾆσμα
751 2567 769 2614 ρ,
789 2554 815 2599 et
834 2541 931 2602 festum
953 2543 1128 2619 celebremus,
1142 2557 1225 2623 atque
1242 2564 1311 2604 nova
1331 2542 1424 2623 lingua
1440 2566 1456 2601 a
1473 2546 1530 2603 Deo

55 2618 169 2696 λλιομεν.
193 2619 264 2679 Ποτὲ
287 2622 334 2700 μὲν
358 2622 410 2702 γὰρ
429 2620 539 2699 Συμεών
554 2625 569 2679 θ
584 2621 732 2700 πρεσύύιης
790 2619 920 2681 traditum
939 2622 1073 2682 canticum
1095 2644 1147 2681 una
1166 2622 1322 2704 psallamus.
1347 2623 1455 2682 Etenim
1476 2623 1528 2681 ali·

55 2720 96 2768 ησε
109 2701 147 2778 τῷ
167 2701 290 2779 Σωτῆρι,
305 2700 351 2759 καί
369 2709 427 2768 ταῖς
450 2700 578 2779 ἀγκάλαις
590 2701 732 2769 ὑπεδέξατο
788 2699 897 2777 quando
909 2701 1028 2782 Symeon
1047 2723 1129 2762 senex
1141 2701 1278 2762 δοσνοιοτί
1294 2701 1429 2777 occurrit,
1443 2715 1469 2760 et
1481 2723 1529 2760 sae-

55 2780 81 2836 ύν
104 2779 206 2838 αίώνών
228 2780 366 2851 Δεσπύτην
379 2783 415 2847 ώς
438 2779 485 2861 βρί
505 2802 547 2851 ος,
570 2780 615 2841 καὶ
635 2781 731 2860 Κύριον
788 2779 912 2839 culorum
922 2781 1071 2840 Dominum
1080 2780 1156 2860 quasi
1169 2781 1298 2840 infantem
1312 2779 1340 2839 in
1355 2777 1432 2839 ulnas'
1441 2801 1530 2840 susce·

55 2855 89 2915 ιδν
103 2857 226 2940 ἐκήρυξε·
239 2865 283 2918 νῦν
300 2859 327 2918 δὲ
342 2859 399 2918 ἀντί
412 2803 596 2940 πρεαύυτέρων
610 2860 731 2961 άγνωμύ-
788 2857 846 2938 pit,
868 2880 901 2920 ac
922 2860 1071 2919 Dominum
1092 2873 1119 2919 et
1143 2862 1232 2920 Deum
1258 2858 1435 2940 praedicarim
1457 2880 1530 2920 nuuc

60 2938 152 3004 παῖδες
161 2943 205 3020 τῷ
219 2940 328 3019 Σονιῆρι
339 2939 491 3013 ὑπήντησαν
505 2944 541 3007 ὡς
555 2941 676 3017 Συμεων,
687 2939 732 2998 καὶ
787 2950 878 2997 eutem
900 2939 1067 3019 ingratorum
1088 2959 1183 2998 senum
1209 2941 1269 2998 looo
1291 2939 1367 3020 pueri
1393 2940 1530 3001 seruatori

55 3014 97 3087 ίδη
112 3018 170 3076 ἀντὶ
186 3021 309 3097 ἀγκαλῶν
322 3018 503 3101 θπίστρωσαν,
518 3019 563 3079 καί
576 3018 617 3079 Κύ
637 3042 673 3078 ιον
687 3019 731 3078 καί
787 3031 960 3077 occurrerunt
978 3031 1009 3077 ut
1025 3018 1142 3100 Symeon
1150 3063 1159 3094 ‚
1172 3031 1198 3078 et
1217 3039 1306 3077 ramos
1338 3041 1369 3078 ro
1382 3019 1454 3078 ulnis
1466 3018 1529 3078 sub-

55 3095 190 3175 γύλύγησαν
203 3097 247 3157 τδν
259 3099 302 3157 ἐπὶ
320 3097 409 3158 πώλου
420 3104 456 3166 ὡς
469 3100 513 3158 ἰπὶ
528 3043 665 3179 Κερυυύὶμ
678 3123 731 3158 κα·
787 3109 951 3176 straverunt,
967 3119 999 3157 ac
1013 3097 1162 3157 Dominum
1175 3111 1201 3156 et
1212 3099 1301 3156 Deum
1316 3041 1529 3172 henedixoruut,

55 3196 105 3249 νον,
128 3174 244 3236 Ὡσιίννα
265 3182 302 3258 τῷ
321 3183 370 3258 υἱῷ
393 3178 492 3249 hauhi,
524 3178 695 3257 εὐλογημένος
718 3182 747 3238 θ’
788 3175 1042 3258 quisuperpullum
1050 3177 1126 3256 quasi
1136 3198 1216 3258 snper
1227 3177 1374 3237 Cherubim
1384 3176 1528 3237 insidebat:

55 3276 101 3320 uo<
114 3259 141 3314 ἐν
155 3255 265 3334 δνύματι
279 3257 386 3334 Κυρίου.
402 3260 469 3319 Μεθ’
482 3252 518 3320 ών
534 3258 673 3338 βοήσιυμεν
686 3257 732 3317 καλ
788 3257 935 3315 Hosanna
954 3258 1019 3340 filio
1050 3258 1162 3328 David,
1183 3257 1351 3316 benedictus
1372 3261 1423 3337 qui
1444 3262 1625 3320 veniemus.
1639 3287 1681 3327 ει.

77 3335 250 3412 εὐλογημένος
263 3339 278 3394 δ
293 3339 323 3396 ἐκ
340 3341 411 3397 Θεοῦ
424 3339 507 3412 Θεδς,
521 3343 536 3398 θ
550 3336 672 3417 βασιλεὺς
680 3342 732 3410 4τῆς
786 3339 819 3392 in
828 3340 947 3395 nomine
956 3338 1086 3396 Domini.
1097 3335 1267 3407 Quibuscum
1276 3350 1303 3396 et
1313 3358 1361 3396 nos
1371 3337 1528 3411 clamemus,
1537 3349 1562 3396 9·

64 3412 248 3494 δπτωχεύσας
259 3419 286 3475 o
301 3425 356 3484 τοῖς
371 3417 444 3483 ἰδίοις
456 3421 535 3478 αὐτοῦ
553 3421 630 3477 aimo
651 3416 732 3485 εύτως
788 3413 950 3475 Benedictus
964 3417 1038 3477 Deus
1055 3415 1090 3475 de
1108 3417 1182 3489 Deo,
1198 3417 1259 3476 Rex
1278 3415 1381 3496 gloria,
1401 3415 1449 3496 qni
1465 3437 1527 3496 pro⁴

55 3500 96 3564 te,
119 3491 161 3551 lua
183 3499 255 3571 ἡμᾶς
276 3497 404 3578 πλουτίσῃ
424 3500 552 3576 τῇαύτυῶ
570 3499 587 3554 ἆ
605 3439 730 3568 utimur·
787 3505 846 3572 pter
859 3514 908 3554 nott
919 3494 994 3576 apud
1007 3515 1069 3554 suos
1081 3493 1222 3554 mendicus
1234 3494 1288 3553 fuit
1300 3494 1529 3555 sinemendicita-
1602 3533 1603 3536 =

57 3573 155 3649 μίνυςδ
167 3573 249 3632 ἐλθὼν
269 3578 295 3634 ἐν
309 3574 484 3649 ταπεινώσει,
499 3577 545 3641 καὶ
558 3579 638 3636 παλιν
650 3575 731 3656 ἐργά-
788 3585 824 3650 te,
840 3587 871 3632 ut
883 3594 933 3634 nos
945 3595 994 3634 sua
1007 3573 1127 3634 bonitate
1140 3573 1241 3634 divitas
1261 3574 1404 3634 redderet:
1418 3574 1529 3634 benedi·

55 3655 73 3709 ἰν
87 3650 156 3730 δύξη·
172 3657 285 3732 πρῶτον,
302 3655 346 3713 ἐπὶ
359 3655 449 3716 πώλου
462 3656 546 3737 πραῢς
558 3657 604 3715 καλ
618 3655 668 3716 ύπδ
681 3645 730 3727 νη-
741 3696 777 3737 2„
787 3666 846 3712 ctus
860 3653 907 3732 qui
923 3654 999 3714 venit
1016 3654 1044 3714 in
1066 3654 1230 3728 humilitate,
1245 3668 1271 3713 et
1284 3675 1378 3713 rursus
1395 3655 1485 3714 veniet
1501 3655 1529 3714 in

55 3733 286 3810 ἰιιευρημούμινος,
299 3734 371 3801 ὅπως
389 3738 517 3816 πληρωθῇ
532 3738 562 3797 τὸ
574 3736 729 3815 γιγριιμμί-
749 3752 769 3798 Λ
785 3731 872 3870 gloria
884 3734 992 3814 :primo
1014 3754 1094 3814 super
1106 3733 1213 3814 pullum
1226 3747 1390 3808 mansuetus,
1404 3734 1474 3795 etab
1487 3732 1529 3792 in·
1628 3781 1632 3791 .

55 3812 228 3890 ’.θεωρήθησαν
243 3818 270 3873 αί
279 3823 385 3893 πορεῖαι
399 3818 573 3890 συηθθεὸς,
586 3820 613 3876 αἱ
625 3825 730 3896 πορεῖαι
814 3812 905 3872 ntibus
915 3813 967 3872 hen
1003 3812 1127 3888 ictus‚ut
1142 3813 1299 3891 impleretur
1312 3811 1384 3890 quod
1396 3813 1527 3892 scriptum

55 3895 84 3947 οῦ
95 3914 144 3967 μου
158 3896 203 3951 τοῦ
217 3895 346 3972 βασιλέως
357 3901 402 3954 τοῦ
415 3897 490 3955 ἐντῶ
504 3896 587 3978 ἁγίῳ·
600 3895 729 3975 δεύτερον,
785 3904 825 3949 est
841 3914 848 3947 ε
866 3893 928 3950 Viti
943 3906 1011 3952 sunt
1029 3911 1145 3971 gressus
1157 3895 1210 3966 tui,
1225 3892 1318 3962 Deus,
1336 3909 1450 3969 gressus
1468 3891 1528 3950 Dei
1537 3902 1603 3947 etat.
1622 3904 1662 3964 67.

55 3994 67 4036 ς
81 3969 125 4027 ἐπὶ
139 3975 192 4030 τῶν
202 3975 326 4053 νεφελῶν,
340 3974 385 4032 καλ
399 3972 449 4033 ὑπὸ
462 3957 580 4053 άγγίλων
593 3974 639 4034 καί
652 3974 729 4033 δυνά-
785 3974 841 4028 mei
854 3972 952 4051 Regis,
966 3974 1017 4050 qui
1028 3982 1071 4028 est
1085 3974 1118 4028 in
1129 3983 1245 4039 sancto,·
1261 3968 1386 4044 secundo,
1397 3968 1527 4059 terribilis
1537 3964 1575 4011 ²⁵·

55 4051 106 4127 λορυ
126 4049 272 4129 ορούμινσς.
281 4048 320 4111 Ὢ
331 4055 377 4122 τῆς
391 4054 546 4135 μιλιρρύτου
560 4057 612 4113 τῶν
626 4053 729 4113 παίδων
760 4058 764 4064 “
784 4070 865 4129 supra
874 4049 970 4127 nubes,
980 4063 1007 4109 et
1017 4049 1053 4109 ab
1062 4048 1164 4129 angelis
1174 4061 1201 4107 et
1210 4048 1388 4129 potestatibus
1398 4061 1523 4128 stipatus.

55 4072 131 4198 ηςύι
149 4134 197 4201 τῆς
211 4132 394 4202 ἀκαπηλιύται
408 4132 579 4202 διδασκαλίας
598 4136 650 4193 τῶν
665 4139 729 4193 θια-
785 4127 955 4188 Omellitam
968 4150 1114 4210 puerorum
1131 4124 1265 4207 linguam!
1279 4127 1437 4187 osinceram
1445 4127 1526 4186 disci-

55 4231 70 4264 ι.
89 4207 172 4266 Δαυλδ
188 4212 373 4290 προφητεύσας
385 4213 436 4272 tat
449 4213 479 4272 τδ
489 4212 602 4292 γράμμα
614 4214 728 4292 ἐκάλυψε
804 4208 889 4267 linam
907 4209 965 4268 Deo
984 4205 1168 4290 placentium!
1187 4207 1280 4267 David
1297 4205 1461 4288 prophetans
1475 4207 1526 4266 suh

55 4309 105 4362 μα·
127 4291 152 4347 oi
167 4293 259 4358 παῖδες
282 4292 327 4350 τὸν
348 4292 478 4372 θησαυρδν
501 4293 666 4366 ἀνοίξαντες,
685 4292 729 4352 ἐπὶ
783 4229 861 4348 litera
872 4308 979 4348 sentum
986 4287 1173 4363 adumbravit3
1185 4286 1274 4367 pueri,
1289 4301 1380 4367 aperto
1389 4286 1525 4364 theseum,

55 4390 79 4436 ης
102 4366 146 4425 τὸν
162 4371 273 4429 πλοῦτον
288 4370 412 4449 ἤνεγκεν,
426 4370 472 4430 καλ
495 4371 565 4453 λόγῳ
580 4395 729 4454 κεχαριτω-
784 4367 878 4446 lingua
904 4388 954 4427 sua
977 4368 1087 4428 divitias
1109 4367 1273 4441 attulerunt,
1292 4378 1318 4425 et
1338 4366 1424 4505 fitutia
1446 4366 1527 4446 pleno

55 4444 148 4512 πάντας
160 4449 321 4529 διαπρυσίως
337 4449 381 4510 inl
395 4449 444 4522 τλν
460 4452 606 4513 ἀπολαυσιν
618 4453 730 4512 συνεκά-
785 4468 906 4507 sermone
922 4466 1014 4507 omnes
1033 4447 1105 4507 clare
1122 4445 1157 4505 ad
1170 4445 1315 4504 fruendum
1328 4446 1337 4504 i
1360 4465 1525 4505 ooonvooa-

55 4524 231 4605 ’λντλήσωμεν
240 4535 375 4608 τοιγαροῦν
386 4530 432 4589 καὶ
492 4540 515 4598 ῖς
527 4529 573 4590 σὺν
584 4535 671 4600 αὐτοῖς
684 4531 730 4591 τδν
785 4538 859 4585 runt.
880 4526 1043 4587 Haunamus
1062 4526 1152 4605 itaque
1163 4539 1189 4584 ct
1203 4545 1252 4584 nos
1263 4524 1344 4585 cumi
1364 4524 1402 4584 sis
1414 4523 1527 4586 divitias

55 4602 133 4681 ἶρετον
146 4608 451 4681 πλοῦτον,άπλήστοιςκ
484 4610 599 4677 ποιςκαλ
613 4609 730 4688 ταμείοις
786 4626 846 4696 qua
861 4605 949 4687 ahnpi
963 4618 1109 4743 negueunt,
1125 4604 1205 4686 pleno
1229 4603 1301 4682 mnu,
1326 4547 1413 4687 plenis
1427 4624 1527 4686 penua-

55 4681 146 4761 ύμενοι
160 4684 195 4746 τά
216 4686 389 4769 χαρίσματα·
414 4688 554 4768 βοησωμεν
579 4690 732 4770 ἀπέραντα,
786 4685 834 4744 rius
861 4705 970 4745 munera
1015 4705 1160 4766 eponamus
1185 4708 1191 4740 :
1218 4683 1364 4743 clamemus
1385 4697 1524 4765 perpetuo,

55 4762 169 4839 tritos&
183 4766 324 4845 ἐργόμενος
344 4770 371 4826 ἐν
393 4767 503 4846 δνύματι
527 4768 638 4848 Κυρίου,
662 4768 731 4837 θεὸς
786 4766 962 4825 Benedictus
974 4768 1025 4844 qui
1033 4768 1116 4823 uenit
1126 4768 1159 4822 in
1169 4767 1286 4824 nomine
1294 4765 1416 4823 Domini
1431 4763 1526 4821 :Deus

57 4840 98 4914 δς,
111 4834 303 4927 παντοκράτωρ
326 4848 358 4906 lu
377 4847 602 4929 παντοκράτορος,
621 4849 684 4916 tit<
703 4853 731 4908 ίν
787 4843 1061 4925 verus‚omnipotens
1074 4864 1110 4902 ex
1119 4843 1315 4924 omnipotente,
1338 4842 1425 4902 Filius
1438 4841 1466 4901 in
1480 4861 1526 4899 no-

55 4943 71 4980 :t
85 4923 146 4981 Πατ
164 4925 171 4944 “
192 4968 199 4996 ,
217 4925 340 5003 βασιλεὺς
355 4928 492 5000 ἀληθινὸς,
505 4928 531 4997 ἐξ
545 4930 667 5000 ἀληθινοῦ
682 4932 730 5007 βα·
787 4922 859 4982 mine
872 4922 976 4999 Patris,
990 4925 1050 4983 Rex
1064 4943 1146 4982 vernt
1162 4943 1198 4981 0¹
1216 4943 1281 4983 vem
1300 4925 1387 5000 Rege,
1399 4920 1447 5000 qni
1465 4939 1526 4980 cum

63 4947 212 5071 ,monidion
223 5005 268 5064 καὶ
278 5006 435 5086 προαιώνιον
447 5006 494 5079 rhu
508 5006 669 5067 θασιλιίανί
686 5031 733 5081 ων,
786 5002 835 5062 illo
848 5015 978 5062 etenum
992 5016 1018 5062 et
1031 5015 1092 5062 ante
1111 5001 1208 5063 saecula
1222 5022 1334 5081 regnum
1351 4999 1447 5073 hahet,
1462 5011 1529 5059 utet
1636 5022 1644 5033 ·

55 5081 168 5153 ἐννώσας
182 5084 269 5144 αὐτόν.
284 5085 366 5159 Κοινὴ
400 5085 434 5184 ἂρ
447 5090 464 5158 ἡ
478 5069 614 5165 βασιλεία,
630 5033 734 5148 salonit
753 5112 770 5159 η
789 5081 835 5143 ille
845 5081 892 5162 qul
908 5082 1001 5164 genuit
1011 5103 1082 5142 cum.
1093 5084 1165 5143 Nam
1187 5099 1328 5140 commune
1348 5099 1461 5159 regnum
1477 5079 1530 5138 ha-

67 5158 115 5231 rho
130 5164 211 5232 αὖτῆι
223 5165 303 5242 τιμὴν
314 5169 353 5246 τῷ
370 5110 427 5247 Κίρ
440 5171 454 5225 δ
467 5165 550 5247 Λόγος
562 5168 734 5247 προσκληροῖ,
790 5165 885 5240 bet3u
937 5161 1134 5223 cextrinsecus
1152 5173 1290 5253 acceptura
1316 5159 1444 5219 honorem
1460 5159 1545 5249 Vt·-

56 5236 214 5318 ρίαμιίνηνῆ
230 5246 436 5323 προσγινομένην
448 5246 464 5316 ἢ
478 5246 645 5324 μιιουμίιην,
661 5246 734 5307 άπα-
791 5245 859 5305 hun
877 5241 900 5303 F
925 5241 950 5302 'o
973 5241 1074 5320 tradit3
1097 5260 1150 5302 non
1170 5253 1281 5319 tnecptt,
1307 5259 1392 5318 neqtte
1408 5250 1529 5318 aocemtt,
