3750 5940
514 423 559 470 DE
585 423 675 471 Fttto
701 422 865 473 l’llODlGO.

69 544 151 624 μόνην
164 544 228 623 μίαν
241 543 297 624 ἔχει
312 544 462 625 προσταγὴν
474 548 601 625 ῥωσθῆναι
621 547 674 607 ἀπὸ

1398 409 1470 507 ⁸⁰9

727 546 784 607 vita
796 560 894 606 aterna
907 566 937 606 se
945 544 1060 626 dignum
1071 546 1214 626 dijudicat,
1228 549 1277 610 sed
1304 551 1392 611 solum
1404 575 1469 633 pre·

61 625 114 692 ἰτὸς
129 623 178 700 μὲν
191 613 236 684 οῦν
251 624 335 704 μικρὰ
350 626 500 704 προσδοκᾷ,
526 629 541 683 δ
557 624 584 685 dl
606 627 674 694 Θεδς
690 638 709 686 c
726 639 813 703 catur,
839 639 869 684 ut
894 624 1014 705 gebenna
1032 626 1170 687 liberetur.
1182 627 1245 700 sllle
1263 629 1348 710 igitur
1364 633 1470 692 modica

60 708 96 787 τῷ
112 704 156 764 τὸν
170 707 282 765 πλοῦτον
297 710 345 776 τῆς
359 704 507 782 εὐεργεσίας
525 704 672 786 χαρίζεται.

74 784 223 862 θαύματος·
236 783 355 857 ἐνενόησε
369 784 447 863 μόνον
458 784 507 856 τὴν
522 784 673 862 μετάνοιαν,

61 863 75 936 ὴ
118 862 212 930 εῦθίως
232 862 329 944 ἔφθασε
348 888 381 941 τη
404 862 604 947 φιλανθρωπία·
626 869 674 925 οῦκ

61 889 164 1012 ιζάσθαι
187 943 222 1003 rb
243 944 352 1046 ρήματα
379 947 427 1014 τῆς
449 942 673 1024 ἐζομολογάοεως,

61 1023 120 1082 labe
149 1023 199 1094 τὴν
224 1046 345 1096 αιτησιν,
370 1023 440 1082 κατὰ
462 1025 493 1084 τὸ
519 1028 577 1104 εἰρη
601 1023 673 1085 ίνον·

61 1102 132 1175 ιλέση
160 1125 210 1181 με,
229 1106 298 1183 ἐρῶ,
318 1100 385 1163 'ldob
406 1103 528 1184 πάρειμι.
547 1048 610 1164 [ida
628 1106 674 1164 τὸν

61 1169 126 1242 ίθενΙ
142 1182 302 1262 ἐρχόμενον,
334 1182 381 1241 καί
413 1183 562 1257 ὑπήντησεν
591 1187 673 1265 αὐτῷ.

61 1287 77 1330 ις
96 1263 188 1343 φθάνει
211 1267 228 1333 ἡ
251 1261 436 1342 φιλανθρωπία
448 1261 497 1335 τὴν
516 1263 673 1341 μετάνοιαν;

61 1341 129 1402 calb
153 1342 237 1401 Δαυίδ
255 1343 453 1420 ἀποδυσάμενος
469 1343 520 1414 την
538 1342 613 1404 νόσον
627 1349 675 1417 τῆς

61 1425 80 1503 ᾧ
94 1421 231 1557 φαρμάκῳ
244 1425 291 1493 τῆς
306 1420 458 1500 μετανοίας,
474 1422 520 1481 καὶ
534 1423 674 1498 εἰδὼς,θτι

61 1501 675 1660 terbbssbflll‘llssibsslbtatb

61 1661 100 1733 δε,
111 1627 279 1760 &imatos
294 1605 364 1761 spii
373 1605 403 1720 σρὲ
413 1661 543 1809 ἔρχομαι,
554 1661 595 1722 ὅτι
607 1626 674 1742 μετὰ

726 718 876 797 exspectat,
890 707 964 765 Deus
980 727 1045 765 vcro
1058 727 1155 785 magna
1169 707 1329 768 divitiarum
1343 710 1471 771 beneficia

726 785 779 865 ipsr
792 784 913 865 largitur.
929 784 997 860 Sed,
1008 807 1025 844 o
1038 786 1215 849 miraculum!
1228 788 1274 847 ille
1284 789 1374 849 solum
1384 793 1471 871 poeni-

726 865 837 924 tentiam
853 864 1001 946 cogitabat,
1014 879 1041 925 et
1053 880 1128 947 pater
1140 867 1231 926 statim
1244 868 1410 948 benignitate
1423 894 1470 930 sua

726 944 858 1024 praevenit
869 965 931 1004 eum
941 969 947 1002 :
957 966 1010 1004 non
1024 948 1190 1026 exspectavit
1202 946 1287 1008 donec
1299 950 1471 1010 confessionis

727 1023 810 1084 verba
824 1024 975 1106 exciperet3
988 1024 1035 1084 sed
1049 1026 1204 1115 petitionem
1214 1029 1363 1108 praevertit,
1377 1051 1471 1089 sccun-

727 1102 794 1162 dum
803 1103 906 1163 dictum
918 1102 999 1164 illud:
1012 1105 1172 1183 Priusquam
1185 1106 1354 1168 invocaveris
1364 1130 1417 1186 mc,
1428 1110 1469 1169 di-

727 1202 796 1258 cam,
811 1185 891 1243 Ecce
905 1186 1020 1244 adsum.
1034 1184 1115 1247 Vidit
1133 1184 1223 1244 lilium
1247 1189 1343 1267 procul
1362 1191 1470 1248 venien·
1482 1206 1589 1254 narsss.

727 1274 791 1338 tem,
804 1276 830 1321 et
848 1263 964 1324 occumit
983 1262 1046 1344 ipsi.
1061 1263 1162 1324 Viden’
1175 1266 1311 1344 quomodo
1329 1267 1470 1330 clementia

727 1341 911 1422 poenitentiam
916 1343 1082 1433 preveniat?
1093 1343 1156 1403 Ideo
1164 1344 1257 1404 David
1270 1367 1332 1408 cum
1345 1349 1471 1408 morbum

728 1423 830 1502 peccati
851 1423 1014 1503 poenrtentia
1034 1422 1180 1503 pharmaco
1203 1423 1364 1506 depulisset,
1386 1429 1472 1488 sciens

766 1500 801 1560 od
815 1504 890 1561 Deus
909 1515 1073 1584 peccatorem
1096 1505 1258 1584 praeveniat,
1278 1504 1368 1586 ipsum
1385 1522 1471 1586 rogat,

749 1581 821 1640 icens
837 1605 843 1638 ι
859 1583 994 1662 Exsurge
1007 1587 1039 1640 in
1054 1603 1205 1643 occursum
1223 1605 1328 1657 meum,
1343 1599 1371 1644 et
1388 1589 1469 1661 uide,
1482 1600 1623 1647 narrabo.

729 1660 803 1740 quod
826 1661 927 1720 sincere
948 1661 985 1721 ad
1009 1675 1035 1720 te
1054 1661 1178 1738 veniam,
1202 1685 1266 1724 vere
1288 1666 1470 1744 poeuitentiam

61 1739 85 1812 ην
106 1762 246 1816 μετάνοιαν
262 1741 397 1818 ἐνδυομαι.
412 1741 475 1801 ’Est
490 1765 538 1801 ατο
555 1743 674 1824 ὁπαεηρ
691 1758 710 1804 n
727 1740 884 1832 amplectar.
907 1740 1024 1836 Excepit
1038 1755 1114 1822 pater
1127 1742 1216 1801 filium
1229 1768 1237 1802 ι
1248 1743 1296 1802 illc
1315 1766 1380 1804 vero
1401 1747 1472 1826 patri

77 1823 197 1887 κάκεῖνος
222 1819 286 1899 πρὸς
305 1821 349 1880 τὸν
377 1819 494 1900 πατέρα,
516 1820 673 1902 Ἥμαρτον,

70 1898 138 1967 ἄξιος
160 1903 290 1972 κληθῆναι
309 1899 364 1969 υίός
385 1923 448 1960 σου·
462 1899 572 1974 ποίησόν
586 1926 619 1981 με
638 1908 675 1972 ὡς

61 1978 138 2038 σθίων
156 2003 211 2039 σου.
235 1979 366 2038 Ἐνταῦθα
377 1984 391 2039 ὁ
404 1979 494 2062 πατὴρ
509 1981 574 2079 πρὸς
596 1983 673 2043 αὐτὸν

61 2068 120 2117 ;ῑται
138 2057 229 2138 λόγον·
246 2061 292 2118 οὐκ
305 2059 476 2139 ἀποκρίνεται
494 2084 559 2142 προς
582 2063 674 2135 αὐτὸν,

61 2138 123 2219 πρδς
137 2137 196 2205 τοὺς
211 2137 332 2206 δούλους·
349 2138 519 2220 Ἔξενέγκατε
539 2142 673 2224 αὐτῷτὴν

61 2218 132 2289 υλήν.
152 2218 189 2278 Τί
205 2218 326 2296 βούλεται
338 2218 368 2275 τὸ
384 2218 508 2298 «trapa,
529 2221 622 2281 Πολλὰ
636 2222 674 2282 cb

61 2302 165 2356 τανοῶν·
186 2296 348 2378 ἀποκρίσεως
365 2297 392 2358 δὲ
406 2299 450 2358 διδ
466 2300 551 2378 λόγων
571 2304 600 2360 οὐ
613 2325 674 2383 τυγ-

61 2379 109 2436 ίδι“
118 2376 193 2457 ἔργον
206 2376 254 2450 τὴν
285 2376 460 2460 ιλανθρωπίαν
472 2384 529 2460 δρᾷ.
543 2380 675 2443 Ἐνταῦθα

62 2481 92 2530 α,
105 2456 146 2516 ότι
159 2461 235 2535 ἡμῶν
249 2400 296 2536 μίν
309 2464 327 2531 ἡ
343 2458 467 2536 μετάνοια
476 2459 519 2519 διὰ
532 2461 673 2540 ῥημάτων·

64 2535 247 2616 φιλανθρωπία
259 2536 302 2596 διά
315 2537 488 2639 πραγμάτων.
504 2539 674 2619 Ἔξενέγκατε

61 2614 157 2696 τρώτην
172 2616 277 2693 στολὴν,
291 2619 323 2690 ἣν
342 2620 463 2677 ἀπωλεαε
487 2620 530 2678 διά
552 2625 600 2692 τῆς
619 2647 675 2682 πα-

86 2695 154 2755 Δότε
179 2698 251 2778 αὐτῷ
279 2699 324 2756 καί
349 2696 519 2776 ὑποδήματα.
548 2699 600 2758 Διά
626 2701 672 2777 τί,

61 2775 117 2855 όφις
138 2775 202 2855 πρδς
222 2774 283 2844 τοῦς
306 2778 363 2855 ἁμα
397 2777 506 2846 άνοντας
528 2782 673 2843 ἐκπεπολό-

61 2854 73 2914 ί
90 2857 121 2915 τὸ
136 2855 287 2935 εἰρημένον·
302 2802 396 2924 Αὐτόά
402 2880 449 2918 σου
462 2860 574 2940 τηρήσει
586 2884 672 2943 κεφα-

728 1819 973 1890 dixit:Peccavr,·
980 1842 1046 1902 pam
1058 1842 1119 1880 uon
1128 1843 1194 1881 sum
1206 1825 1311 1904 diguus
1323 1826 1473 1906 vocariſs-

730 1901 787 1960 lius
802 1913 868 1960 tuus
878 1923 888 1956 .-
889 1902 949 2038 1goe
962 1922 1009 1960 me
1025 1905 1099 1959 sicut
1118 1922 1210 1962 unum
1229 1924 1266 1960 er
1285 1909 1473 1964 mercenariis

731 1983 798 2039 tuis.
813 1979 865 2038 Hic
880 1981 888 2038 i
913 2000 959 2039 um
969 1995 1044 2070 pater
1063 2001 1115 2038 non
1129 1981 1290 2060 alloquitur,
1302 2003 1350 2041 nec
1360 2005 1472 2063 respon·

730 2058 777 2118 det
787 2057 900 2140 ipsi,sed
911 2081 996 2118 servrs
1006 2058 1062 2119 suis
1071 2059 1354 2144 dicitrProserteipsi
1364 2066 1473 2122 stolam
1482 2073 1529 2116 luc
1545 2083 1622 2128 πται·

728 2143 866 2219 primam.
880 2137 955 2210 Quid
978 2139 1030 2199 sibi
1050 2140 1112 2198 vult
1132 2139 1200 2200 illud
1226 2141 1358 2219 aenigma?
1376 2142 1473 2202 lllultis

729 2232 856 2299 precatur
867 2218 1007 2300 poenitens,
1021 2219 1221 2300 responsionem
1233 2241 1285 2279 non
1300 2220 1412 2293 obtinet,
1425 2222 1473 2281 sed

730 2318 809 2378 opere
821 2298 990 2358 clementiam
1005 2297 1092 2358 ridet.
1107 2298 1180 2358 Hinc
1193 2299 1378 2380 perspicimus,
1388 2302 1474 2382 poeni·

730 2378 841 2437 tentiam
858 2392 977 2437 nostram
991 2377 1093 2455 verbis,
1109 2379 1160 2438 Dei
1178 2378 1370 2457 benignitatem
1384 2382 1473 2461 operi·

728 2456 781 2516 bus
789 2457 916 2538 exprimi.
926 2460 1063 2540 Proferte
1073 2459 1122 2517 illi
1130 2459 1238 2518 stolam
1247 2463 1383 2539 primam,
1392 2482 1473 2539 quarn

729 2558 778 2618 per
789 2537 1026 2617 transgressionem
1036 2537 1175 2617 perdidit:
1189 2540 1269 2596 Date
1284 2560 1400 2620 quoque
1418 2544 1474 2621 ipsr'

728 2619 940 2677 calceamenta.
970 2618 1083 2691 Quare?
1103 2618 1175 2690 Quia
1198 2638 1307 2698 serpens
1336 2634 1474 2698 peccantes

727 2710 876 2778 oppugnat,
892 2697 1041 2756 secundum
1053 2696 1125 2756 illud
1137 2721 1144 2754 ε
1155 2701 1222 2777 Ipse
1242 2700 1405 2757 observabit
1419 2721 1472 2758 ca·
1486 2715 1543 2758 σενι.
1553 2715 1576 2761 3.
1589 2712 1623 2758 15.

746 2789 779 2835 ut
798 2797 905 2849 meum,
927 2789 955 2834 et
977 2789 1008 2836 tu
1028 2778 1214 2835 insidiaberis
1236 2777 1376 2835 calcaneo
1397 2782 1470 2860 ejus.

724 2799 769 2914 lte
790 2855 954 2936 perniciosus
971 2875 1079 2936 serpens
1101 2855 1138 2914 ad
1155 2853 1259 2914 nudum
1314 2854 1377 2914 dem
1393 2878 1472 2917 aore-

61 2936 205 3015 ιτηρνζσεις
224 2937 302 2996 αὐτοῦ
316 2937 439 3017 πτέρναν.
450 2936 510 2999 Ἵνα
527 2939 564 3018 μὴ
580 2947 672 3023 γυμνῷ
690 2960 707 3006 ss
725 2933 783 3010 dat,
794 2955 975 3026 nevenusum
988 2955 1121 3022 venenum
1131 2935 1257 3015 peccatie
1279 2934 1364 2995 undat
1372 2936 1473 2996 adver-

61 3018 113 3073 λθοι
126 3021 140 3074 ὁ
153 3014 266 3094 ὀλέθριος
280 3017 353 3096 ὄφις,
365 3017 408 3077 ἵνα
420 3016 461 3097 μὴ
479 3019 560 3080 πάλιν
574 3020 619 3079 τὸν
634 3021 671 3081 ἰὸν

62 3119 91 3161 ες
106 3095 207 3174 κενώοη
227 3096 296 3155 κατὰ
314 3104 360 3156 τοῦ
380 3099 595 3179 ἐλευθερωθέντος
619 3103 673 3162 ἀπὸ

61 3199 107 3246 ας,
119 3175 283 3255 περιτίθησιν
295 3179 366 3258 αὐτῷ
378 3178 411 3236 τὰ
425 3178 586 3256 ὑποδήματα
606 3181 671 3262 πρὸς

66 3253 131 3314 Ἐάν
146 3255 197 3353 γὰρ
213 3255 249 3332 μὴ
263 3254 333 3335 lurp
345 3256 379 3316 rb
390 3259 566 3336 ὑποδήματα,
587 3264 616 3318 οὐ
630 3260 672 3320 δό-

61 3345 77 3392 Ῑν
102 3336 191 3393 ἐπανω
215 3334 298 3414 ὄφεων
317 3334 362 3394 καί
383 3339 532 3417 σκορπίων,
554 3339 599 3398 καί
626 3339 670 3399 ίπί

61 3413 167 3490 δύναμιν
178 3419 224 3473 τοῦ
235 3417 337 3496 ἐχθροῦ.
352 3413 404 3474 Διά
415 3423 492 3476 τοῦτο
502 3417 536 3477 τά
546 3419 671 3497 δήγματα

61 3493 253 3575 σφαλιζόμενος
264 3499 279 3553 θ
289 3497 410 3569 Παῦλος,
422 3497 518 3576 ἀρτίως
529 3497 670 3579 ἐκήρυττε·

62 3572 157 3650 μήπως
167 3576 203 3640 ὡς
213 3575 290 3654 θόφιτ
301 3573 349 3645 τὴν
360 3575 434 3634 Εὔαν
445 3578 590 3650 ἠπάτησεν,
602 3578 671 3639 οὕτω

62 3653 183 3730 νοήματα
198 3658 272 3730 ὑμῶν
285 3654 339 3713 ἀπὸ
351 3658 399 3724 τῆς
412 3657 559 3729 ἁπλότητος
572 3661 620 3728 τῆς
634 3663 670 3727 είς

61 3733 102 3790 λλ’
116 3735 228 3791 ἐνταῦθα
243 3733 386 3794 ἀνακόπτει
401 3726 453 3795 οἷόν
465 3760 491 3795 τι
504 3738 593 3797 καινὸν
606 3740 670 3819 δρᾶ-

61 3811 234 3892 λυθρύλλητον
257 3816 341 3872 ἐκεῖνο
364 3814 487 3892 ζήτημα·
505 3816 598 3877 πολλοὶ
617 3819 669 3900 γάρ

61 3914 118 3949 νται
131 3896 179 3963 τῆς
194 3892 372 3974 δημιουργίας.
389 3895 442 3953 Καὶ
457 3893 501 3953 διά
514 3896 554 3970 τί,
575 3899 653 3977 φησίν

660 3939 715 3983 stbt

726 3034 772 3074 sus
785 3036 861 3090 eum,
878 3034 947 3092 qura
977 3028 1066 3073 cecato
1082 3013 1211 3073 hberatus
1230 3028 1278 3089 est,
1294 3015 1472 3076 calceamenta

725 3092 780 3174 ipsi
800 3095 911 3185 apponit
929 3115 945 3152 a
986 3094 1109 3153 tutelam.
1124 3094 1183 3152 Nisi
1201 3094 1273 3153 enim
1293 3094 1470 3155 calceamenta

725 3186 867 3255 accepent,
889 3193 943 3232 non
965 3186 1053 3253 potest
1073 3173 1175 3232 calcare
1196 3193 1277 3253 supra
1295 3188 1430 3255 serpentes
1446 3189 1472 3234 et

726 3253 894 3333 scorpiones,
913 3265 940 3313 et
962 3272 1043 3333 supra
1069 3273 1175 3311 omnem
1202 3253 1331 3313 virtutem
1355 3253 1622 3323 inimicorum.

725 3331 789 3391 ldeo
804 3331 933 3393 adversus
946 3352 974 3391 se
1008 3330 1077 3391 entis
1095 3353 1202 3393 morsus
1221 3332 1345 3391 muniens
1359 3334 1470 3395 Paulus.
1500 3360 1517 3397 ε

725 3411 807 3472 modo
819 3353 1085 3482 cumaharzllimm
1099 3433 1136 3471 ne
1146 3416 1223 3472 sicut
1239 3433 1357 3492 serpens
1374 3415 1403 3472 E
1406 3436 1471 3474 vam
1483 3433 1505 3464 r.
1520 3420 1573 3467 cor,
1587 3433 1623 3465 ιι.

725 3493 858 3564 seduxit,
883 3495 928 3551 εἰει
953 3505 1179 3571 corrumpantur
1205 3512 1307 3552 sensus
1334 3499 1427 3553 vestri
1452 3484 1505 3554 a3·

725 3572 924 3653 simplicitate,
940 3591 1006 3651 qua
1024 3585 1068 3631 est
1089 3576 1122 3630 in
1145 3573 1273 3632 Cbrr‘sto.
1300 3575 1405 3634 Verum
1428 3573 1474 3633 lric

725 3651 848 3731 exsurgit
861 3671 909 3712 ceu
923 3671 1025 3711 novum
1038 3650 1176 3730 quoddam
1187 3651 1382 3740 spectaculum,
1398 3675 1472 3732 quae·

725 3730 778 3790 stio
797 3752 893 3812 nempe
912 3730 961 3790 illa
979 3730 1091 3790 celebris
1105 3755 1111 3788 :
1125 3731 1204 3789 multr
1226 3731 1297 3789 enirn
1312 3732 1473 3792 creationem

725 3809 900 3890 redarguunt.
921 3812 989 3885 Cur,
1004 3809 1141 3888 inquiunt,
1154 3830 1261 3889 serpens
1280 3809 1307 3867 in
1324 3810 1473 3890 paradiso?

726 3910 776 3948 cur
785 3890 891 3970 lignum
903 3903 1004 3948 tantam
1026 3888 1161 3947 malorum
1174 3887 1314 3947 materiam
1328 3891 1409 3949 tulit?
1425 3913 1473 3950 cur

61 3971 201 4051 ιραδείσῳ;
220 3970 263 4030 διὰ
284 3972 311 4031 τί
325 3972 356 4031 rb
372 3972 475 4054 δένδρον
487 3976 610 4036 ὑπόθεσιν
624 4001 669 4037 το.
687 4000 705 4042 Α
726 3969 836 4028 Creator
849 3969 955 4048 lignum
967 3968 1021 4026 tale
1034 3966 1185 4048 plantavit?
1197 3966 1333 4045 quomodo
1349 3989 1402 4028 non
1423 3971 1473 4028 ab·

61 4054 100 4108 ῶν
116 4050 225 4128 ἤνεγκε,
247 4052 290 4110 διὰ
305 4052 333 4110 τί
349 4058 363 4112 b
381 4055 538 4136 δημιουργὸς
551 4061 669 4118 τοιοῦτον

61 4153 133 4202 sues,
152 4135 208 4198 πῶς
224 4129 252 4188 δὲ
271 4135 319 4191 οὐκ
337 4133 445 4209 ἄτοπον,
462 4134 598 4216 ἄνθρωπον
620 4137 668 4215 μίν

61 4209 184 4276 τωθάζειν
205 4210 310 4270 ἐναντία
330 4212 472 4291 σπέρματα
494 4214 538 4273 καί
558 4214 605 4283 τδις
622 4221 669 4295 βο-

63 4287 202 4369 ἀλλοτρίας
222 4288 342 4369 ἐξορίζειν
355 4298 408 4352 τῶν
422 4293 524 4353 οἰκείων
546 4297 666 4375 σπερμά·

61 4368 149 4448 ιθαρδιν
164 4368 303 4449 φυλάττειν
316 4371 364 4444 τὴν
381 4376 474 4433 ἑαυτοῦ
487 4379 537 4453 γῆν
549 4375 603 4435 ἀπὸ
615 4381 667 4436 τῶν

61 4448 92 4534 όν
104 4447 131 4508 δὲ
143 4447 211 4508 Θεὸν
228 4458 351 4510 τοσοῦτον
364 4451 410 4512 καί
424 4455 578 4525 τηλικοῦτον
591 4456 669 4538 ἑδρά-

61 4530 163 4600 ,δεισον,
183 4529 263 4607 φυτὸν
281 4533 497 4605 κατασκευάσαι,
514 4536 558 4613 ἀφ’
570 4525 599 4594 οῦ
614 4559 669 4607 πη-

61 4609 138 4679 λενή
157 4612 209 4667 τῶν
229 4614 319 4669 κακῶν
338 4612 470 4684 ὑπόθεσις
491 4613 555 4671 Ἐπί
569 4614 668 4688 ταύτην

61 4685 98 4757 ,ὴν
110 4688 264 4747 ἀκολουθίαν
279 4695 293 4749 θ
305 4695 370 4758 θεῖος
381 4693 487 4758 Παῦλος
497 4692 597 4772 λόγων·
610 4695 669 4753 Φο-

75 4790 146 4839 πως,
164 4770 200 4835 ὡς
220 4773 234 4828 ὁ
258 4768 316 4849 ὄφις
339 4770 411 4829 libror
432 4771 578 4847 ἠπάτησεν,
600 4773 668 4834 οὕτω

61 4846 90 4916 σή
114 4870 166 4904 ατα
180 4852 253 4925 ὑμῶν
274 4849 327 4908 ἀπὸ
344 4856 391 4922 τῆς
405 4850 552 4923 ἁπλότητος
571 4857 619 4925 τῆς
632 4858 669 4921 είς

61 4924 66 4982 ί
77 4949 132 4999 ουν,
146 4927 269 5008 ἀδελφοί,
279 4929 323 4988 Td
335 4929 421 4990 πολλά
430 4929 476 4989 καί
491 4932 603 5012 περιττά
617 4938 669 4991 τῶν

70 5004 262 5082 ἐξεταζομένων
284 5007 405 5088 ἀφέντες,
425 5010 468 5070 ἐπί
489 5009 520 5068 τό
543 5011 670 5092 σύντομον

61 5091 69 5140 l
79 5084 147 5151 Θεὸς
158 5085 245 5145 πάντα
260 5087 330 5146 καλό
345 5089 464 5162 ἐποίησε·
476 5091 522 5150 καὶ
533 5091 603 5152 καλά
623 5096 669 5172 obp

61 5161 82 5222 ,ἀ
108 5164 155 5223 καί
179 5165 246 5225 illas
269 5168 347 5227 καλά.
361 5168 396 5228 Ἡ
417 5168 469 5250 γδιρ
493 5171 619 5275 ἐπαγωγὴ
641 5161 672 5231 τό

61 5244 163 5312 ια’λλονς
187 5245 303 5307 δείκνυσι
323 5251 375 5307 τῶν
398 5247 543 5329 γενομένων
556 5275 671 5311 παντων.

61 5342 131 5382 root.
153 5345 227 5384 vrrr.

724 4047 840 4107 surdum
859 4047 953 4125 luerit,
967 4068 1029 4106 curn
1043 4046 1203 4105 hortulanus
1216 4045 1298 4106 bomo
1317 4062 1392 4108 curet
1407 4070 1471 4108 con-

724 4127 807 4187 traria
818 4127 920 4187 semina
932 4141 959 4187 et
972 4127 1072 4185 alienas
1087 4125 1184 4184 herbas
1195 4147 1211 4184 a
1223 4126 1343 4206 propriis
1362 4128 1471 4189 semini-

724 4208 776 4267 bus
790 4207 940 4282 eliminare,
954 4221 980 4266 et
995 4205 1112 4266 ancxiis
1122 4219 1222 4265 terram
1234 4226 1311 4264 snam
1321 4207 1468 4286 custodire,

724 4290 814 4347 Deum
827 4287 876 4366 qui
888 4286 969 4346 talem
982 4299 1009 4346 et
1021 4299 1127 4345 tantum
1148 4283 1286 4343 coustituit
1300 4286 1470 4366 paradisum,

724 4367 848 4427 arborem
868 4365 1005 4448 paravisse
1018 4364 1091 4423 unde
1112 4378 1186 4423 tanta
1201 4362 1336 4423 malorum
1358 4367 1471 4428 materia

724 4461 878 4507 emanatura
898 4446 974 4506 erat?
986 4443 1031 4503 ad
1050 4444 1102 4503 boc
1120 4464 1169 4503 nos
1191 4459 1380 4521 argumentum
1393 4445 1471 4507 ducit

723 4527 835 4587 divinus
855 4525 968 4600 Paulus,
989 4545 1052 4583 cum
1069 4524 1122 4583 ait:
1136 4525 1245 4596 Timeo,
1264 4545 1301 4583 ne
1317 4529 1391 4586 sicut
1410 4549 1469 4587 ser-

721 4620 794 4688 pens
815 4608 844 4665 E
847 4626 914 4664 vam
930 4606 1057 4676 seduxit,
1071 4607 1115 4662 ita
1127 4617 1354 4683 corrumpantur
1365 4627 1467 4668 sensus

724 4691 817 4747 vestri
827 4685 1043 4766 asimplicitate
1055 4687 1088 4741 in
1102 4684 1229 4742 Christo.
1240 4683 1314 4754 Quid
1328 4705 1401 4765 ergo,
1415 4687 1468 4745 fra·

724 4767 799 4825 tres?
810 4765 855 4826 Ex
870 4763 905 4824 iis
919 4785 979 4843 quae
993 4762 1134 4843 sigillatim
1151 4760 1325 4822 excutiuntur
1346 4765 1431 4825 multa
1444 4780 1470 4825 et

724 4846 860 4926 superflua
883 4843 1030 4918 mittentes,
1049 4842 1086 4902 ad
1108 4841 1299 4923 compendium
1317 4844 1466 4904 veniamus.

725 4928 799 4986 Deus
827 4922 917 4983 omnia
940 4921 1003 4982 lecit
1026 4923 1115 4997 hona,
1143 4942 1190 4980 nec
1216 4920 1374 5003 simpliciter
1398 4924 1469 4984 bona

725 5005 773 5065 sed
786 5019 812 5064 et
824 5004 919 5064 Valde
932 5005 1017 5061 bona.
1032 5001 1091 5060 lloc
1104 5000 1176 5059 enirn
1194 5001 1406 5061 additamentum
1420 5005 1467 5062 bo
1481 5031 1536 5072 sm,
1554 5041 1559 5070 r
1580 5027 1619 5072 31.

726 5085 836 5144 nitatem
860 5102 992 5143 summam
1013 5080 1182 5163 opificiorum
1202 5081 1324 5141 omniurn
1341 5083 1467 5143 declarat.

727 5168 781 5224 Dat
791 5164 877 5244 igitur
888 5165 964 5223 Deus
975 5161 1081 5220 Adamo
1090 5182 1122 5219 oo
1142 5159 1196 5218 ianr
1207 5181 1308 5233 nerum,
1320 5183 1411 5240 usum,
1420 5183 1470 5256 po-

728 5258 864 5319 testatem,
880 5256 911 5302 ut
931 5243 1038 5300 ituatur
1049 5182 1190 5321 paradiso,
1204 5253 1230 5299 et
1244 5240 1401 5353 ll⁵lblllb¹¹⁵
1419 5265 1470 5303 rm-

1062 5335 1066 5345 '
1260 5342 1298 5380 a.)
