3750 5940
53 466 57 484 .
87 410 308 487 unusual.
337 436 469 489 unit.
771 408 851 511 559·

99 561 188 623 debat
202 583 280 626 eum.
293 563 488 631 Animadverte
496 563 668 645 evangelista
682 560 846 627 moderatio·

99 674 160 715 nem
168 700 179 735 ,
193 657 330 737 quomodo
342 678 396 719 non
406 657 550 719 maledicat
560 655 712 741 proditori,
726 655 775 719 sed
785 676 846 719 rem

100 762 202 830 gestam
216 762 328 827 nam,
342 772 429 813 unum
448 749 589 813 nomem
607 749 730 825 studens,
744 762 844 827 totum,

100 840 149 902 illo
161 842 340 923 permittente,
352 845 454 905 iactum
463 864 529 904 etse.
540 842 652 905 lrulene
664 839 845 923 malediceret,

100 933 191 1015 ipsum
207 934 346 996 Christum
359 956 416 997 sese
431 934 590 1018 prodentem
606 948 634 999 et
651 946 847 997 monstrantem

101 1027 163 1088 illos
181 1027 217 1088 ad
230 1028 259 1090 id
271 1029 413 1111 impulisse
420 1053 431 1109 3
446 1043 591 1114 postquam
605 1026 735 1091 exhihuit
745 1026 846 1103 omnia,

66 1131 161 1202 oquae
180 1120 243 1183 illos
261 1123 409 1184 absterrere
430 1136 571 1208 poterant,
590 1123 656 1204 quia
675 1121 705 1185 in
725 1120 847 1201 nequitia

100 1214 306 1296 perseverabant
317 1261 325 1292 ,
338 1215 497 1297 nullamque
507 1214 647 1277 habehant
664 1214 848 1277 amantionis

102 1326 194 1366 ausam
203 1351 213 1384 ,
237 1320 302 1368 tunc
323 1309 441 1391 supsum
455 1307 591 1387 tradidit,
606 1305 701 1369 diceus
713 1328 721 1366 ι
733 1306 767 1369 Si
780 1326 848 1387 ergo

103 1420 149 1459 me
161 1403 303 1481 quaeritis,
312 1405 401 1462 sinite
410 1403 464 1463 bos
473 1404 567 1474 obde,
577 1420 662 1480 usque
674 1397 711 1461 ed
723 1397 850 1459 ultimam

103 1490 198 1551 horam
211 1513 288 1552 suam
300 1499 367 1573 erga'
382 1493 444 1555 illos
452 1492 646 1574 benignitatem
662 1490 804 1554 exbibens
817 1490 849 1553 si

103 1604 147 1644 me
158 1605 228 1667 opus
247 1584 362 1663 habetis,
379 1585 477 1668 inquit,
490 1584 559 1647 nihil
569 1606 634 1647 cum
648 1584 709 1649 istis
719 1584 757 1645 ait
770 1582 849 1647 vohis

104 1697 255 1738 commuue.
269 1677 340 1738 Ecce
350 1679 483 1761 meipsum
493 1676 581 1740 trado.
590 1680 620 1741 9.
632 1679 673 1741 Ut
682 1676 851 1759 impleretur

104 1789 198 1828 senno
212 1791 298 1850 quem
316 1771 402 1846 dixit,
421 1774 492 1853 paria
512 1790 573 1832 non
590 1770 708 1851 perdidi
728 1790 767 1831 aa
786 1769 850 1829 illis

104 1882 290 1943 quemquam.
309 1860 492 1925 Perditioneru
510 1875 602 1923 autem
618 1860 665 1921 hic
684 1859 774 1940 dicit,
796 1880 850 1923 nou

104 1967 218 2015 mortem
233 1954 311 2034 hanc,
322 1953 369 2017 sed
380 1954 458 2017 illam
467 1968 604 2017 aternam.
617 1952 793 2034 Evangelista
802 1974 851 2013 au·

105 2062 159 2109 tem
173 2063 200 2111 et
209 2049 237 2110 in
247 2050 372 2133 prasenti
382 2051 434 2112 hoc
443 2049 555 2133 accepit.
564 2048 779 2111 ldireturautem
788 2047 851 2128 quis

69 2142 88 2191 u
106 2142 240 2221 quomodo
261 2164 314 2205 non
326 2164 372 2206 eus
386 2144 466 2206 etiam
481 2143 600 2226 ceperint
617 2157 645 2206 et
663 2142 846 2223 conciderint,

106 2254 169 2293 cum
190 2234 309 2297 maxime
322 2236 419 2297 Petrus
439 2235 502 2297 illos
518 2235 673 2313 concitaret,
687 2256 751 2297 cum
773 2236 851 2298 mul-

106 2326 189 2391 ctavit
208 2348 327 2389 servum
341 2328 411 2402 Quia
434 2328 497 2391 illua
518 2327 655 2390 detinuit?
671 2330 734 2393 Non
752 2329 851 2405 aliud,

106 2442 188 2500 quam
201 2421 260 2504 ipsa
275 2422 318 2483 vis
330 2444 392 2503 qua
405 2422 468 2488 illos
480 2422 593 2504 supinos
604 2422 853 2504 praecariaouod

53 2520 55 2557 ῑ
105 2514 241 2594 significat
254 2516 429 2596 evangelista,
448 2536 512 2577 cum
531 2515 672 2578 declarans
694 2516 724 2579 id
741 2537 795 2578 nou
817 2538 851 2579 aa

106 2606 216 2668 illorum
230 2608 367 2670 voluntate
380 2609 530 2692 proiectum
541 2630 607 2689 esse,
617 2608 667 2672 sed
678 2630 714 2673 ex
730 2630 852 2693 compre·

106 2700 182 2761 hensi
202 2702 303 2765 virtute
320 2717 400 2783 atque
418 2702 567 2779 sententia,
587 2701 680 2763 addit:
701 2704 741 2766 Ut
757 2724 851 2765 serrrw

62 2797 286 2890 wimpleretur,
300 2818 386 2878 quem
399 2798 486 2872 dirit,
499 2795 610 2858 Nullus
623 2816 660 2857 er
671 2799 714 2857 eis
722 2799 820 2876 periit.

71 2903 90 2949 u
145 2892 173 2948 a.
197 2891 292 2949 Petrus
305 2907 369 2968 ergo
388 2887 440 2948 hac
457 2907 525 2950 voce
537 2886 613 2949 otiis
631 2907 693 2967 quae
706 2900 780 2968 gesta
791 2888 850 2948 iue-

105 2994 166 3040 raut
183 2981 268 3042 fretus
283 3026 293 3058 ,
318 2992 411 3041 eontra
427 2979 558 3041 irruentes
579 2991 711 3041 armatur.
728 2976 765 3040 Et
782 3000 851 3058 quu-

53 3104 55 3124 ·
105 3073 195 3151 mado,
209 3073 325 3154 inquies,
335 3072 383 3154 qui
393 3072 485 3154 jussus
496 3084 552 3133 erat
565 3091 619 3133 uon
632 3091 725 3153 peram
737 3070 848 3151 hahere,
859 3099 878 3142 a

53 3199 55 3209 ν
106 3187 158 3226 nou
181 3165 251 3228 duas
270 3165 393 3242 tamicae,
414 3163 536 3247 gladium
556 3163 675 3226 habuit?
687 3166 728 3227 Ut
741 3162 850 3227 videtur
862 3172 878 3206 ¹¹

53 3291 55 3307 ›
106 3259 186 3336 mihi,
205 3260 257 3320 hoc
277 3271 408 3338 mouens,
432 3278 461 3318 se
478 3257 537 3339 jam
562 3256 629 3320 olim
649 3260 848 3342 praemunierat.

53 3396 55 3406 ,
106 3353 187 3427 Quod
201 3352 225 3413 si
239 3351 335 3411 dicasr
348 3348 491 3424 Quomodo
507 3349 555 3429 qui
566 3349 661 3431 jussus
672 3365 712 3415 est
727 3370 781 3413 nun
793 3350 851 3413 ala·

53 3479 55 3487 ν
105 3466 171 3529 pam
186 3444 323 3524 infligere,
339 3440 504 3503 homicidam
519 3440 597 3523 agit?
610 3441 731 3507 maxime
740 3440 850 3523 quidum

53 3582 55 3590 ,
105 3558 135 3600 se
146 3558 200 3599 non
215 3535 307 3595 ulcisci
318 3546 483 3618 praeeuptum
496 3547 633 3617 acceperat
642 3557 653 3613 3
663 3533 711 3595 hic
720 3554 785 3599 vero
796 3555 850 3596 nun

53 3673 56 3686 ,
106 3652 150 3709 se,
165 3629 212 3690 sed
230 3629 395 3710 Magistrum
411 3627 485 3692 ultus
506 3640 554 3689 est.
574 3625 617 3688 Ad
638 3627 713 3708 haec,
729 3626 851 3691 nondum

53 3755 55 3766 ·
107 3723 216 3805 perlecti
229 3736 256 3782 et
271 3719 450 3782 consummati
462 3733 547 3781 mant.
563 3720 609 3783 Tu
620 3740 685 3782 vero
702 3720 726 3783 ai
742 3721 785 3783 ris
801 3724 851 3783 Pe·

53 3836 55 3868 :
107 3827 180 3876 trum
203 3814 439 3897 philosophantem
453 3811 554 3890 videre,
574 3810 681 3874 videbis
693 3826 785 3895 postea
801 3834 851 3873 ca-

53 3941 54 3946 *
72 3927 90 3974 B
108 3921 203 3967 sumet
215 3906 290 3967 mille
300 3905 427 3965 aflectum
436 3903 524 3983 malis,
536 3923 585 3964 nec
598 3917 795 3986 exasperatum.
808 3907 851 3969 lc·

53 4021 55 4058 z
105 4025 152 4063 sus
171 4016 260 4062 autern
282 4001 328 4062 hic
340 3999 421 4060 edam
434 3999 595 4060 miraculum
611 3999 686 4078 edit,
707 4013 739 4062 ut
756 4021 810 4061 uua
826 4013 853 4061 te

53 4112 56 4139 ³
106 4095 210 4175 doceat,
221 4095 303 4154 etiam
315 4091 476 4153 laedentibus
488 4091 620 4152 beneficia
636 4090 758 4174 impendi
770 4114 853 4176 opor-

53 4205 57 4232 t
108 4203 172 4264 tere,
184 4201 209 4247 et
222 4199 253 4246 ut
262 4186 392 4249 virtutem
400 4204 478 4244 suam
492 4183 698 4247 revalescas
712 4183 797 4266 igitur
805 4205 853 4246 au·

53 4297 59 4340 t
109 4303 165 4342 rem
186 4279 313 4351 restituit,
333 4280 466 4355 Petroque
479 4276 566 4337 dicit:
585 4280 693 4338 Omnes
713 4282 766 4362 gui
787 4279 878 4361 glo-1

53 4368 60 4425 l
109 4373 192 4430 dium
205 4372 359 4449 accipient,
373 4366 475 4448 gladio
492 4369 639 4447 peribunt.
656 4368 696 4430 Ut
711 4367 878 4430 hlodouet

53 4464 60 4518 i
109 4464 209 4546 pedum
220 4463 294 4538 fecit,
310 4483 373 4522 cum
394 4461 476 4523 minis
489 4461 684 4523 contentionem
702 4462 761 4547 ejus
777 4462 853 4525 tede-

53 4573 58 4606 t
109 4560 159 4635 vit,
171 4558 209 4618 sic
222 4557 303 4617 etiam
316 4556 368 4619 hoc
380 4557 448 4617 looo.
462 4557 566 4616 Nomen
578 4568 669 4617 autem
687 4557 760 4620 servi
777 4557 854 4619 addit

53 4672 59 4684 ·
109 4651 271 4732 evangelista
279 4695 289 4727 ,
303 4648 367 4728 quia
384 4668 514 4729 magnum
530 4647 636 4708 facirms
647 4660 714 4729 erat,
727 4669 781 4710 non
796 4662 854 4711 tan·

53 4732 60 4790 l
111 4760 168 4805 tum
179 4741 252 4822 quod
261 4741 405 4820 curaverit,
417 4739 465 4801 sed
477 4739 558 4800 etiam
576 4740 652 4820 quod
664 4762 727 4801 eum
737 4712 878 4820 utrave-fi

53 4848 61 4881 ¹
110 4838 156 4914 rit,
176 4837 223 4915 qui
245 4836 298 4895 sibi
315 4835 473 4917 paulopost
491 4846 548 4894 erat
562 4833 670 4917 alapam
683 4834 855 4909 indictonis,

53 4958 60 4968 ·
111 4943 136 4989 et
152 4928 225 5007 quod
242 4928 307 4988 hinc
321 4924 512 4987 concitandum
525 4939 619 4986 contra
638 4925 786 5008 discipulos
798 4926 856 4986 bel-

53 5052 60 5084 ι
77 5036 95 5084 u*
112 5023 169 5083 lum
181 5019 381 5103 compescuerit.
392 5019 454 5082 ldoo
465 5040 560 5080 nomeu
572 5021 628 5100 ejus
642 5020 731 5102 posuit
744 5041 858 5099 evange·
