3750 5940
89 436 208 485 cxxix.
234 410 285 487 al.
312 436 456 487 ιιιιινιιι.
778 412 851 513 539

108 581 200 638 causa,
219 581 290 644 sepe
310 582 346 623 ne
359 564 467 623 artium
486 562 600 643 quidem
616 563 777 623 facultatum
787 586 852 646 par·

71 672 90 717 s
109 665 162 712 tem
175 652 327 735 upcudmc
342 654 489 729 volumus,
506 652 554 714 scd
564 653 721 715 lamelioim
733 652 852 737 despici-

109 766 189 822 mus,
204 745 308 807 nidum
319 746 442 811 ridentes
453 745 697 828 praterourrimus,
710 768 796 829 neque
807 749 850 809 al-

110 837 184 918 loqui
197 839 353 920 dignamur.
364 840 444 900 lllius
459 860 524 901 veru
531 839 555 899 si
568 839 727 899 ancillulam
734 839 854 904 viderint

109 945 256 1010 amatores,
272 932 416 992 barbaram
428 932 503 1010 licet,
519 932 548 992 iu
561 930 651 993 medio
663 933 722 994 loro
741 947 853 1016 mutes,

110 1020 209 1081 blande
225 1036 252 1082 et
267 1022 349 1083 bilaii
369 1024 447 1083 vultu
467 1023 663 1103 alloquuntur,
682 1024 856 1107 longioraque

111 1129 224 1175 utuntur
240 1137 369 1175 sermone.
387 1117 500 1197 Propter
519 1115 595 1175 illam
608 1115 679 1175 nibil
701 1138 758 1177 csse
769 1118 856 1179 vitam

111 1207 298 1283 arbitrantur,
320 1208 390 1268 nihil
411 1207 565 1292 principes,
586 1208 656 1269 nibil
677 1230 791 1291 reguum
807 1210 857 1287 (id

112 1302 201 1361 sciunt
215 1316 286 1362 certe
295 1316 425 1382 quotquot
435 1303 508 1361 bunc
516 1302 621 1383 experti
630 1316 693 1362 sunt
704 1304 854 1383 morbum),

112 1409 139 1454 et
151 1395 280 1474 majorem
293 1393 393 1455 babent
407 1393 550 1475 imperanti
562 1393 689 1474 gratiam,
705 1416 789 1475 quam
800 1416 858 1456 seru·

113 1485 248 1546 aientibus
265 1485 376 1545 catenis.
395 1486 490 1546 Nonne
501 1485 597 1545 merito
617 1485 755 1566 gebenna,
770 1508 858 1549 noune

113 1577 253 1638 innumera
272 1599 320 1638 nos
332 1591 440 1638 manent
452 1578 605 1661 supplicia?
617 1578 788 1660 Evigilemus
805 1579 854 1641 ita-

113 1691 180 1749 que,
200 1680 227 1729 et
240 1669 292 1730 Dei
312 1668 463 1731 ministerio
477 1669 656 1730 exhibeamus
672 1683 720 1730 aut
738 1683 858 1733 tautum·

76 1774 95 1821 c
113 1762 177 1823 dem
192 1777 240 1823 aut
253 1762 397 1824 dimidiam
415 1776 485 1823 certe
499 1776 605 1844 partem
619 1783 714 1824 eorum
726 1784 786 1843 quar
801 1784 857 1823 me·

112 1856 204 1917 rotrici
224 1858 312 1916 ceteri
328 1857 461 1939 praebent,
477 1870 524 1915 aut
540 1855 648 1916 tertiam
662 1868 693 1915 ut
709 1854 856 1917 minimum

112 1963 224 2030 partem.
250 1949 330 2008 Forte
350 1947 450 2008 iterum
467 1947 604 2007 horretis?
620 1946 656 2007 Et
671 1966 722 2027 ego
742 1968 856 2027 quoque

113 2046 148 2100 tlt
169 2041 267 2101 vellem
285 2062 335 2101 ros
352 2062 405 2101 non
423 2040 459 2100 de
475 2038 566 2100 verbis
582 2052 705 2114 tantum,
718 2037 765 2099 sod
779 2052 807 2099 et
823 2038 859 2099 de

111 2134 214 2194 rebus
200 2134 272 2240 ipsis
280 2135 398 2195 borrerc.
412 2135 490 2194 Nunc
501 2147 593 2193 autem
605 2131 651 2191 bic
660 2153 706 2192 oor
719 2146 854 2211 morettar,

111 2227 208 2307 quossi
231 2248 296 2288 vero
318 2226 408 2287 omnia
431 2226 585 2308 abjicimus.
608 2223 686 2297 Quid
703 2225 769 2287 binc
790 2244 856 2307 crgo
890 2226 925 2272 Μ
950 2227 984 2270 ‘²¹
986 2242 1009 2265 ‘-

111 2320 199 2379 lueri?
214 2319 244 2380 Si
258 2318 316 2379 illic
328 2316 515 2379 consumenda
528 2331 615 2378 esseut
622 2316 812 2425 “pemanie,
777 2337 906 2411 numum,
894 2303 1007 2395 ““7““Ξ

110 2414 220 2475 defleret
238 2426 436 2496 paupertatem,
457 2411 504 2473 scd
526 2413 701 2473 funeraretur
718 2411 768 2473 etsi
786 2414 967 2494 saepelwr*u
895 2422 975 2459 rmus.

112 2522 207 2588 captus
220 2508 331 2567 luisset·
324 2506 388 2566 ·bic
403 2525 500 2566 retusi
493 2504 682 2586 eleemosyna
693 2503 856 2581 nominetur,

112 2601 202 2659 statim
216 2599 307 2673 lilios,
328 2620 459 2674 uxorem,
474 2597 586 2658 domum
594 2641 603 2673 ,
615 2610 710 2657 'curam
725 2618 764 2656 ret
758 2595 857 2657 lami·

111 2691 198 2770 liaris,
215 2707 241 2753 et
256 2691 341 2752 millia
362 2690 541 2751 obtendimus.
559 2688 614 2751 Sed
626 2690 724 2769 multa,
733 2689 857 2771 inquies,

76 2784 95 2829 ¹)
112 2785 169 2844 illic
186 2785 312 2867 voluptas
336 2798 384 2843 est.
413 2783 472 2843 lloc
495 2796 535 2842 est
551 2781 625 2862 quod
641 2780 741 2859 doleo,
755 2780 857 2863 dequo

111 2877 261 2937 excrucior.
283 2878 358 2950 Quid
377 2898 443 2937 uero
465 2875 488 2936 si
507 2875 646 2935 ostendero
665 2873 711 2934 bic
726 2875 857 2955 majorem

111 2993 167 3030 csse
180 2972 367 3054 voluptatem?
381 2971 443 3032 lllic
460 2969 534 3029 euim
548 2990 602 3029 non
613 2988 712 3050 parum
725 2968 854 3050 volupta-

111 3076 165 3124 tem
181 3065 279 3125 minuit
298 3065 396 3147 pudor,
410 3063 588 3139 contumelia,
601 3076 724 3140 sumtus;
738 3062 857 3142 itemque

111 3158 212 3217 bellum
232 3173 259 3218 et
273 3156 440 3217 inimicitia:
454 3155 500 3215 hic
512 3176 577 3216 vero
596 3154 666 3214 nihil
684 3154 853 3237 hujusmodi.

110 3250 186 3323 Quid
196 3250 279 3325 enim,
292 3271 390 3330 quaeso,
404 3247 469 3308 huic
481 3246 615 3330 voluptati
627 3268 679 3328 par
689 3268 747 3307 esse
759 3247 855 3329 possit,

109 3341 200 3402 sedere
210 3362 324 3422 regnum
337 3341 462 3400 oaelorum
477 3351 688 3421 exspectantem,
701 3351 855 3399 unctorum

110 3435 298 3516 splendorem,
312 3434 397 3495 vitam
415 3430 592 3513 perpetuam?
606 3432 652 3508 lt,
668 3429 784 3510 inquies,
797 3430 855 3492 bae

109 3539 317 3606 exspectantur,
338 3523 385 3581 illa
400 3520 567 3602 experimur.
585 3519 854 3602 Quomodo-experi-

108 3619 163 3677 ris?
172 3619 256 3679 Visne
264 3615 313 3677 tibi
323 3614 461 3676 ostendam
469 3613 514 3672 hic
523 3634 631 3693 quoque
638 3612 853 3694 experimentum

107 3711 219 3771 haberi?
230 3711 325 3791 Cogita
341 3722 440 3789 quanta
453 3707 552 3767 fruaris
566 3706 699 3781 libertate,
707 3706 782 3786 quod
791 3706 852 3766 ntul-

108 3805 166 3864 lum
191 3806 284 3865 timeas
306 3804 349 3862 vel
371 3816 469 3861 tremas
488 3801 557 3860 dum
573 3800 704 3860 virtutem
724 3800 852 3877 sectaris,

110 3919 162 3957 non
176 3897 330 3971 inimicum,
351 3916 403 3954 non
423 3894 619 3963 insidiatorem,
633 3912 687 3951 non
700 3892 852 3973 sycophan-

74 3977 91 4023 Ε
110 3990 458 4066 tam,nonaemulu1n,non
475 3986 599 4060 rivalem,
615 4006 668 4044 non
683 3983 850 4066 zelotypum,

108 4105 160 4144 non
177 4095 385 4164 paupertatem,
401 4101 453 4139 non
473 4076 683 4157 egritudinem,
702 4094 755 4135 nou
775 4075 851 4136 aliud

106 4175 248 4255 quidpiam
264 4174 422 4232 humanum.
436 4169 497 4228 lllic
511 4188 584 4245 vero,
603 4166 652 4227 etsi
665 4167 805 4226 innumera
814 4187 850 4227 cx

109 4283 172 4330 voto
186 4265 338 4340 succedant,
351 4278 377 4323 ct
391 4261 494 4322 divitia
509 4260 586 4340 quasi
599 4281 633 4319 ex
648 4260 721 4318 fonte
732 4271 850 4336 manent,

107 4361 236 4422 rivalium
244 4359 356 4431 bellurn,
376 4354 496 4430 insidiae,
518 4352 640 4412 omnium
658 4349 850 4429 miserrimam,

108 4454 217 4513 illorum
236 4451 321 4511 vitain
338 4447 477 4520 efficiunt,
491 4445 539 4525 qui
553 4444 581 4504 in
606 4443 651 4504 bis
680 4443 848 4504 volutantur.

109 4546 153 4606 Ad
165 4546 333 4625 voluptatem
348 4540 421 4599 enim
439 4538 515 4597 illius
532 4535 687 4618 respuenda
700 4549 727 4596 et
742 4535 850 4596 effemi-

109 4655 176 4699 nata
186 4658 290 4698 necesse
303 4648 341 4696 est
356 4631 459 4693 moveri
477 4630 565 4705 bella;
577 4629 652 4709 quod
664 4628 741 4689 mille
750 4627 853 4689 morti·
895 4640 902 4653 ’

59 4767 98 4805 m
107 4734 159 4792 bus
174 4731 285 4810 gravius
300 4742 326 4787 ct
348 4725 422 4787 omni
437 4722 571 4806 supplicio
584 4720 781 4781 intolerabilius
799 4730 850 4781 cst.

76 4823 91 4867 l
109 4826 159 4884 llic
173 4838 263 4884 autem
275 4821 345 4881 nibil
354 4816 650 4900 hujusmodi.chtus
661 4814 742 4891 enim,
754 4810 853 4892 inquit,
862 4823 918 4871 cat.
927 4818 953 4869 t.
965 4828 1004 4864 ss.

108 4920 241 4998 Spiritus,
255 4918 375 4984 coritas,
391 4909 542 4992 gaudium,
557 4928 628 4988 pax.
642 4906 782 4984 Nusquam
796 4900 855 4963 bel·

110 5010 235 5087 lum,non
243 5001 424 5084 intempestivi
430 4998 605 5082 pecuniarum
612 5009 727 5073 sumtus,
735 5016 788 5055 non
796 5008 858 5075 post

61 5185 132 5248 ιιι]

687 5265 727 5323 56
