3750 5940
745 425 777 470 itt
807 418 933 471 PASCllh
962 423 1009 469 t't.

82 545 195 624 αγωγῆς
217 547 280 607 υἱιῦν
294 544 404 625 Ἰσραῆλ
425 544 490 646 πρὸς
512 544 635 683 ἑσπέραν.
652 545 705 607 Καὶ
728 546 859 627 λήψονται

84 624 144 684 tub
156 630 203 684 τοῦ
218 623 346 702 αἵματος,
361 624 406 682 καί
417 629 540 695 θησουσιν
550 625 584 683 ἐπ
604 627 656 684 τῶν
669 624 715 685 δύο
725 630 859 703 σταθμῶν,

83 703 136 761 καί
146 704 189 763 lui
201 702 249 775 τῆν
264 703 350 784 φλιδιν,
365 704 411 763 καί
424 707 452 763 ἐν
461 712 514 770 τοῖς
528 704 607 769 οἴκοις
618 745 625 773 ,
636 708 661 763 ἐν
677 697 714 771 οἷς
727 703 758 763 ἂν
768 704 860 805 φάγω·

82 804 132 841 σιν
142 781 206 841 αὐτὸ
219 785 246 842 ἐν
260 786 357 850 αὐτοῖς.
375 782 428 841 Καὶ
442 782 568 863 φάγονται
583 782 617 841 rh
629 782 694 862 κρέα
708 788 735 844 ἐν
748 786 859 863 αυτῆτῇ

84 861 179 932 νυκτί,
194 860 264 920 ὀπτδ
279 861 356 941 πυρί,
371 860 417 921 καί
429 863 517 940 ἄζυμα
529 859 596 940 μετὰ
609 863 736 943 πικρίδων
748 864 859 922 ἔδονται.

82 941 150 999 otu
158 938 245 1000 lisele
263 943 309 998 ἀπ’
325 944 410 1001 αὐτῶν
422 940 504 1019 ὦμδν,
517 940 575 1002 οὐδὲ
587 942 722 1022 ἡψημένον
736 945 763 1001 lv
775 942 861 1015 ύδατι,

83 1017 178 1091 ἀλλ’ἢ
189 1019 259 1078 ὀπτά
272 1019 352 1102 πυρί,
364 1021 480 1101 κεφαλῆν
490 1019 537 1080 σῦν
550 1028 603 1088 τοῖς
616 1022 679 1080 ποσί
692 1020 738 1081 καί
755 1030 809 1089 τοῖς
821 1023 862 1080 ἐν·

84 1098 210 1166 τοσθίοις.
225 1100 267 1158 Οὐ
277 1100 467 1180 καταλείψεται
479 1098 506 1167 li
519 1102 603 1159 αὐτῶν
621 1105 658 1167 είς
671 1100 701 1159 rh
715 1099 804 1180 πρωῒ,
816 1100 862 1159 καί

82 1177 183 1237 ὀστοῦν
204 1179 233 1235 οὗ
251 1179 420 1260 συντρίψιται
434 1181 481 1238 ἀπ’
502 1181 581 1238 αὐτοῦ
592 1201 600 1216 ·
612 1181 642 1239 τὸ
657 1179 686 1239 δὲ
700 1178 860 1240 καταλειπό-

85 1278 169 1334 ρεενον
194 1259 240 1315 ἀπ’
264 1260 343 1316 αὐτοῦ
367 1257 416 1324 ἕως
438 1257 523 1338 πρωῒ,
546 1260 572 1316 lv
593 1259 656 1339 πυρί
672 1259 862 1319 κατακαύσετε.

85 1333 171 1395 Ούεω
182 1335 210 1395 δὲ
223 1335 336 1416 φάγεσθε
348 1335 424 1395 αὐτά·
438 1342 465 1396 αί
480 1336 574 1417 ὀσφύες
588 1342 662 1416 ὑμῶν
680 1338 863 1418 περιεζωσμὲ“

84 1437 150 1485 ναι,
172 1414 217 1472 καί
236 1414 271 1473 τά
297 1417 455 1493 ὑποδήματα
483 1419 557 1494 ὑμῶν
578 1420 604 1476 ἐν
619 1428 672 1484 τοῖς
686 1418 763 1479 ποσίν
777 1414 898 1496 ύμιῦν,Β

83 1493 178 1553 καλαί
192 1495 336 1574 βακτηρίαι
356 1499 431 1574 ὑμῶν
455 1499 481 1555 ἐν
504 1505 562 1562 ταῖς
584 1499 674 1579 χερσὶν
701 1501 785 1576 ὑμῶν.
810 1497 864 1557 Καὶ

83 1572 181 1632 wrote
199 1574 263 1632 αὐτὸ
283 1573 351 1652 μετὰ
362 1576 492 1647 σπουδῆς·
505 1575 600 1655 πάσχα
619 1577 670 1656 γάρ
688 1580 744 1637 lou
756 1576 864 1658 Κυρίου.

85 1652 146 1713 Καὶ
157 1652 322 1731 διελεύσομαι
336 1657 363 1712 ἐν
376 1659 410 1733 γῆ
426 1653 561 1733 Αἰγύπτου
573 1656 656 1735 ταύτῃ
671 1655 806 1736 τῇνυκτλ,
819 1655 864 1714 καί

85 1730 201 1799 πατάξω
210 1742 263 1791 πᾶν
277 1733 445 1812 πρωτότοκον
456 1736 482 1792 ἐν
493 1757 527 1812 γη
542 1737 576 1793 Αἰ
601 1733 608 1757 ‘
647 1758 690 1803 ου,
703 1735 749 1794 καί
760 1740 786 1794 ἐν
798 1745 865 1794 πᾶσι

87 1814 159 1876 θεοῖς
183 1815 237 1869 τῶν
262 1811 414 1891 Αἰγυπτίων
435 1814 539 1884 ποιήσω
561 1757 787 1887 viii-intinniit·
813 1812 865 1892 ἐγὼ

88 1888 198 1971 Κύριος.
217 1891 271 1950 ttrt
284 1892 360 1951 ἔσται
372 1891 403 1950 τὸ
417 1884 500 1971 αἷμα,
522 1892 567 1952 καὶ
579 1894 705 1953 σκεπάσω
724 1899 806 1972 ὑμᾶς,
820 1892 865 1953 καί

85 1968 140 2029 οἶοι
149 1968 224 2029 ἔσται
238 1974 264 2030 ἐν
278 1976 339 2047 ύμῖν
353 1970 443 2050 πληγθΙ
457 1977 504 2030 τοῦ
526 1972 662 2053 ἐκτρίύαι,
678 1972 740 2032 ὅταν
752 1973 824 2032 παίω
837 1974 864 2032 ἐν

85 2050 127 2129 γῇ
141 2047 285 2147 Αἰγύπτου.
299 2051 352 2110 Καὶ
363 2050 464 2124 ίσταιθ1
477 2051 531 2129 ῆμέ
549 2076 565 2109 α
576 2035 644 2122 αύτη
655 2057 716 2130 ύμῖν
729 2053 865 2131 μνημθσυη

87 2148 135 2187 tm
146 2130 258 2200 αἰωνιον,
270 2129 316 2190 καί
325 2129 462 2210 ἕορτάσετε
472 2135 504 2190 αθ
538 2156 561 2189 ν.
572 2131 690 2213 Ἱίμέρας
700 2131 768 2191 ἑπτά
777 2132 865 2210 άζυμα

85 2205 188 2267 &este
212 2210 264 2268 Καί
284 2209 365 2269 παλιν
391 2199 448 2267 εἶπε
473 2210 569 2290 Κύριος
590 2211 655 2293 πρὸς
677 2214 794 2282 Μωῦσῆν
818 2213 864 2270 καί

1584 400 1656 498 955

911 546 954 605 od
972 564 1136 625 vesperam.
1153 547 1195 605 Et
1209 558 1323 605 sument
1337 547 1374 606 de
1389 550 1543 626 sanguine,
1558 559 1588 606 et
1605 568 1658 628 po·

911 636 982 682 nent
997 643 1084 703 super
1102 626 1176 683 duos
1193 637 1301 705 postes,
1318 638 1347 684 et
1359 646 1450 704 supra
1465 627 1567 704 limen,
1583 631 1658 686 etin

911 704 1054 773 domibus,
1070 706 1102 760 in
1123 706 1228 784 quibus
1252 724 1300 762 eos
1321 706 1479 763 comedent.
1501 708 1543 765 Et
1562 726 1658 766 come-

912 784 983 841 dent
996 802 1100 840 corrues
1114 786 1221 862 inipso
1236 795 1329 853 nocte,
1346 795 1444 842 coctas
1455 788 1527 864 igni,
1543 797 1570 843 et
1583 806 1659 861 azy·

913 882 963 920 rna
976 873 1004 920 et
1020 881 1126 920 amam
1142 864 1303 921 comedent.
1315 864 1384 920 Non
1399 864 1555 924 comedetis
1569 886 1605 923 eu
1616 868 1659 927 cis

912 941 1044 1013 crudum,
1055 961 1149 1021 neque
1159 960 1259 1001 assum
1269 944 1300 998 in
1311 962 1402 1021 αφιισ,
1414 943 1466 1000 sed
1480 957 1563 1002 cocta
1573 946 1636 1025 igni
1647 966 1658 1003 ε

912 1033 1000 1098 caput
1015 1040 1080 1078 cum
1091 1022 1213 1114 pedibus
1222 1033 1251 1079 et
1264 1024 1421 1079 intestinis.
1432 1023 1502 1080 Non
1512 1023 1660 1105 relinque·

913 1111 962 1158 tur
973 1120 1010 1158 ee
1027 1103 1068 1158 eis
1086 1104 1302 1171 incrastinum,
1316 1113 1343 1158 et
1361 1120 1393 1158 os
1409 1121 1469 1158 non
1482 1104 1660 1163 comminue·

915 1190 963 1237 tur
976 1200 1012 1236 er
1026 1198 1060 1236 eo
1072 1201 1081 1234 .-
1092 1181 1172 1258 quod
1182 1192 1280 1238 autem
1293 1181 1442 1238 residuum
1453 1185 1509 1241 erit
1518 1202 1555 1240 ex
1567 1202 1603 1242 en
1613 1200 1660 1243 us·

914 1258 1032 1338 quoad
1055 1262 1249 1329 matutinum,
1271 1262 1444 1318 comburetis
1464 1263 1496 1318 in
1524 1260 1661 1341 igne&

916 1349 1015 1394 antem
1029 1338 1183 1396 comedetis
1201 1338 1287 1396 illum
1301 1361 1308 1394 :
1324 1339 1416 1396 lumbi
1426 1345 1518 1398 uestri
1529 1344 1661 1421 μεέεσίιεὃ

915 1420 957 1474 cti
970 1429 1066 1486 erunt,
1078 1429 1107 1474 et
1121 1417 1214 1475 calcei
1225 1421 1317 1475 vestri
1330 1421 1361 1474 in
1368 1419 1490 1497 pedibus
1503 1422 1621 1494 nestris,
1632 1432 1662 1481 et
1690 1452 1693 1457 ·

916 1496 1017 1553 baculi
1030 1499 1122 1553 nestri
1135 1499 1168 1553 in
1179 1500 1315 1555 monibus
1327 1501 1443 1556 vestris.
1456 1500 1663 1561 nicomedem

917 1575 1004 1633 illum
1019 1595 1086 1632 cum
1088 1577 1287 1655 festinatione
1299 1599 1307 1631 .·
1319 1578 1438 1634 Pascha
1450 1582 1527 1636 enim
1538 1580 1663 1639 Domini

916 1667 970 1712 est.
987 1656 1028 1713 Et
1046 1658 1178 1713 transibo
1191 1659 1224 1711 in
1236 1657 1444 1735 terruAEgypti
1457 1659 1513 1716 linc
1528 1671 1622 1730 nocte,
1633 1670 1663 1719 ci

915 1737 1079 1812 percutiam
1095 1754 1180 1792 omne
1192 1738 1417 1814 primogenitum
1431 1740 1463 1793 in
1476 1750 1555 1795 term
1569 1738 1661 1819 Egr-

915 1817 969 1891 pti,
983 1826 1010 1870 et
1025 1817 1056 1870 in
1064 1833 1164 1872 omnes
1173 1814 1242 1872 deos
1251 1815 1456 1893 AEgyptr'orum
1461 1818 1582 1897 sociam
1593 1821 1662 1876 uin·
1750 1876 1753 1880 Α

915 1892 1050 1950 dictam:
1075 1913 1127 1971 ego
1143 1894 1298 1952 Dominus.
1310 1895 1351 1951 Et
1367 1897 1422 1952 erit
1440 1898 1526 1955 vobis
1541 1901 1662 1976 sanguis

917 1974 949 2027 in
966 1975 1082 2051 signum
1099 1975 1131 2029 in
1149 1974 1282 2030 domibus
1298 1975 1330 2029 in
1345 1976 1449 2051 quibus
1467 1979 1544 2034 estis.
1561 1978 1601 2034 Et
1615 1980 1662 2034 vi·

917 2050 990 2107 ciebo
1006 2055 1190 2130 soriguinern,
1207 2063 1234 2109 et
1253 2064 1348 2131 tegam
1362 2073 1428 2126 uos,
1442 2067 1471 2112 et
1485 2075 1544 2112 non
1561 2059 1616 2114 erit
1630 2059 1662 2114 in

917 2131 1001 2187 uobis
1016 2130 1107 2210 plaga
1132 2143 1165 2189 nt
1185 2143 1334 2200 conuertit,
1356 2151 1423 2190 cum
1442 2137 1604 2213 percutiam
1630 2139 1664 2194 in

917 2221 996 2266 terro
1014 2211 1146 2288 AEgfpti.
1163 2212 1204 2268 Et
1227 2214 1281 2268 erit
1298 2211 1360 2268 dies
1380 2211 1436 2269 illo
1451 2216 1536 2273 mobis
1556 2235 1663 2273 memo·

87 2285 210 2369 Ἀαρών·
231 2280 305 2356 ebroe
318 2293 332 2348 ὁ
346 2288 424 2366 νόμος
448 2293 493 2348 τοῦ
515 2289 625 2369 πείσγα·
647 2301 700 2356 πᾶς
720 2289 906 2372 ἀλλογενὴςκγ
917 2288 1218 2367 rialesempiternurn,
1232 2302 1261 2348 et
1270 2290 1456 2351 celebrabitis
1463 2313 1537 2351 eom.
1551 2296 1663 2355 Diebus

87 2366 140 2425 οῦκ
161 2365 248 2426 ίδεται
270 2366 318 2427 ἀπ’
339 2371 434 2428 αὐτοῦ·
455 2367 502 2427 καί
521 2370 610 2428 πάντα
630 2370 734 2442 οἰκέτην
754 2370 823 2437 τινὸς
845 2368 863 2441 h
880 2389 900 2435 Α
916 2380 1025 2447 septem
1040 2389 1151 2442 azyma
1165 2369 1330 2427 comedetis.
1341 2370 1500 2430 Et.rur·sns
1515 2373 1731 2436 dirimo-uu.
1742 2386 1812 2452 mla.

86 2444 274 2525 ἆργυράνητον
286 2456 436 2528 περιτεμεῖς
450 2448 539 2519 αὐτὸν,
558 2447 603 2507 καὶ
618 2448 677 2508 τότε
689 2448 802 2530 ράγεται
815 2452 862 2508 ἀπ’

88 2527 178 2585 αὐτοῦ.
196 2525 243 2584 Ἐν
259 2525 330 2605 οἰκίᾳ
345 2536 393 2607 μιᾷ
409 2528 592 2604 βρωθῆσεται,
617 2527 663 2587 καὶ
683 2531 731 2588 obn
753 2527 864 2597 ἐξοίσετε

84 2604 122 2663 lu
134 2609 182 2676 τῆς
195 2604 279 2674 οἰκίας
289 2609 342 2664 τῶν
357 2610 439 2683 κρεῶν
449 2605 514 2681 ἔξω,
526 2607 571 2665 καὶ
581 2609 673 2666 ὀστοῦν
682 2610 716 2666 oli
727 2608 864 2688 συντρίψε-

86 2705 120 2743 τε
143 2684 191 2743 ἀπ’
212 2687 301 2745 αὐτοῦ.
326 2687 408 2744 Πᾶσα
434 2686 573 2786 συναγωγὴ
589 2685 698 2765 Ἰσραὴλ
724 2690 863 2760 ποιήσεται

87 2761 162 2823 obri.
177 2765 236 2830 Πᾶς
249 2764 427 2844 ὀπερίτμητος
439 2767 486 2824 οὐκ
498 2767 585 2825 εδεται
604 2768 650 2823 ἀπ’
671 2769 760 2825 αὐτοῦ.
775 2765 864 2844 Νόμος

85 2832 128 2909 εἷς
140 2839 216 2902 ἔσται
230 2848 268 2925 τῷ
280 2843 401 2924 lampio
416 2843 513 2923 καὶτῷ
528 2844 685 2926 προσηλύτῳ
697 2849 736 2925 τῷ
750 2848 776 2904 ἐν
791 2851 862 2924 ὑμῖν.

87 2918 125 2980 Ἦ
135 2921 185 3000 μίν
193 2922 224 2996 δὴ
237 2923 293 2982 θεία
304 2904 398 3003 Γραφῆ
409 2922 476 2981 οὕτω
489 2928 621 3000 μυστικῶς
630 2923 678 2995 τὴν
688 2923 759 3004 ίερδιν
770 2924 862 3004 ἑορτὴν

35 3064 37 3071 ,
84 3001 289 3081 προεθέσπισεν.
313 3001 408 3081 Ἡμεῖς
428 3001 455 3061 δὲ
470 3001 521 3074 ἤδη
543 3007 601 3061 καθ’
617 3001 727 3064 ἕκαστον
741 3004 862 3083 άκριόιύ-

84 3103 180 3158 σωμεν
191 3085 242 3140 τῶν
258 3081 471 3161 ἀνεγνωσμένων,
482 3084 572 3163 εὐχαῖς
586 3082 727 3162 ὑμετέραις
739 3087 863 3163 ἐρευνῶν-

83 3182 132 3227 τες
141 3163 194 3219 τῶν
205 3162 318 3243 Γραφῶν
328 3162 363 3221 rh
373 3160 446 3221 κάτω
459 3162 605 3242 μυστῆρια,
618 3161 667 3232 τῆν
678 3161 725 3240 μὲν
737 3163 861 3234 ἀλήθειαν

82 3242 142 3298 τῶν
154 3241 345 3322 γεγραμμίνων
358 3243 405 3300 οῦκ
419 3245 602 3338 ἀναιροῦντες,
617 3240 666 3311 τῆν
682 3240 710 3299 δὲ
726 3242 862 3324 ὀκρίόειαν

81 3322 142 3378 τῶν
158 3319 308 3398 μυστηρίων
328 3317 371 3378 διδ
388 3325 440 3379 τῶν
456 3342 546 3378 τυπων
562 3325 727 3399 θεωροῦντες.
744 3321 797 3380 Καί
810 3320 862 3404 γάρ

80 3395 135 3459 καί
152 3398 251 3470 σκηνὴν
271 3403 310 3457 τῶ
331 3403 433 3477 Μωύσῇ
447 3399 478 3457 rh
491 3403 559 3458 θεῖον
584 3399 696 3476 Πνεῦμα
713 3400 861 3460 ἐντέλλεται

81 3480 219 3549 ποιῆσαι·
234 3458 306 3537 {tabl
321 3477 395 3546 δείξω
417 3478 474 3550 σοί,
489 3479 577 3557 φησὶν,
591 3478 673 3546 οὕτως
690 3478 769 3552 αὐτὴν
784 3480 862 3552 ποιῆ-

79 3578 155 3623 σεις.
169 3558 295 3625 Τυπικῶς
320 3556 451 3635 ὁρώμενόν
477 3559 545 3630 ἔστι,
559 3557 606 3615 καὶ
627 3563 760 3634 μυστικῶς
784 3561 862 3641 “risi

79 3634 166 3696 κάτω
183 3636 353 3717 πρωτάτυπον
367 3636 413 3695 καὶ
425 3636 587 3718 πρωτογενὲς
600 3637 769 3717 παράδειγμα
788 3638 862 3700 νοού-
880 3658 897 3705 n
916 3648 974 3693 ctus
992 3639 1116 3718 Moysern
1133 3637 1337 3696 tabernaculum
1362 3652 1514 3701 oonstruere
1535 3667 1542 3700 ε
1564 3646 1658 3705 Prout
1669 3664 1746 3711 σασα.
1759 3664 1799 3713 25.

77 3737 179 3794 μενον.

128 3953 258 4035 Λίγωμεν
278 3956 310 4030 bh
330 3961 444 4042 πρῶτον,
465 3958 505 4028 τίς
527 3949 601 4026 οὗτος
614 3964 628 4018 ὀ
643 3958 695 4037 μὴν
719 3959 789 4040 άχῆ
809 3963 862 4020 τῶν

78 4038 199 4114 μηνῶν·
210 4036 254 4096 διδι
276 4038 302 4096 τί
317 4037 345 4097 δὲ
357 4031 431 4107 οὗτος
444 4043 513 4098 troi
533 4039 625 4118 πάσχα
640 4039 703 4118 μὴν,
714 3982 789 4105 ούρτός
804 4044 862 4099 ἐστι

77 4119 195 4194 πρῶτος
214 4120 241 4177 lv
263 4126 316 4184 τοῖς
336 4119 462 4194 μησί-τοῦ
482 4120 614 4176 ἐνιαυτοῦ·
637 4118 764 4199 δεύτερον,
785 4119 812 4178 τί
832 4119 863 4178 τδ

78 4192 222 4273 πρόὀατον
238 4200 271 4267 τῆ
287 4198 384 4268 δεκάτη
395 4202 442 4256 τοῦ
458 4197 539 4275 μηνδς
552 4196 760 4276 λαμόανόμενον,
773 4199 818 4258 καί
832 4198 863 4259 τδ

79 4272 223 4421 :abitror
236 4261 346 4349 τίλειον,
365 4262 452 4355 άρσεν,
467 4276 609 4336 ἐνιαύσιονΙ
629 4277 669 4346 τίς
680 4282 695 4337 b
707 4281 801 4381 γείτων
817 4278 863 4339 καί

140 4356 156 4412 b
168 4355 280 4425 πλησίον
290 4361 304 4414 θ
315 4355 606 4436 παραλαμόανόμενος·
628 4357 673 4417 διὰ
693 4381 719 4417 τι
736 4358 763 4418 δὲ
783 4358 862 4438 μέχρι

79 4442 139 4512 τῆς
148 4445 436 4525 τεσσαρεσκαιδεκάτης
449 4452 615 4523 συντηρεῖται
627 4444 658 4503 rh
668 4445 809 4525 πρόὀατον,
819 4447 864 4506 καί

80 4529 157 4611 πρδς
178 4531 291 4614 ἑσπέραν
313 4530 420 4604 θύεται,
441 4532 487 4591 καὶ
510 4532 651 4612 σφάζουσιν
675 4533 739 4593 αὐτὸ
761 4546 814 4595 πᾶν
833 4534 864 4594 τὸ

81 4618 191 4690 πλῆθος
204 4625 358 4699 συναγωγῆς
373 4625 436 4679 υἱῶν
454 4620 564 4700 Ἰσραὴλ
575 4622 640 4700 πρὸς
654 4621 782 4700 ίσπίραν·
796 4623 823 4680 τί
834 4622 864 4682 rh

83 4696 160 4785 αἷμα
169 4706 200 4766 τὸ
213 4707 257 4765 ἐπὶ
269 4707 328 4776 τοῦς
342 4710 387 4769 δύο
400 4708 531 4788 σταθμοὺς
544 4709 589 4768 καὶ
601 4710 644 4769 ε’πλ
657 4708 705 4783 τῆν
717 4711 808 4790 φλιάν·
821 4711 864 4771 διδ

82 4794 118 4854 τί
132 4792 197 4854 tlh
209 4796 284 4855 νυκτὶ
294 4797 329 4857 rh
339 4795 404 4877 κρέα
416 4797 544 4869 ἐσθίουσι,
555 4798 600 4856 καὶ
612 4804 694 4857 ταῦτα
708 4799 777 4858 ὀπτά
790 4799 863 4879 πυρὶ,

83 4883 152 4947 οὗτε
165 4883 247 4961 ὠμὸν,
261 4886 319 4944 ούτε
329 4884 466 4966 ἡψημένον
476 4889 502 4945 ἐν
514 4885 606 4945 ύδατι·
620 4886 638 4957 ἢ
649 4887 675 4946 τί
687 4888 803 4968 κεφαλὴν
818 4887 863 4947 σὺν

84 4973 155 5036 ποσί
167 4971 212 5030 καί
223 4981 276 5040 τοῖς
290 4973 472 5042 ὀντοσθιδίοις·
489 4974 532 5034 διὰ
554 4974 581 5033 τί
606 4975 633 5034 δὲ
651 4977 743 5036 ὀστοῦν
757 4980 786 5036 οὐ
802 4999 865 5035 συν-

84 5059 230 5143 σρίψεται,
243 5059 289 5120 καὶ
306 5061 366 5121 τίνα
386 5062 420 5122 τά
439 5066 528 5142 ἄζυμα
546 5064 614 5141 μετὰ
626 5063 768 5144 πικρίδων·
785 5063 828 5123 διά
837 5062 865 5122 τί

915 2450 1014 2505 mitius
1029 2447 1071 2505 od
1079 2449 1214 2522 Moysern
1226 2460 1254 2506 et
1267 2445 1393 2505 Aaron:
1404 2451 1474 2509 Haec
1484 2464 1527 2510 est
1537 2453 1586 2512 lex
1599 2456 1661 2514 Pn-
1672 2455 1744 2516 ‘49-

916 2526 1116 2585 schaeeomnis
1135 2527 1303 2607 alienigena
1326 2547 1385 2584 non
1404 2532 1533 2589 comedet
1551 2553 1587 2590 er
1603 2554 1661 2592 eo:

915 2617 944 2663 et
956 2625 1072 2664 omnem
1086 2626 1200 2665 seruum
1213 2619 1241 2664 et
1258 2610 1402 2665 enititinm
1421 2613 1620 2682 circumcides,
1634 2626 1663 2673 et

918 2696 988 2742 tunc
1006 2686 1135 2744 comedet
1154 2688 1192 2743 ab
1204 2706 1248 2743 eo.
1259 2689 1297 2743 In
1309 2705 1370 2744 tina
1387 2688 1473 2744 domo
1483 2693 1660 2765 comedetur,

918 2783 1011 2843 neque
1028 2765 1164 2845 deseretis
1184 2786 1220 2821 er
1241 2767 1377 2822 carnibus
1393 2779 1478 2824 extra
1494 2769 1624 2843 domum,
1634 2786 1663 2831 et

917 2862 949 2900 os
969 2863 1029 2900 non
1049 2846 1250 2902 comminuetis
1268 2864 1304 2901 er
1326 2865 1371 2901 eo.
1392 2847 1493 2905 Omnis
1507 2869 1664 2931 synogoga

916 2922 1011 2980 lsrael
1020 2923 1120 3003 societ
1141 2923 1225 2982 illud.
1247 2925 1349 2982 Omnis
1367 2927 1586 2988 incircumcisus
1604 2949 1663 2989 non

915 3002 1045 3060 comedet
1057 3023 1142 3060 exeo.
1163 3005 1230 3060 Una
1243 3003 1291 3060 lex
1303 3007 1357 3061 erit
1372 3006 1519 3084 inquilino
1531 3021 1560 3066 et
1566 3029 1663 3089 prosc·

916 3080 982 3154 lyto
1000 3084 1032 3138 in
1051 3084 1147 3139 uobis.
1165 3080 1266 3139 Divina
1288 3096 1358 3140 certe
1378 3083 1518 3165 Scriptum
1535 3087 1575 3146 sic
1595 3107 1662 3170 my·

916 3159 982 3218 stice
1001 3180 1106 3218 sacram
1125 3159 1309 3218 solennitatem
1330 3164 1504 3244 prescripsit.
1522 3167 1578 3226 Nos
1597 3188 1662 3229 vero

913 3237 971 3318 jam
985 3238 1090 3318 singula
1105 3260 1165 3317 quae
1179 3239 1248 3298 lecta
1263 3253 1326 3298 sunt
1341 3256 1464 3301 accurate
1477 3245 1659 3336 exploremus,

916 3339 1027 3398 precum
1049 3332 1201 3378 vestrarum
1223 3338 1275 3400 ope
1297 3333 1445 3380 scrutantes
1459 3323 1662 3405 Scripturarum

916 3395 1048 3477 profunda
1065 3398 1192 3479 mysteria
1206 3421 1213 3455 ε
1225 3418 1278 3456 non
1299 3398 1420 3460 tollentes
1433 3402 1576 3465 veritatem
1594 3405 1662 3466 scri·

915 3490 1033 3612 ρεοευω,
1043 3477 1287 3559 mysteriorumque
1302 3493 1454 3539 accuratam
1465 3481 1594 3544 rationem
1612 3506 1661 3566 per

927 3576 1017 3635 rguras
1032 3556 1237 3617 considerantes.
1253 3558 1361 3619 Etenim
1372 3560 1450 3639 jubet
1466 3561 1585 3642 Spiritus
1598 3582 1659 3625 san·

916 3717 1147 3788 ostendamini,
1162 3716 1265 3796 inquit,
1280 3721 1323 3775 sic
1340 3720 1418 3777 illud
1428 3722 1535 3799 facies.
1553 3725 1707 3804 Typicelo·

916 3796 1080 3878 conspicitur
1093 3810 1118 3855 et
1132 3797 1255 3876 mystice,
1268 3795 1290 3853 si
1305 3797 1387 3855 altius
1399 3799 1580 3860 consideretur
1596 3824 1659 3883 pro-

916 3888 1042 3956 totypum
1055 3890 1081 3934 et
1091 3876 1209 3956 primum
1223 3875 1370 3954 exemplar.

956 3959 984 4013 2.
1006 3955 1135 4014 Dicamus
1152 3969 1241 4013 autem
1252 3954 1357 4035 primo,
1389 3957 1431 4015 uis
1445 3957 1479 4018 sit
1497 3959 1544 4020 ille
1558 3963 1658 4024 mensis

915 4032 1081 4116 principium
1101 4033 1233 4092 mensium
1241 4058 1250 4111 3
1266 4047 1293 4093 et
1315 3978 1422 4095 enrhic
1436 4040 1533 4100 mensis
1547 4042 1656 4103 Paschae

934 4113 1019 4173 rimus
1033 4114 1068 4172 sit
1089 4113 1222 4172 mensium
1235 4113 1307 4172 anni.
1321 4115 1456 4191 Secundo,
1467 4118 1533 4197 quid
1547 4121 1598 4181 sibi
1611 4143 1657 4185 ve·

914 4134 947 4250 lit
969 4212 1055 4272 agnus
1077 4192 1182 4251 decima
1201 4192 1247 4252 die
1270 4195 1368 4254 mensis
1388 4212 1511 4276 sumtus;
1533 4215 1657 4282 stagnus

914 4273 1056 4352 perlectus,
1066 4272 1212 4347 masculus,
1223 4274 1362 4333 anniculus
1374 4299 1380 4332 :
1392 4276 1453 4354 quis
1466 4277 1501 4337 sit
1515 4280 1621 4340 ricinus
1632 4294 1658 4341 et

914 4353 1057 4432 proximus
1070 4353 1117 4431 qui
1131 4353 1277 4412 assumitur·
1291 4377 1297 4409 ε
1315 4375 1364 4412 cur
1379 4358 1510 4434 usquead
1524 4359 1658 4421 decimam

916 4455 1038 4520 quartam
1059 4440 1131 4498 diem
1154 4455 1275 4500 servetur
1289 4462 1396 4521 agnus,
1414 4458 1440 4503 et
1460 4446 1494 4505 ad
1518 4469 1659 4531 vesperam

917 4529 1079 4603 immoletur,
1091 4543 1117 4588 et
1133 4543 1229 4589 mactet
1243 4551 1305 4589 enm
1319 4533 1406 4591 omnis
1419 4534 1565 4596 multitudo
1576 4560 1660 4620 syna-

918 4638 992 4697 gogae
1005 4616 1127 4676 filiorum
1139 4617 1222 4677 lsratl
1245 4618 1280 4676 ad
1294 4640 1433 4700 vesperam
1449 4646 1456 4678 :
1473 4624 1540 4702 quid
1553 4626 1660 4705 signifi·

918 4721 959 4766 cet
971 4705 1082 4786 sangnis
1094 4727 1174 4787 supra
1186 4705 1255 4765 duos
1269 4723 1356 4788 postes
1366 4723 1392 4769 et
1406 4733 1487 4792 snpra
1500 4713 1599 4773 limen:
1611 4738 1660 4776 cur

917 4795 945 4853 in
960 4808 1037 4853 nocte
1052 4815 1144 4853 carnes
1162 4794 1322 4872 comedunt,
1339 4796 1453 4876 illasque
1475 4815 1562 4862 coctas
1581 4803 1658 4882 igni,

917 4882 987 4942 nihil
1009 4882 1125 4941 crudum
1148 4882 1192 4942 vel
1213 4904 1303 4944 assum
1330 4908 1418 4964 aq11a;
1444 4888 1488 4948 vel
1510 4911 1559 4949 cur
1579 4906 1661 4972 caput

916 4969 1000 5031 uiirnt
1013 4990 1076 5029 cum
1090 4970 1206 5052 pedihus
1220 4985 1246 5030 et
1260 4971 1406 5052 intestinis,
1417 4997 1466 5033 cur
1481 4998 1511 5036 os
1524 4999 1577 5037 non
1591 5000 1662 5039 oom·

918 5059 1065 5133 minuetur‚
1075 5071 1101 5117 et
1113 5058 1182 5137 quid
1192 5059 1246 5119 sint
1257 5081 1351 5142 azyma
1363 5083 1426 5121 cum
1441 5062 1532 5124 herbis
1544 5068 1664 5147 amaris:

86 5148 118 5209 δὲ
134 5146 203 5227 μετθ
212 5150 326 5220 σπουδῆς
338 5149 425 5210 ἔθεσθε
441 5151 471 5210 τὸ
483 5151 577 5232 πάσχα
591 5172 597 5188 ·
613 5151 681 5218 τίνες
692 5155 719 5211 αί
729 5150 822 5231 ὀσφύες
835 5153 863 5209 αἱ
881 5161 899 5210 C
920 5169 968 5208 cnr
978 5148 1133 5207 festinanter
1146 5149 1229 5209 edetis
1243 5150 1344 5209 Pascha
1358 5173 1364 5207 τ
1377 5151 1424 5228 qni
1435 5152 1489 5211 sint
1502 5153 1589 5214 lumbi
1602 5177 1662 5216 suc-

253 5264 325 5303 Tou.
348 5267 420 5304 ΠΗ.

1492 5252 1532 5310 69
