<?xml version="1.0" encoding="UTF-8"?>
<!DOCTYPE html PUBLIC "-//W3C//DTD XHTML 1.0 Transitional//EN"
    "http://www.w3.org/TR/xhtml1/DTD/xhtml1-transitional.dtd">
<html xmlns="http://www.w3.org/1999/xhtml" xml:lang="en" lang="en">
 <head>
  <title>
</title>
<meta http-equiv="Content-Type" content="text/html;charset=utf-8" />
  <meta name='ocr-system' content='tesseract 3.04.00' />
  <meta name='ocr-capabilities' content='ocr_page ocr_carea ocr_par ocr_line ocrx_word'/>
</head>
<body>
  <div class='ocr_page' id='page_1' title='image "./sanctipatrisnos02chrygoog_0944.png"; bbox 0 0 3750 5940; ppageno 0'>
   <div class='ocr_carea' id='block_1_1' title="bbox 420 406 1528 490">
    <p class='ocr_par' dir='ltr' id='par_1_1' title="bbox 420 406 1528 490">
     <span class='ocr_line' id='line_1_1' title="bbox 420 406 1528 490; baseline 0.008 -35"><span class='ocrx_word' id='word_1_1' title='bbox 420 408 454 455; x_wconf 79' lang='grc' dir='ltr'><strong>ΙΝ</strong></span> <span class='ocrx_word' id='word_1_2' title='bbox 482 409 725 460; x_wconf 77' lang='lat' dir='ltr'><strong>uttout&#39;ttoutttt</strong></span> <span class='ocrx_word' id='word_1_3' title='bbox 752 406 976 478; x_wconf 68' lang='lat' dir='ltr'><strong>sentuosum,</strong></span> <span class='ocrx_word' id='word_1_4' title='bbox 1004 411 1081 460; x_wconf 79' lang='lat' dir='ltr'>BTC·</span> <span class='ocrx_word' id='word_1_5' title='bbox 1335 463 1336 466; x_wconf 68' lang='grc'>,</span> <span class='ocrx_word' id='word_1_6' title='bbox 1435 417 1528 490; x_wconf 78' lang='lat'><strong>927</strong></span> 
     </span>
    </p>
   </div>
   <div class='ocr_carea' id='block_1_2' title="bbox 60 533 1680 4600">
    <p class='ocr_par' dir='ltr' id='par_1_2' title="bbox 61 533 1532 1574">
     <span class='ocr_line' id='line_1_2' title="bbox 61 533 1530 623; baseline 0.005 -31"><span class='ocrx_word' id='word_1_7' title='bbox 61 535 108 593; x_wconf 68' lang='grc' dir='ltr'><strong>διε</strong></span> <span class='ocrx_word' id='word_1_8' title='bbox 122 533 150 594; x_wconf 73' lang='grc' dir='ltr'><strong>δέ</strong></span> <span class='ocrx_word' id='word_1_9' title='bbox 164 533 277 616; x_wconf 79' lang='grc' dir='ltr'>ἀπίνιψι</span> <span class='ocrx_word' id='word_1_10' title='bbox 290 533 351 604; x_wconf 86' lang='grc' dir='ltr'>τοθς</span> <span class='ocrx_word' id='word_1_11' title='bbox 364 536 445 604; x_wconf 85' lang='grc' dir='ltr'>πόδας</span> <span class='ocrx_word' id='word_1_12' title='bbox 455 536 500 597; x_wconf 81' lang='grc' dir='ltr'><strong>καὶ</strong></span> <span class='ocrx_word' id='word_1_13' title='bbox 513 536 634 615; x_wconf 77' lang='grc' dir='ltr'>έξίμαξε,</span> <span class='ocrx_word' id='word_1_14' title='bbox 644 538 734 598; x_wconf 81' lang='grc' dir='ltr'>λαθὼν</span> <span class='ocrx_word' id='word_1_15' title='bbox 789 560 871 618; x_wconf 86' lang='lat' dir='ltr'><strong>quam</strong></span> <span class='ocrx_word' id='word_1_16' title='bbox 884 554 974 600; x_wconf 85' lang='lat' dir='ltr'><strong>autem</strong></span> <span class='ocrx_word' id='word_1_17' title='bbox 991 539 1093 602; x_wconf 75' lang='lat' dir='ltr'><strong>bearat</strong></span> <span class='ocrx_word' id='word_1_18' title='bbox 1107 551 1133 598; x_wconf 88' lang='lat' dir='ltr'><strong>et</strong></span> <span class='ocrx_word' id='word_1_19' title='bbox 1145 537 1320 617; x_wconf 86' lang='lat' dir='ltr'><strong>absterserat,</strong></span> <span class='ocrx_word' id='word_1_20' title='bbox 1333 541 1436 623; x_wconf 79' lang='lat' dir='ltr'><strong>recepit</strong></span> <span class='ocrx_word' id='word_1_21' title='bbox 1447 541 1530 602; x_wconf 84' lang='lat' dir='ltr'><strong>vesti-</strong></span> 
     </span>
     <span class='ocr_line' id='line_1_3' title="bbox 61 612 1530 700; baseline 0.007 -29"><span class='ocrx_word' id='word_1_22' title='bbox 61 636 106 672; x_wconf 88' lang='grc' dir='ltr'><strong>τια</strong></span> <span class='ocrx_word' id='word_1_23' title='bbox 117 613 251 675; x_wconf 81' lang='grc' dir='ltr'>ἀνέπεσεν.</span> <span class='ocrx_word' id='word_1_24' title='bbox 261 615 277 646; x_wconf 88' lang='lat'><strong>*</strong></span> <span class='ocrx_word' id='word_1_25' title='bbox 289 612 423 695; x_wconf 83' lang='grc' dir='ltr'>Ἐτήρησε</span> <span class='ocrx_word' id='word_1_26' title='bbox 435 621 481 675; x_wconf 79' lang='grc' dir='ltr'><strong>τοῦ</strong></span> <span class='ocrx_word' id='word_1_27' title='bbox 500 615 592 678; x_wconf 80' lang='grc' dir='ltr'>δούλω</span> <span class='ocrx_word' id='word_1_28' title='bbox 608 616 658 689; x_wconf 81' lang='grc' dir='ltr'><strong>τλν</strong></span> <span class='ocrx_word' id='word_1_29' title='bbox 670 642 734 700; x_wconf 85' lang='grc' dir='ltr'>μορ</span> <span class='ocrx_word' id='word_1_30' title='bbox 788 628 877 679; x_wconf 77' lang='lat' dir='ltr'><strong>menta</strong></span> <span class='ocrx_word' id='word_1_31' title='bbox 892 641 942 681; x_wconf 88' lang='lat' dir='ltr'><strong>sua</strong></span> <span class='ocrx_word' id='word_1_32' title='bbox 953 633 979 679; x_wconf 93' lang='lat' dir='ltr'><strong>et</strong></span> <span class='ocrx_word' id='word_1_33' title='bbox 990 617 1123 679; x_wconf 80' lang='lat' dir='ltr'><strong>recubuit.</strong></span> <span class='ocrx_word' id='word_1_34' title='bbox 1136 618 1263 679; x_wconf 83' lang='lat' dir='ltr'><strong>Servavit</strong></span> <span class='ocrx_word' id='word_1_35' title='bbox 1280 621 1350 683; x_wconf 81' lang='lat' dir='ltr'><strong>servi</strong></span> <span class='ocrx_word' id='word_1_36' title='bbox 1364 622 1489 698; x_wconf 85' lang='lat' dir='ltr'><strong>formam,</strong></span> <span class='ocrx_word' id='word_1_37' title='bbox 1504 637 1530 682; x_wconf 89' lang='lat' dir='ltr'><strong>et</strong></span> 
     </span>
     <span class='ocr_line' id='line_1_4' title="bbox 61 692 1531 777; baseline 0.007 -27"><span class='ocrx_word' id='word_1_38' title='bbox 61 692 92 751; x_wconf 86' lang='grc' dir='ltr'>,αλ</span> <span class='ocrx_word' id='word_1_39' title='bbox 112 692 143 751; x_wconf 81' lang='grc' dir='ltr'><strong>τὸ</strong></span> <span class='ocrx_word' id='word_1_40' title='bbox 164 694 256 754; x_wconf 89' lang='grc' dir='ltr'>λοιπὸν</span> <span class='ocrx_word' id='word_1_41' title='bbox 277 696 446 755; x_wconf 81' lang='grc' dir='ltr'>ἀνααλίνεται</span> <span class='ocrx_word' id='word_1_42' title='bbox 468 700 504 764; x_wconf 80' lang='grc' dir='ltr'><strong>ὡς</strong></span> <span class='ocrx_word' id='word_1_43' title='bbox 524 696 674 770; x_wconf 83' lang='grc' dir='ltr'>Δεσπότης,</span> <span class='ocrx_word' id='word_1_44' title='bbox 688 698 734 756; x_wconf 86' lang='grc' dir='ltr'><strong>καλ</strong></span> <span class='ocrx_word' id='word_1_45' title='bbox 788 713 879 777; x_wconf 85' lang='lat' dir='ltr'><strong>postea</strong></span> <span class='ocrx_word' id='word_1_46' title='bbox 900 713 930 758; x_wconf 95' lang='lat' dir='ltr'><strong>ut</strong></span> <span class='ocrx_word' id='word_1_47' title='bbox 951 698 1084 759; x_wconf 83' lang='lat' dir='ltr'><strong>Dominus</strong></span> <span class='ocrx_word' id='word_1_48' title='bbox 1097 698 1233 774; x_wconf 80' lang='lat' dir='ltr'><strong>recubuit,</strong></span> <span class='ocrx_word' id='word_1_49' title='bbox 1247 712 1272 758; x_wconf 92' lang='lat' dir='ltr'><strong>et</strong></span> <span class='ocrx_word' id='word_1_50' title='bbox 1290 722 1352 759; x_wconf 87' lang='lat' dir='ltr'><strong>eum</strong></span> <span class='ocrx_word' id='word_1_51' title='bbox 1372 701 1531 760; x_wconf 86' lang='lat' dir='ltr'><strong>auctoritate</strong></span> 
     </span>
     <span class='ocr_line' id='line_1_5' title="bbox 61 772 1528 877; baseline 0.006 -46"><span class='ocrx_word' id='word_1_52' title='bbox 61 775 102 831; x_wconf 68' lang='grc' dir='ltr'><strong>στ’</strong></span> <span class='ocrx_word' id='word_1_53' title='bbox 119 772 266 848; x_wconf 88' lang='grc' dir='ltr'>αθθεντίας,</span> <span class='ocrx_word' id='word_1_54' title='bbox 281 776 340 834; x_wconf 68' lang='lat' dir='ltr'><strong>uox</strong></span> <span class='ocrx_word' id='word_1_55' title='bbox 355 774 442 835; x_wconf 78' lang='grc' dir='ltr'>οἴδατε</span> <span class='ocrx_word' id='word_1_56' title='bbox 460 776 487 836; x_wconf 93' lang='grc' dir='ltr'><strong>τί</strong></span> <span class='ocrx_word' id='word_1_57' title='bbox 501 776 633 850; x_wconf 83' lang='grc' dir='ltr'>πεποίηκα</span> <span class='ocrx_word' id='word_1_58' title='bbox 655 781 732 877; x_wconf 73' lang='grc' dir='ltr'>ὑμῖν,</span> <span class='ocrx_word' id='word_1_59' title='bbox 787 777 855 839; x_wconf 85' lang='lat' dir='ltr'><strong>dicit</strong></span> <span class='ocrx_word' id='word_1_60' title='bbox 866 803 873 836; x_wconf 83' lang='grc' dir='ltr'><strong>ι</strong></span> <span class='ocrx_word' id='word_1_61' title='bbox 886 781 1012 839; x_wconf 84' lang='lat' dir='ltr'><strong>Nescitis</strong></span> <span class='ocrx_word' id='word_1_62' title='bbox 1026 779 1098 858; x_wconf 85' lang='lat' dir='ltr'><strong>quid</strong></span> <span class='ocrx_word' id='word_1_63' title='bbox 1100 780 1229 868; x_wconf 80' lang='lat' dir='ltr'><strong>fecerim</strong></span> <span class='ocrx_word' id='word_1_64' title='bbox 1244 782 1350 838; x_wconf 84' lang='lat' dir='ltr'><strong>uobis?</strong></span> <span class='ocrx_word' id='word_1_65' title='bbox 1364 785 1404 840; x_wconf 78' lang='lat' dir='ltr'><strong>Ac</strong></span> <span class='ocrx_word' id='word_1_66' title='bbox 1416 780 1439 840; x_wconf 93' lang='lat' dir='ltr'><strong>si</strong></span> <span class='ocrx_word' id='word_1_67' title='bbox 1453 779 1528 840; x_wconf 86' lang='lat' dir='ltr'><strong>dice-</strong></span> 
     </span>
     <span class='ocr_line' id='line_1_6' title="bbox 61 853 1530 961; baseline 0.005 -51"><span class='ocrx_word' id='word_1_68' title='bbox 61 853 312 924; x_wconf 72' lang='grc' dir='ltr'>οῦ,αθιιένοιίσατε.</span> <span class='ocrx_word' id='word_1_69' title='bbox 328 857 389 934; x_wconf 84' lang='grc' dir='ltr'><strong>Οὐχ</strong></span> <span class='ocrx_word' id='word_1_70' title='bbox 403 859 477 934; x_wconf 78' lang='grc' dir='ltr'>ὑμεῖς</span> <span class='ocrx_word' id='word_1_71' title='bbox 490 855 595 936; x_wconf 75' lang='grc' dir='ltr'>λέγετε,</span> <span class='ocrx_word' id='word_1_72' title='bbox 609 859 624 914; x_wconf 84' lang='grc' dir='ltr'>δ</span> <span class='ocrx_word' id='word_1_73' title='bbox 638 859 734 961; x_wconf 68' lang='grc' dir='ltr'>Κγμιος</span> <span class='ocrx_word' id='word_1_74' title='bbox 787 871 838 933; x_wconf 89' lang='lat' dir='ltr'><strong>ret,</strong></span> <span class='ocrx_word' id='word_1_75' title='bbox 864 860 925 919; x_wconf 89' lang='lat' dir='ltr'><strong>Non</strong></span> <span class='ocrx_word' id='word_1_76' title='bbox 954 857 1131 918; x_wconf 81' lang='lat' dir='ltr'><strong>intellexistis.</strong></span> <span class='ocrx_word' id='word_1_77' title='bbox 1157 859 1264 918; x_wconf 86' lang='lat' dir='ltr'><strong>Nonne</strong></span> <span class='ocrx_word' id='word_1_78' title='bbox 1285 880 1340 918; x_wconf 83' lang='lat' dir='ltr'><strong>uos</strong></span> <span class='ocrx_word' id='word_1_79' title='bbox 1367 861 1530 919; x_wconf 75' lang='lat' dir='ltr'><strong>dictus-me</strong></span> 
     </span>
     <span class='ocr_line' id='line_1_7' title="bbox 63 932 1529 1036; baseline 0.005 -46"><span class='ocrx_word' id='word_1_80' title='bbox 63 932 216 1004; x_wconf 81' lang='grc' dir='ltr'>ιδιίσιιαλος;</span> <span class='ocrx_word' id='word_1_81' title='bbox 230 933 284 993; x_wconf 77' lang='grc' dir='ltr'><strong>Καὶ</strong></span> <span class='ocrx_word' id='word_1_82' title='bbox 303 937 391 1001; x_wconf 86' lang='grc' dir='ltr'>καλῶς</span> <span class='ocrx_word' id='word_1_83' title='bbox 404 935 508 1014; x_wconf 79' lang='grc' dir='ltr'>λέγετε·</span> <span class='ocrx_word' id='word_1_84' title='bbox 525 936 580 1013; x_wconf 82' lang='grc' dir='ltr'>εἰμί</span> <span class='ocrx_word' id='word_1_85' title='bbox 593 937 654 1036; x_wconf 91' lang='grc' dir='ltr'>γάρ.</span> <span class='ocrx_word' id='word_1_86' title='bbox 677 938 732 996; x_wconf 81' lang='grc' dir='ltr'><strong>Ωδε</strong></span> <span class='ocrx_word' id='word_1_87' title='bbox 788 938 965 1016; x_wconf 78' lang='lat' dir='ltr'><strong>Magistrum</strong></span> <span class='ocrx_word' id='word_1_88' title='bbox 986 952 1015 998; x_wconf 88' lang='lat' dir='ltr'><strong>et</strong></span> <span class='ocrx_word' id='word_1_89' title='bbox 1039 938 1231 996; x_wconf 85' lang='lat' dir='ltr'><strong>Dominum?</strong></span> <span class='ocrx_word' id='word_1_90' title='bbox 1256 951 1284 997; x_wconf 87' lang='lat' dir='ltr'><strong>et</strong></span> <span class='ocrx_word' id='word_1_91' title='bbox 1310 941 1382 998; x_wconf 82' lang='lat' dir='ltr'><strong>bene</strong></span> <span class='ocrx_word' id='word_1_92' title='bbox 1409 941 1506 998; x_wconf 88' lang='lat' dir='ltr'><strong>dicitis</strong></span> <span class='ocrx_word' id='word_1_93' title='bbox 1516 964 1529 1009; x_wconf 89' lang='lat'><strong>,·</strong></span> 
     </span>
     <span class='ocr_line' id='line_1_8' title="bbox 69 1009 1529 1098; baseline 0.005 -27"><span class='ocrx_word' id='word_1_94' title='bbox 69 1009 118 1082; x_wconf 73' lang='grc' dir='ltr'><strong>την</strong></span> <span class='ocrx_word' id='word_1_95' title='bbox 137 1011 280 1074; x_wconf 80' lang='grc' dir='ltr'>αθθεντίαν.</span> <span class='ocrx_word' id='word_1_96' title='bbox 295 1011 422 1082; x_wconf 77' lang='grc' dir='ltr'>Ἐξίόαλε</span> <span class='ocrx_word' id='word_1_97' title='bbox 436 1016 484 1088; x_wconf 64' lang='lat' dir='ltr'><strong>vlu</strong></span> <span class='ocrx_word' id='word_1_98' title='bbox 501 1022 547 1075; x_wconf 80' lang='grc' dir='ltr'><strong>τοῦ</strong></span> <span class='ocrx_word' id='word_1_99' title='bbox 561 1017 652 1076; x_wconf 75' lang='lat' dir='ltr'><strong>touton</strong></span> <span class='ocrx_word' id='word_1_100' title='bbox 666 1039 733 1098; x_wconf 87' lang='grc' dir='ltr'>μορ-</span> <span class='ocrx_word' id='word_1_101' title='bbox 751 1022 769 1069; x_wconf 76' lang='lat' dir='ltr'>E</span> <span class='ocrx_word' id='word_1_102' title='bbox 787 1036 852 1075; x_wconf 85' lang='lat' dir='ltr'><strong>sum</strong></span> <span class='ocrx_word' id='word_1_103' title='bbox 868 1021 986 1077; x_wconf 78' lang='lat' dir='ltr'><strong>etenim.</strong></span> <span class='ocrx_word' id='word_1_104' title='bbox 1002 1017 1055 1076; x_wconf 86' lang='lat' dir='ltr'><strong>Hic</strong></span> <span class='ocrx_word' id='word_1_105' title='bbox 1073 1015 1260 1076; x_wconf 83' lang='lat' dir='ltr'><strong>auctoritatem</strong></span> <span class='ocrx_word' id='word_1_106' title='bbox 1275 1015 1448 1077; x_wconf 81' lang='lat' dir='ltr'><strong>demonstrat.</strong></span> <span class='ocrx_word' id='word_1_107' title='bbox 1464 1017 1529 1098; x_wconf 82' lang='lat' dir='ltr'><strong>Eje-</strong></span> 
     </span>
     <span class='ocr_line' id='line_1_9' title="bbox 61 1089 1530 1176; baseline 0.003 -26"><span class='ocrx_word' id='word_1_108' title='bbox 61 1089 80 1150; x_wconf 83' lang='grc' dir='ltr'><strong>ιλ</strong></span> <span class='ocrx_word' id='word_1_109' title='bbox 95 1090 195 1171; x_wconf 79' lang='grc' dir='ltr'>εἰσάγει</span> <span class='ocrx_word' id='word_1_110' title='bbox 207 1093 255 1165; x_wconf 72' lang='grc' dir='ltr'><strong>τὴν</strong></span> <span class='ocrx_word' id='word_1_111' title='bbox 268 1098 314 1152; x_wconf 83' lang='grc' dir='ltr'><strong>τοῦ</strong></span> <span class='ocrx_word' id='word_1_112' title='bbox 327 1097 405 1154; x_wconf 69' lang='lat' dir='ltr'><strong>orm.</strong></span> <span class='ocrx_word' id='word_1_113' title='bbox 420 1099 481 1176; x_wconf 78' lang='grc' dir='ltr'><strong>Οὐχ</strong></span> <span class='ocrx_word' id='word_1_114' title='bbox 493 1099 568 1174; x_wconf 72' lang='grc' dir='ltr'>ὑμεῖς</span> <span class='ocrx_word' id='word_1_115' title='bbox 585 1095 702 1174; x_wconf 83' lang='grc' dir='ltr'>λέγετε,</span> <span class='ocrx_word' id='word_1_116' title='bbox 719 1101 733 1156; x_wconf 87' lang='grc' dir='ltr'>θ</span> <span class='ocrx_word' id='word_1_117' title='bbox 788 1095 825 1154; x_wconf 90' lang='lat' dir='ltr'><strong>cit</strong></span> <span class='ocrx_word' id='word_1_118' title='bbox 844 1095 959 1157; x_wconf 84' lang='lat' dir='ltr'><strong>formam</strong></span> <span class='ocrx_word' id='word_1_119' title='bbox 977 1094 1060 1173; x_wconf 86' lang='lat' dir='ltr'><strong>servi,</strong></span> <span class='ocrx_word' id='word_1_120' title='bbox 1075 1108 1101 1155; x_wconf 91' lang='lat' dir='ltr'><strong>et</strong></span> <span class='ocrx_word' id='word_1_121' title='bbox 1123 1094 1212 1154; x_wconf 91' lang='lat' dir='ltr'><strong>induit</strong></span> <span class='ocrx_word' id='word_1_122' title='bbox 1225 1094 1276 1155; x_wconf 90' lang='lat' dir='ltr'><strong>Dei</strong></span> <span class='ocrx_word' id='word_1_123' title='bbox 1295 1096 1421 1156; x_wconf 81' lang='lat' dir='ltr'><strong>iomram.</strong></span> <span class='ocrx_word' id='word_1_124' title='bbox 1445 1098 1530 1156; x_wconf 86' lang='lat' dir='ltr'><strong>Non-</strong></span> 
     </span>
     <span class='ocr_line' id='line_1_10' title="bbox 71 1165 1530 1257; baseline 0.005 -29"><span class='ocrx_word' id='word_1_125' title='bbox 71 1168 116 1229; x_wconf 76' lang='grc' dir='ltr'><strong>καί</strong></span> <span class='ocrx_word' id='word_1_126' title='bbox 133 1171 329 1246; x_wconf 73' lang='grc' dir='ltr'>ὁδιδάσιιιιλος,</span> <span class='ocrx_word' id='word_1_127' title='bbox 340 1176 374 1233; x_wconf 83' lang='lat' dir='ltr'><strong>El</strong></span> <span class='ocrx_word' id='word_1_128' title='bbox 388 1165 432 1233; x_wconf 71' lang='grc' dir='ltr'>οὖν</span> <span class='ocrx_word' id='word_1_129' title='bbox 447 1175 499 1255; x_wconf 79' lang='grc' dir='ltr'>ἐγὼ</span> <span class='ocrx_word' id='word_1_130' title='bbox 519 1174 643 1257; x_wconf 62' lang='lat' dir='ltr'><strong>etitem</strong></span> <span class='ocrx_word' id='word_1_131' title='bbox 660 1175 732 1235; x_wconf 82' lang='grc' dir='ltr'><strong>καὶὸ</strong></span> <span class='ocrx_word' id='word_1_132' title='bbox 789 1197 826 1233; x_wconf 91' lang='lat' dir='ltr'><strong>ne</strong></span> <span class='ocrx_word' id='word_1_133' title='bbox 844 1196 899 1235; x_wconf 82' lang='lat' dir='ltr'><strong>uos</strong></span> <span class='ocrx_word' id='word_1_134' title='bbox 917 1197 963 1236; x_wconf 83' lang='lat' dir='ltr'><strong>me</strong></span> <span class='ocrx_word' id='word_1_135' title='bbox 981 1177 1077 1236; x_wconf 85' lang='lat' dir='ltr'><strong>dicitis</strong></span> <span class='ocrx_word' id='word_1_136' title='bbox 1097 1177 1274 1256; x_wconf 76' lang='lat' dir='ltr'><strong>Magistrum</strong></span> <span class='ocrx_word' id='word_1_137' title='bbox 1298 1190 1326 1234; x_wconf 89' lang='lat' dir='ltr'><strong>et</strong></span> <span class='ocrx_word' id='word_1_138' title='bbox 1347 1179 1530 1235; x_wconf 77' lang='lat' dir='ltr'><strong>Dominum?</strong></span> 
     </span>
     <span class='ocr_line' id='line_1_11' title="bbox 61 1249 1531 1355; baseline 0.002 -44"><span class='ocrx_word' id='word_1_139' title='bbox 61 1249 117 1318; x_wconf 84' lang='grc' dir='ltr'>ιλος</span> <span class='ocrx_word' id='word_1_140' title='bbox 137 1251 213 1332; x_wconf 78' lang='grc' dir='ltr'>ἔνιψα</span> <span class='ocrx_word' id='word_1_141' title='bbox 235 1257 310 1330; x_wconf 83' lang='grc' dir='ltr'>ὑμῶν</span> <span class='ocrx_word' id='word_1_142' title='bbox 333 1252 393 1320; x_wconf 84' lang='grc' dir='ltr'>τοδς</span> <span class='ocrx_word' id='word_1_143' title='bbox 413 1254 511 1328; x_wconf 82' lang='grc' dir='ltr'>πόδας,</span> <span class='ocrx_word' id='word_1_144' title='bbox 534 1254 610 1335; x_wconf 81' lang='grc' dir='ltr'>πόσῳ</span> <span class='ocrx_word' id='word_1_145' title='bbox 627 1257 731 1355; x_wconf 77' lang='grc' dir='ltr'>μᾶλλον</span> <span class='ocrx_word' id='word_1_146' title='bbox 766 1255 818 1314; x_wconf 91' lang='lat' dir='ltr'><strong>·Si</strong></span> <span class='ocrx_word' id='word_1_147' title='bbox 837 1258 926 1335; x_wconf 89' lang='lat' dir='ltr'><strong>igitur</strong></span> <span class='ocrx_word' id='word_1_148' title='bbox 946 1277 998 1336; x_wconf 88' lang='lat' dir='ltr'><strong>ego</strong></span> <span class='ocrx_word' id='word_1_149' title='bbox 1021 1256 1166 1315; x_wconf 83' lang='lat' dir='ltr'><strong>Dominus</strong></span> <span class='ocrx_word' id='word_1_150' title='bbox 1190 1268 1217 1314; x_wconf 88' lang='lat' dir='ltr'><strong>et</strong></span> <span class='ocrx_word' id='word_1_151' title='bbox 1237 1257 1383 1335; x_wconf 78' lang='lat' dir='ltr'><strong>Magister</strong></span> <span class='ocrx_word' id='word_1_152' title='bbox 1401 1256 1462 1314; x_wconf 71' lang='lat' dir='ltr'><strong>lervi</strong></span> <span class='ocrx_word' id='word_1_153' title='bbox 1502 1278 1531 1314; x_wconf 94' lang='lat' dir='ltr'><strong>e·</strong></span> 
     </span>
     <span class='ocr_line' id='line_1_12' title="bbox 61 1279 1532 1414; baseline 0.004 -26"><span class='ocrx_word' id='word_1_154' title='bbox 61 1353 76 1388; x_wconf 71' lang='grc' dir='ltr'><strong>ἐ</strong></span> <span class='ocrx_word' id='word_1_155' title='bbox 93 1332 217 1404; x_wconf 83' lang='grc' dir='ltr'>ἀλλήλοιν</span> <span class='ocrx_word' id='word_1_156' title='bbox 240 1332 340 1392; x_wconf 90' lang='grc' dir='ltr'>νίπτειν</span> <span class='ocrx_word' id='word_1_157' title='bbox 361 1332 420 1400; x_wconf 75' lang='grc' dir='ltr'>τοὺς</span> <span class='ocrx_word' id='word_1_158' title='bbox 442 1333 542 1403; x_wconf 86' lang='grc' dir='ltr'>πόδας;</span> <span class='ocrx_word' id='word_1_159' title='bbox 565 1333 731 1414; x_wconf 83' lang='grc' dir='ltr'>Ὑποδειγμα</span> <span class='ocrx_word' id='word_1_160' title='bbox 788 1335 838 1392; x_wconf 83' lang='lat' dir='ltr'><strong>des</strong></span> <span class='ocrx_word' id='word_1_161' title='bbox 858 1349 982 1414; x_wconf 81' lang='lat' dir='ltr'><strong>uestros,</strong></span> <span class='ocrx_word' id='word_1_162' title='bbox 999 1348 1110 1414; x_wconf 85' lang='lat' dir='ltr'><strong>quanto</strong></span> <span class='ocrx_word' id='word_1_163' title='bbox 1128 1338 1222 1414; x_wconf 83' lang='lat' dir='ltr'><strong>magis</strong></span> <span class='ocrx_word' id='word_1_164' title='bbox 1241 1355 1296 1393; x_wconf 81' lang='lat' dir='ltr'><strong>uos</strong></span> <span class='ocrx_word' id='word_1_165' title='bbox 1321 1336 1431 1394; x_wconf 81' lang='lat' dir='ltr'><strong>debetis</strong></span> <span class='ocrx_word' id='word_1_166' title='bbox 1454 1279 1532 1394; x_wconf 78' lang='lat' dir='ltr'><strong>aller</strong></span> 
     </span>
     <span class='ocr_line' id='line_1_13' title="bbox 61 1407 1531 1494; baseline 0.003 -26"><span class='ocrx_word' id='word_1_167' title='bbox 61 1411 125 1469; x_wconf 73' lang='grc' dir='ltr'>λικα</span> <span class='ocrx_word' id='word_1_168' title='bbox 140 1415 202 1490; x_wconf 83' lang='grc' dir='ltr'>ὑμῖν</span> <span class='ocrx_word' id='word_1_169' title='bbox 213 1414 298 1491; x_wconf 85' lang='grc' dir='ltr'>(ὁρῶ,</span> <span class='ocrx_word' id='word_1_170' title='bbox 314 1413 356 1471; x_wconf 87' lang='grc' dir='ltr'><strong>ότι</strong></span> <span class='ocrx_word' id='word_1_171' title='bbox 369 1412 505 1480; x_wconf 78' lang='grc' dir='ltr'>εθλαόείας</span> <span class='ocrx_word' id='word_1_172' title='bbox 528 1407 560 1488; x_wconf 67' lang='grc' dir='ltr'>ἦν</span> <span class='ocrx_word' id='word_1_173' title='bbox 574 1415 730 1491; x_wconf 63' lang='grc' dir='ltr'>ἀπόθεσις),</span> <span class='ocrx_word' id='word_1_174' title='bbox 787 1414 909 1474; x_wconf 76' lang='lat' dir='ltr'><strong>alterius</strong></span> <span class='ocrx_word' id='word_1_175' title='bbox 929 1416 1017 1494; x_wconf 86' lang='lat' dir='ltr'><strong>pedes</strong></span> <span class='ocrx_word' id='word_1_176' title='bbox 1040 1415 1165 1473; x_wconf 83' lang='lat' dir='ltr'><strong>lavare?</strong></span> <span class='ocrx_word' id='word_1_177' title='bbox 1186 1414 1361 1493; x_wconf 82' lang='lat' dir='ltr'><strong>Exemplum</strong></span> <span class='ocrx_word' id='word_1_178' title='bbox 1384 1419 1462 1472; x_wconf 87' lang='lat' dir='ltr'><strong>enim</strong></span> <span class='ocrx_word' id='word_1_179' title='bbox 1481 1416 1531 1473; x_wconf 75' lang='lat' dir='ltr'><strong>de·</strong></span> 
     </span>
     <span class='ocr_line' id='line_1_14' title="bbox 69 1490 1530 1574; baseline 0.002 -25"><span class='ocrx_word' id='word_1_180' title='bbox 69 1490 184 1564; x_wconf 85' lang='grc' dir='ltr'>ίπσίησα</span> <span class='ocrx_word' id='word_1_181' title='bbox 195 1494 267 1570; x_wconf 82' lang='grc' dir='ltr'>ὑμῖν,</span> <span class='ocrx_word' id='word_1_182' title='bbox 279 1492 368 1572; x_wconf 81' lang='grc' dir='ltr'>φησίν,</span> <span class='ocrx_word' id='word_1_183' title='bbox 379 1491 448 1552; x_wconf 78' lang='grc' dir='ltr'>οὕτω</span> <span class='ocrx_word' id='word_1_184' title='bbox 460 1493 506 1554; x_wconf 77' lang='grc' dir='ltr'><strong>καὶ</strong></span> <span class='ocrx_word' id='word_1_185' title='bbox 520 1498 594 1574; x_wconf 81' lang='grc' dir='ltr'>ὑμεῖς</span> <span class='ocrx_word' id='word_1_186' title='bbox 608 1495 731 1570; x_wconf 78' lang='grc' dir='ltr'>ἀλλήλοις</span> <span class='ocrx_word' id='word_1_187' title='bbox 787 1494 819 1550; x_wconf 88' lang='lat' dir='ltr'><strong>di</strong></span> <span class='ocrx_word' id='word_1_188' title='bbox 836 1497 921 1552; x_wconf 82' lang='lat' dir='ltr'><strong>uobis</strong></span> <span class='ocrx_word' id='word_1_189' title='bbox 945 1492 1043 1569; x_wconf 80' lang='lat' dir='ltr'><strong>(video</strong></span> <span class='ocrx_word' id='word_1_190' title='bbox 1064 1492 1171 1574; x_wconf 89' lang='lat' dir='ltr'><strong>pietatis</strong></span> <span class='ocrx_word' id='word_1_191' title='bbox 1189 1493 1348 1573; x_wconf 75' lang='lat' dir='ltr'><strong>,exemplum</strong></span> <span class='ocrx_word' id='word_1_192' title='bbox 1370 1493 1479 1568; x_wconf 86' lang='lat' dir='ltr'><strong>luisse),</strong></span> <span class='ocrx_word' id='word_1_193' title='bbox 1498 1507 1530 1552; x_wconf 92' lang='lat' dir='ltr'><strong>ut</strong></span> 
     </span>
    </p>

    <p class='ocr_par' dir='ltr' id='par_1_3' title="bbox 787 1573 1570 1654">
     <span class='ocr_line' id='line_1_15' title="bbox 787 1573 1570 1654; baseline 0.001 -23"><span class='ocrx_word' id='word_1_194' title='bbox 787 1575 1032 1648; x_wconf 83' lang='lat' dir='ltr'><strong>quemadmodum</strong></span> <span class='ocrx_word' id='word_1_195' title='bbox 1045 1593 1097 1654; x_wconf 89' lang='lat' dir='ltr'><strong>ego</strong></span> <span class='ocrx_word' id='word_1_196' title='bbox 1107 1573 1170 1652; x_wconf 78' lang='lat' dir='ltr'><strong>feci</strong></span> <span class='ocrx_word' id='word_1_197' title='bbox 1177 1575 1273 1650; x_wconf 81' lang='lat' dir='ltr'><strong>uobis,</strong></span> <span class='ocrx_word' id='word_1_198' title='bbox 1287 1576 1331 1631; x_wconf 84' lang='lat' dir='ltr'><strong>itu</strong></span> <span class='ocrx_word' id='word_1_199' title='bbox 1348 1585 1376 1631; x_wconf 86' lang='lat' dir='ltr'><strong>et</strong></span> <span class='ocrx_word' id='word_1_200' title='bbox 1386 1593 1441 1633; x_wconf 84' lang='lat' dir='ltr'><strong>vos</strong></span> <span class='ocrx_word' id='word_1_201' title='bbox 1454 1576 1530 1632; x_wconf 77' lang='lat' dir='ltr'><strong>invi·</strong></span> <span class='ocrx_word' id='word_1_202' title='bbox 1558 1626 1570 1645; x_wconf 82' lang='grc'>,</span> 
     </span>
    </p>

    <p class='ocr_par' dir='ltr' id='par_1_4' title="bbox 60 1655 1680 4600">
     <span class='ocr_line' id='line_1_16' title="bbox 786 1655 995 1733; baseline 0.005 -22"><span class='ocrx_word' id='word_1_203' title='bbox 786 1672 849 1711; x_wconf 86' lang='lat' dir='ltr'><strong>cem</strong></span> <span class='ocrx_word' id='word_1_204' title='bbox 854 1655 995 1733; x_wconf 81' lang='lat' dir='ltr'><strong>facietis.</strong></span> 
     </span>
     <span class='ocr_line' id='line_1_17' title="bbox 61 1726 1530 1814; baseline 0.001 -28"><span class='ocrx_word' id='word_1_205' title='bbox 61 1748 109 1786; x_wconf 85' lang='grc' dir='ltr'>τιον</span> <span class='ocrx_word' id='word_1_206' title='bbox 120 1726 189 1788; x_wconf 74' lang='grc' dir='ltr'>οὕτω</span> <span class='ocrx_word' id='word_1_207' title='bbox 199 1728 344 1808; x_wconf 73' lang='grc' dir='ltr'>γινομένων</span> <span class='ocrx_word' id='word_1_208' title='bbox 357 1755 379 1792; x_wconf 90' lang='grc' dir='ltr'><strong>π</strong></span> <span class='ocrx_word' id='word_1_209' title='bbox 427 1731 549 1813; x_wconf 88' lang='grc' dir='ltr'>έρχονται</span> <span class='ocrx_word' id='word_1_210' title='bbox 562 1734 633 1814; x_wconf 56' lang='lat' dir='ltr'><strong>ebed»</strong></span> <span class='ocrx_word' id='word_1_211' title='bbox 645 1734 668 1792; x_wconf 87' lang='grc' dir='ltr'>σί</span> <span class='ocrx_word' id='word_1_212' title='bbox 676 1758 730 1812; x_wconf 78' lang='grc' dir='ltr'><strong>μα·</strong></span> <span class='ocrx_word' id='word_1_213' title='bbox 825 1732 854 1790; x_wconf 77' lang='lat' dir='ltr'><strong>l.</strong></span> <span class='ocrx_word' id='word_1_214' title='bbox 866 1732 916 1792; x_wconf 84' lang='lat' dir='ltr'><strong>llis</strong></span> <span class='ocrx_word' id='word_1_215' title='bbox 928 1732 966 1791; x_wconf 88' lang='lat' dir='ltr'><strong>ita</strong></span> <span class='ocrx_word' id='word_1_216' title='bbox 983 1730 1064 1811; x_wconf 87' lang='lat' dir='ltr'><strong>gestis</strong></span> <span class='ocrx_word' id='word_1_217' title='bbox 1085 1743 1258 1795; x_wconf 69' lang='lat' dir='ltr'><strong>accesserunt,</strong></span> <span class='ocrx_word' id='word_1_218' title='bbox 1271 1729 1307 1789; x_wconf 88' lang='lat' dir='ltr'><strong>ad</strong></span> <span class='ocrx_word' id='word_1_219' title='bbox 1326 1749 1388 1798; x_wconf 83' lang='lat' dir='ltr'><strong>eum</strong></span> <span class='ocrx_word' id='word_1_220' title='bbox 1400 1728 1530 1811; x_wconf 88' lang='lat' dir='ltr'><strong>discipuli</strong></span> 
     </span>
     <span class='ocr_line' id='line_1_18' title="bbox 61 1807 1668 1950; baseline 0.001 -83"><span class='ocrx_word' id='word_1_221' title='bbox 61 1808 139 1881; x_wconf 68' lang='grc' dir='ltr'>θεοῦ,</span> <span class='ocrx_word' id='word_1_222' title='bbox 153 1807 199 1906; x_wconf 73' lang='grc' dir='ltr'>καί</span> <span class='ocrx_word' id='word_1_223' title='bbox 215 1807 336 1912; x_wconf 73' lang='grc' dir='ltr'>λέγουρι·</span> <span class='ocrx_word' id='word_1_224' title='bbox 350 1812 450 1950; x_wconf 55' lang='lat' dir='ltr'><strong>liugn,</strong></span> <span class='ocrx_word' id='word_1_225' title='bbox 464 1818 515 1872; x_wconf 80' lang='grc' dir='ltr'><strong>ποῦ</strong></span> <span class='ocrx_word' id='word_1_226' title='bbox 528 1812 611 1881; x_wconf 83' lang='grc' dir='ltr'>θέλεις</span> <span class='ocrx_word' id='word_1_227' title='bbox 625 1815 731 1893; x_wconf 84' lang='grc' dir='ltr'>ίτοιμά·</span> <span class='ocrx_word' id='word_1_228' title='bbox 786 1809 854 1890; x_wconf 90' lang='lat' dir='ltr'><strong>ejus,</strong></span> <span class='ocrx_word' id='word_1_229' title='bbox 865 1825 892 1870; x_wconf 88' lang='lat' dir='ltr'><strong>et</strong></span> <span class='ocrx_word' id='word_1_230' title='bbox 901 1810 1251 1900; x_wconf 39' lang='lat' dir='ltr'><strong>dixeruntzDomine,·ubi</strong></span> <span class='ocrx_word' id='word_1_231' title='bbox 1261 1813 1309 1900; x_wconf 77' lang='lat' dir='ltr'><strong>vis</strong></span> <span class='ocrx_word' id='word_1_232' title='bbox 1317 1831 1454 1900; x_wconf 84' lang='lat' dir='ltr'><strong>paremus</strong></span> <span class='ocrx_word' id='word_1_233' title='bbox 1464 1813 1527 1900; x_wconf 78' lang='lat' dir='ltr'><strong>tibi,</strong></span> <span class='ocrx_word' id='word_1_234' title='bbox 1539 1840 1616 1884; x_wconf 59' lang='lat' dir='ltr'><strong>pm,</strong></span> <span class='ocrx_word' id='word_1_235' title='bbox 1633 1837 1668 1901; x_wconf 67' lang='grc' dir='ltr'>,γ</span> 
     </span>
     <span class='ocr_line' id='line_1_19' title="bbox 63 1888 1529 2051; baseline 0.003 -26"><span class='ocrx_word' id='word_1_236' title='bbox 63 1888 731 2051; x_wconf 59' lang='lat' dir='ltr'><strong>tttttt{llll-“nltdllttltttt</strong></span> <span class='ocrx_word' id='word_1_237' title='bbox 785 1889 1529 2041; x_wconf 56' lang='lat' dir='ltr'><strong>tltttz&#39;ltttlttlff{ltltliltttttttlt</strong></span> 
     </span>
     <span class='ocr_line' id='line_1_20' title="bbox 61 2045 1530 2130; baseline 0.001 -25"><span class='ocrx_word' id='word_1_238' title='bbox 61 2067 94 2111; x_wconf 80' lang='grc' dir='ltr'>,τις</span> <span class='ocrx_word' id='word_1_239' title='bbox 112 2046 238 2128; x_wconf 83' lang='grc' dir='ltr'>κεράμιον</span> <span class='ocrx_word' id='word_1_240' title='bbox 252 2045 344 2116; x_wconf 75' lang='grc' dir='ltr'>ὕδατος</span> <span class='ocrx_word' id='word_1_241' title='bbox 364 2051 510 2128; x_wconf 79' lang='grc' dir='ltr'>βαστάζειν.</span> <span class='ocrx_word' id='word_1_242' title='bbox 522 2051 729 2124; x_wconf 80' lang='grc' dir='ltr'>Ἀκολουθήσοιτε</span> <span class='ocrx_word' id='word_1_243' title='bbox 784 2048 922 2128; x_wconf 83' lang='lat' dir='ltr'><strong>lagenam</strong></span> <span class='ocrx_word' id='word_1_244' title='bbox 935 2071 1021 2130; x_wconf 82' lang='lat' dir='ltr'><strong>aquae</strong></span> <span class='ocrx_word' id='word_1_245' title='bbox 1039 2062 1172 2128; x_wconf 87' lang='lat' dir='ltr'><strong>portans.</strong></span> <span class='ocrx_word' id='word_1_246' title='bbox 1194 2047 1356 2128; x_wconf 81' lang='lat' dir='ltr'><strong>Sequimini</strong></span> <span class='ocrx_word' id='word_1_247' title='bbox 1374 2069 1440 2107; x_wconf 85' lang='lat' dir='ltr'><strong>eum</strong></span> <span class='ocrx_word' id='word_1_248' title='bbox 1457 2069 1530 2129; x_wconf 88' lang='lat' dir='ltr'><strong>quo-</strong></span> 
     </span>
     <span class='ocr_line' id='line_1_21' title="bbox 61 2126 1530 2211; baseline 0.001 -27"><span class='ocrx_word' id='word_1_249' title='bbox 61 2147 106 2185; x_wconf 85' lang='grc' dir='ltr'><strong>που</strong></span> <span class='ocrx_word' id='word_1_250' title='bbox 120 2126 279 2207; x_wconf 78' lang='grc' dir='ltr'>ἀπέρχεται,</span> <span class='ocrx_word' id='word_1_251' title='bbox 294 2128 339 2187; x_wconf 81' lang='grc' dir='ltr'><strong>καί</strong></span> <span class='ocrx_word' id='word_1_252' title='bbox 353 2132 389 2196; x_wconf 86' lang='grc' dir='ltr'><strong>είς</strong></span> <span class='ocrx_word' id='word_1_253' title='bbox 408 2129 440 2201; x_wconf 79' lang='grc' dir='ltr'>ἣν</span> <span class='ocrx_word' id='word_1_254' title='bbox 456 2130 487 2188; x_wconf 78' lang='grc' dir='ltr'>ἂν</span> <span class='ocrx_word' id='word_1_255' title='bbox 504 2130 589 2191; x_wconf 82' lang='grc' dir='ltr'>οἰκίαν</span> <span class='ocrx_word' id='word_1_256' title='bbox 607 2132 729 2211; x_wconf 80' lang='grc' dir='ltr'>είσίλθη,</span> <span class='ocrx_word' id='word_1_257' title='bbox 783 2148 907 2209; x_wconf 88' lang='lat' dir='ltr'><strong>cumque</strong></span> <span class='ocrx_word' id='word_1_258' title='bbox 918 2134 984 2189; x_wconf 86' lang='lat' dir='ltr'><strong>ierit</strong></span> <span class='ocrx_word' id='word_1_259' title='bbox 995 2153 1004 2186; x_wconf 93' lang='grc'><strong>.·</strong></span> <span class='ocrx_word' id='word_1_260' title='bbox 1017 2142 1045 2187; x_wconf 88' lang='lat' dir='ltr'><strong>et</strong></span> <span class='ocrx_word' id='word_1_261' title='bbox 1058 2133 1090 2188; x_wconf 88' lang='lat' dir='ltr'><strong>in</strong></span> <span class='ocrx_word' id='word_1_262' title='bbox 1110 2148 1324 2210; x_wconf 79' lang='lat' dir='ltr'><strong>quamcumque</strong></span> <span class='ocrx_word' id='word_1_263' title='bbox 1344 2129 1463 2186; x_wconf 88' lang='lat' dir='ltr'><strong>domum</strong></span> <span class='ocrx_word' id='word_1_264' title='bbox 1484 2132 1530 2187; x_wconf 90' lang='lat' dir='ltr'><strong>iu-</strong></span> 
     </span>
     <span class='ocr_line' id='line_1_22' title="bbox 61 2207 1680 2307; baseline 0.001 -42"><span class='ocrx_word' id='word_1_265' title='bbox 61 2207 297 2307; x_wconf 57' lang='lat' dir='ltr'><strong>rqulaobesno&#39;nq-</strong></span> <span class='ocrx_word' id='word_1_266' title='bbox 309 2211 324 2267; x_wconf 87' lang='grc' dir='ltr'>θ</span> <span class='ocrx_word' id='word_1_267' title='bbox 338 2208 494 2277; x_wconf 85' lang='grc' dir='ltr'>διδάσκαλος</span> <span class='ocrx_word' id='word_1_268' title='bbox 507 2210 595 2288; x_wconf 87' lang='grc' dir='ltr'>λέγει,</span> <span class='ocrx_word' id='word_1_269' title='bbox 610 2215 624 2271; x_wconf 84' lang='grc' dir='ltr'>ό</span> <span class='ocrx_word' id='word_1_270' title='bbox 639 2211 729 2290; x_wconf 87' lang='grc' dir='ltr'>καιρός</span> <span class='ocrx_word' id='word_1_271' title='bbox 783 2212 905 2282; x_wconf 84' lang='lat' dir='ltr'><strong>troierit,</strong></span> <span class='ocrx_word' id='word_1_272' title='bbox 917 2211 1006 2269; x_wconf 87' lang='lat' dir='ltr'><strong>dicite</strong></span> <span class='ocrx_word' id='word_1_273' title='bbox 1018 2209 1137 2267; x_wconf 85' lang='lat' dir='ltr'><strong>domino</strong></span> <span class='ocrx_word' id='word_1_274' title='bbox 1150 2208 1252 2265; x_wconf 80' lang='lat' dir='ltr'><strong>domm</strong></span> <span class='ocrx_word' id='word_1_275' title='bbox 1266 2208 1429 2287; x_wconf 85' lang='lat' dir='ltr'><strong>:Magister</strong></span> <span class='ocrx_word' id='word_1_276' title='bbox 1444 2209 1527 2280; x_wconf 85' lang='lat' dir='ltr'><strong>dicit,</strong></span> <span class='ocrx_word' id='word_1_277' title='bbox 1542 2240 1625 2284; x_wconf 56' lang='lat' dir='ltr'><strong>Mam„</strong></span> <span class='ocrx_word' id='word_1_278' title='bbox 1640 2239 1680 2286; x_wconf 59' lang='grc' dir='ltr'><strong>,ρ</strong></span> 
     </span>
     <span class='ocr_line' id='line_1_23' title="bbox 61 2285 1579 2375; baseline 0.003 -31"><span class='ocrx_word' id='word_1_279' title='bbox 61 2308 105 2364; x_wconf 85' lang='grc' dir='ltr'>γος</span> <span class='ocrx_word' id='word_1_280' title='bbox 127 2286 275 2367; x_wconf 65' lang='lat' dir='ltr'><strong>lert-epi&lt;</strong></span> <span class='ocrx_word' id='word_1_281' title='bbox 289 2285 318 2346; x_wconf 83' lang='lat' dir='ltr'><strong>el</strong></span> <span class='ocrx_word' id='word_1_282' title='bbox 338 2293 407 2348; x_wconf 82' lang='grc' dir='ltr'>ποιῶ</span> <span class='ocrx_word' id='word_1_283' title='bbox 423 2289 454 2348; x_wconf 89' lang='grc' dir='ltr'><strong>τδ</strong></span> <span class='ocrx_word' id='word_1_284' title='bbox 473 2288 512 2348; x_wconf 87' lang='grc' dir='ltr'><strong>πά</strong></span> <span class='ocrx_word' id='word_1_285' title='bbox 551 2314 567 2347; x_wconf 92' lang='grc' dir='ltr'><strong>α</strong></span> <span class='ocrx_word' id='word_1_286' title='bbox 587 2291 654 2368; x_wconf 70' lang='grc' dir='ltr'>μετὰ</span> <span class='ocrx_word' id='word_1_287' title='bbox 675 2296 727 2352; x_wconf 86' lang='grc' dir='ltr'><strong>τῶν</strong></span> <span class='ocrx_word' id='word_1_288' title='bbox 737 2335 773 2375; x_wconf 54' lang='lat' dir='ltr'><strong>,M</strong></span> <span class='ocrx_word' id='word_1_289' title='bbox 786 2289 812 2345; x_wconf 87' lang='grc' dir='ltr'><em>Τ</em></span> <span class='ocrx_word' id='word_1_290' title='bbox 810 2308 909 2368; x_wconf 88' lang='lat' dir='ltr'><strong>empus</strong></span> <span class='ocrx_word' id='word_1_291' title='bbox 920 2310 1016 2347; x_wconf 89' lang='lat' dir='ltr'><strong>meum</strong></span> <span class='ocrx_word' id='word_1_292' title='bbox 1024 2308 1114 2368; x_wconf 86' lang='lat' dir='ltr'><strong>prope</strong></span> <span class='ocrx_word' id='word_1_293' title='bbox 1125 2287 1308 2365; x_wconf 75' lang='lat' dir='ltr'><strong>esttapudte</strong></span> <span class='ocrx_word' id='word_1_294' title='bbox 1315 2287 1399 2366; x_wconf 79' lang='lat' dir='ltr'><strong>sario</strong></span> <span class='ocrx_word' id='word_1_295' title='bbox 1408 2288 1529 2346; x_wconf 74' lang='lat' dir='ltr'><strong>Pascha</strong></span> <span class='ocrx_word' id='word_1_296' title='bbox 1543 2301 1579 2348; x_wconf 80' lang='grc' dir='ltr'><strong>ιθ.</strong></span> 
     </span>
     <span class='ocr_line' id='line_1_24' title="bbox 61 2364 1529 2450; baseline 0.003 -29"><span class='ocrx_word' id='word_1_297' title='bbox 61 2366 84 2422; x_wconf 77' lang='lat' dir='ltr'><strong>iu</strong></span> <span class='ocrx_word' id='word_1_298' title='bbox 99 2388 158 2441; x_wconf 87' lang='grc' dir='ltr'>μου.</span> <span class='ocrx_word' id='word_1_299' title='bbox 168 2366 223 2425; x_wconf 81' lang='grc' dir='ltr'><strong>Καὶ</strong></span> <span class='ocrx_word' id='word_1_300' title='bbox 237 2365 313 2434; x_wconf 76' lang='grc' dir='ltr'>αὐτὸς</span> <span class='ocrx_word' id='word_1_301' title='bbox 325 2371 386 2445; x_wconf 79' lang='grc' dir='ltr'>ὑμῖν</span> <span class='ocrx_word' id='word_1_302' title='bbox 404 2367 482 2436; x_wconf 79' lang='grc' dir='ltr'>δείξει</span> <span class='ocrx_word' id='word_1_303' title='bbox 497 2371 610 2448; x_wconf 88' lang='grc' dir='ltr'>ἀνωγιον</span> <span class='ocrx_word' id='word_1_304' title='bbox 625 2375 727 2450; x_wconf 71' lang='lat' dir='ltr'><strong>terpu-</strong></span> <span class='ocrx_word' id='word_1_305' title='bbox 745 2391 765 2437; x_wconf 65' lang='grc' dir='ltr'><strong>Α</strong></span> <span class='ocrx_word' id='word_1_306' title='bbox 782 2387 849 2426; x_wconf 88' lang='lat' dir='ltr'><strong>cum</strong></span> <span class='ocrx_word' id='word_1_307' title='bbox 868 2369 1019 2448; x_wconf 82' lang='lat' dir='ltr'><strong>discipulis</strong></span> <span class='ocrx_word' id='word_1_308' title='bbox 1041 2370 1123 2427; x_wconf 63' lang='lat' dir='ltr'><strong>meis</strong></span> <span class='ocrx_word' id='word_1_309' title='bbox 1147 2364 1189 2424; x_wconf 85' lang='lat' dir='ltr'><strong>Et</strong></span> <span class='ocrx_word' id='word_1_310' title='bbox 1209 2368 1221 2423; x_wconf 90' lang='lat' dir='ltr'><strong>i</strong></span> <span class='ocrx_word' id='word_1_311' title='bbox 1239 2386 1271 2425; x_wconf 76' lang='lat' dir='ltr'><strong>so</strong></span> <span class='ocrx_word' id='word_1_312' title='bbox 1291 2365 1422 2425; x_wconf 82' lang='lat' dir='ltr'><strong>ostendet</strong></span> <span class='ocrx_word' id='word_1_313' title='bbox 1445 2369 1529 2426; x_wconf 84' lang='lat' dir='ltr'><strong>vobis</strong></span> 
     </span>
     <span class='ocr_line' id='line_1_25' title="bbox 61 2444 1531 2530; baseline -0.001 -24"><span class='ocrx_word' id='word_1_314' title='bbox 61 2444 104 2503; x_wconf 79' lang='grc' dir='ltr'><strong>Τδ</strong></span> <span class='ocrx_word' id='word_1_315' title='bbox 118 2444 163 2504; x_wconf 80' lang='grc' dir='ltr'><strong>δύο</strong></span> <span class='ocrx_word' id='word_1_316' title='bbox 173 2454 261 2528; x_wconf 87' lang='grc' dir='ltr'>τηρεῖ,</span> <span class='ocrx_word' id='word_1_317' title='bbox 276 2445 321 2505; x_wconf 78' lang='grc' dir='ltr'>καὶ</span> <span class='ocrx_word' id='word_1_318' title='bbox 336 2445 396 2515; x_wconf 80' lang='grc' dir='ltr'>τοὺς</span> <span class='ocrx_word' id='word_1_319' title='bbox 417 2447 577 2516; x_wconf 78' lang='grc' dir='ltr'>ἀποστόλους</span> <span class='ocrx_word' id='word_1_320' title='bbox 598 2451 728 2530; x_wconf 74' lang='grc' dir='ltr'>ἕρσδιάζει</span> <span class='ocrx_word' id='word_1_321' title='bbox 780 2447 962 2507; x_wconf 85' lang='lat' dir='ltr'><strong>coenuculum</strong></span> <span class='ocrx_word' id='word_1_322' title='bbox 975 2459 1111 2508; x_wconf 87' lang='lat' dir='ltr'><strong>stratum.</strong></span> <span class='ocrx_word' id='word_1_323' title='bbox 1126 2446 1215 2504; x_wconf 92' lang='lat' dir='ltr'><strong>Duoo</strong></span> <span class='ocrx_word' id='word_1_324' title='bbox 1296 2457 1333 2521; x_wconf 83' lang='lat' dir='ltr'><strong>at,</strong></span> <span class='ocrx_word' id='word_1_325' title='bbox 1346 2444 1531 2526; x_wconf 85' lang='lat' dir='ltr'><strong>apostolorum</strong></span> 
     </span>
     <span class='ocr_line' id='line_1_26' title="bbox 61 2521 1530 2618; baseline 0.001 -36"><span class='ocrx_word' id='word_1_326' title='bbox 61 2545 92 2582; x_wconf 86' lang='grc' dir='ltr'><strong>αι</strong></span> <span class='ocrx_word' id='word_1_327' title='bbox 103 2523 147 2583; x_wconf 82' lang='grc' dir='ltr'><strong>τὸν</strong></span> <span class='ocrx_word' id='word_1_328' title='bbox 162 2524 359 2601; x_wconf 79' lang='grc' dir='ltr'>οἰκοδεσπότην,</span> <span class='ocrx_word' id='word_1_329' title='bbox 374 2527 419 2586; x_wconf 83' lang='grc' dir='ltr'><strong>καλ</strong></span> <span class='ocrx_word' id='word_1_330' title='bbox 432 2525 474 2586; x_wconf 90' lang='grc' dir='ltr'>ίνο</span> <span class='ocrx_word' id='word_1_331' title='bbox 489 2527 526 2604; x_wconf 82' lang='grc' dir='ltr'><strong>μὴ</strong></span> <span class='ocrx_word' id='word_1_332' title='bbox 538 2528 677 2604; x_wconf 71' lang='grc' dir='ltr'>νοήσωσιν,</span> <span class='ocrx_word' id='word_1_333' title='bbox 687 2530 729 2593; x_wconf 73' lang='grc' dir='ltr'><strong>ὅτι</strong></span> <span class='ocrx_word' id='word_1_334' title='bbox 781 2524 856 2584; x_wconf 83' lang='lat' dir='ltr'><strong>viam</strong></span> <span class='ocrx_word' id='word_1_335' title='bbox 876 2525 971 2618; x_wconf 83' lang='lat' dir='ltr'><strong>dirigit</strong></span> <span class='ocrx_word' id='word_1_336' title='bbox 990 2539 1021 2584; x_wconf 92' lang='lat' dir='ltr'><strong>ut</strong></span> <span class='ocrx_word' id='word_1_337' title='bbox 1040 2525 1206 2604; x_wconf 83' lang='lat' dir='ltr'><strong>interrogent</strong></span> <span class='ocrx_word' id='word_1_338' title='bbox 1218 2521 1360 2584; x_wconf 90' lang='lat' dir='ltr'><strong>dominum</strong></span> <span class='ocrx_word' id='word_1_339' title='bbox 1377 2523 1490 2602; x_wconf 72' lang='lat' dir='ltr'><strong>domus,</strong></span> <span class='ocrx_word' id='word_1_340' title='bbox 1503 2539 1530 2584; x_wconf 92' lang='lat' dir='ltr'><strong>et</strong></span> 
     </span>
     <span class='ocr_line' id='line_1_27' title="bbox 61 2602 1528 2688; baseline -0.001 -24"><span class='ocrx_word' id='word_1_341' title='bbox 61 2602 102 2662; x_wconf 80' lang='grc' dir='ltr'><strong>τὸν</strong></span> <span class='ocrx_word' id='word_1_342' title='bbox 115 2603 205 2677; x_wconf 84' lang='grc' dir='ltr'>τόπον,</span> <span class='ocrx_word' id='word_1_343' title='bbox 218 2605 289 2685; x_wconf 82' lang='grc' dir='ltr'>λέγει</span> <span class='ocrx_word' id='word_1_344' title='bbox 302 2607 406 2674; x_wconf 84' lang='grc' dir='ltr'>αὐτοῖς·</span> <span class='ocrx_word' id='word_1_345' title='bbox 422 2604 502 2683; x_wconf 84' lang='grc' dir='ltr'>Ὑμῖν</span> <span class='ocrx_word' id='word_1_346' title='bbox 517 2607 594 2676; x_wconf 79' lang='grc' dir='ltr'>δείξει</span> <span class='ocrx_word' id='word_1_347' title='bbox 613 2608 728 2688; x_wconf 84' lang='grc' dir='ltr'>ἀνώγεον</span> <span class='ocrx_word' id='word_1_348' title='bbox 781 2625 814 2663; x_wconf 89' lang='lat' dir='ltr'><strong>ue</strong></span> <span class='ocrx_word' id='word_1_349' title='bbox 824 2619 920 2685; x_wconf 90' lang='lat' dir='ltr'><strong>putent</strong></span> <span class='ocrx_word' id='word_1_350' title='bbox 931 2627 1021 2687; x_wconf 77' lang='lat' dir='ltr'><strong>ipsum</strong></span> <span class='ocrx_word' id='word_1_351' title='bbox 1035 2603 1161 2684; x_wconf 85' lang='lat' dir='ltr'><strong>ignorare</strong></span> <span class='ocrx_word' id='word_1_352' title='bbox 1174 2603 1274 2679; x_wconf 86' lang='lat' dir='ltr'><strong>locum,</strong></span> <span class='ocrx_word' id='word_1_353' title='bbox 1285 2603 1324 2662; x_wconf 89' lang='lat' dir='ltr'><strong>ait</strong></span> <span class='ocrx_word' id='word_1_354' title='bbox 1337 2602 1411 2662; x_wconf 87' lang='lat' dir='ltr'><strong>illis:</strong></span> <span class='ocrx_word' id='word_1_355' title='bbox 1426 2607 1528 2674; x_wconf 85' lang='lat' dir='ltr'><strong>Osten-</strong></span> 
     </span>
     <span class='ocr_line' id='line_1_28' title="bbox 62 2683 1527 2764; baseline 0 -22"><span class='ocrx_word' id='word_1_356' title='bbox 62 2686 221 2762; x_wconf 83' lang='grc' dir='ltr'>στρωμόνον.</span> <span class='ocrx_word' id='word_1_357' title='bbox 239 2687 273 2745; x_wconf 82' lang='lat' dir='ltr'><strong>Et</strong></span> <span class='ocrx_word' id='word_1_358' title='bbox 294 2685 430 2764; x_wconf 83' lang='grc' dir='ltr'>προλέγειτ</span> <span class='ocrx_word' id='word_1_359' title='bbox 449 2687 494 2747; x_wconf 84' lang='grc' dir='ltr'><strong>τὸν</strong></span> <span class='ocrx_word' id='word_1_360' title='bbox 518 2688 608 2762; x_wconf 87' lang='grc' dir='ltr'>τόπον,</span> <span class='ocrx_word' id='word_1_361' title='bbox 633 2690 677 2750; x_wconf 75' lang='grc' dir='ltr'><strong>διὰ</strong></span> <span class='ocrx_word' id='word_1_362' title='bbox 700 2691 728 2751; x_wconf 84' lang='grc' dir='ltr'><strong>τί</strong></span> <span class='ocrx_word' id='word_1_363' title='bbox 781 2685 829 2743; x_wconf 85' lang='lat' dir='ltr'><strong>det</strong></span> <span class='ocrx_word' id='word_1_364' title='bbox 839 2689 924 2746; x_wconf 84' lang='lat' dir='ltr'><strong>uobis</strong></span> <span class='ocrx_word' id='word_1_365' title='bbox 934 2686 1117 2745; x_wconf 82' lang='lat' dir='ltr'><strong>eoenaeulum</strong></span> <span class='ocrx_word' id='word_1_366' title='bbox 1127 2684 1241 2764; x_wconf 82' lang='lat' dir='ltr'><strong>grande</strong></span> <span class='ocrx_word' id='word_1_367' title='bbox 1251 2695 1387 2741; x_wconf 89' lang='lat' dir='ltr'><strong>stratum.</strong></span> <span class='ocrx_word' id='word_1_368' title='bbox 1397 2683 1427 2742; x_wconf 81' lang='lat' dir='ltr'><strong>&#39;si</strong></span> <span class='ocrx_word' id='word_1_369' title='bbox 1438 2683 1527 2742; x_wconf 87' lang='lat' dir='ltr'><strong>locum</strong></span> 
     </span>
     <span class='ocr_line' id='line_1_29' title="bbox 61 2760 1526 2851; baseline 0.001 -30"><span class='ocrx_word' id='word_1_370' title='bbox 61 2771 113 2830; x_wconf 88' lang='grc' dir='ltr'>τοῖς</span> <span class='ocrx_word' id='word_1_371' title='bbox 137 2769 282 2842; x_wconf 83' lang='grc' dir='ltr'>μαθηταῖς,</span> <span class='ocrx_word' id='word_1_372' title='bbox 306 2765 457 2846; x_wconf 71' lang='grc' dir='ltr'>ἐρωτήσατε</span> <span class='ocrx_word' id='word_1_373' title='bbox 479 2767 541 2826; x_wconf 85' lang='grc' dir='ltr'><strong>πελ</strong></span> <span class='ocrx_word' id='word_1_374' title='bbox 561 2772 607 2827; x_wconf 80' lang='grc' dir='ltr'><strong>τοῦ</strong></span> <span class='ocrx_word' id='word_1_375' title='bbox 626 2768 725 2845; x_wconf 54' lang='lat' dir='ltr'><strong>edem</strong></span> <span class='ocrx_word' id='word_1_376' title='bbox 799 2763 914 2842; x_wconf 78' lang='lat' dir='ltr'><strong>radicis,</strong></span> <span class='ocrx_word' id='word_1_377' title='bbox 929 2786 977 2824; x_wconf 91' lang='lat' dir='ltr'><strong>cur</strong></span> <span class='ocrx_word' id='word_1_378' title='bbox 991 2762 1132 2843; x_wconf 85' lang='lat' dir='ltr'><strong>discipulis</strong></span> <span class='ocrx_word' id='word_1_379' title='bbox 1144 2761 1194 2838; x_wconf 85' lang='lat' dir='ltr'><strong>ais,</strong></span> <span class='ocrx_word' id='word_1_380' title='bbox 1211 2762 1377 2851; x_wconf 73' lang='lat' dir='ltr'><strong>Interrogate</strong></span> <span class='ocrx_word' id='word_1_381' title='bbox 1391 2760 1526 2822; x_wconf 81' lang='lat' dir='ltr'><strong>deloco?</strong></span> 
     </span>
     <span class='ocr_line' id='line_1_30' title="bbox 61 2785 1525 2933; baseline -0.002 -29"><span class='ocrx_word' id='word_1_382' title='bbox 61 2842 209 2920; x_wconf 79' lang='grc' dir='ltr'>ιοτήσωμεν</span> <span class='ocrx_word' id='word_1_383' title='bbox 221 2846 364 2921; x_wconf 70' lang='grc' dir='ltr'>ἐμάθομεν.</span> <span class='ocrx_word' id='word_1_384' title='bbox 379 2846 447 2918; x_wconf 82' lang='grc' dir='ltr'>Ναί,</span> <span class='ocrx_word' id='word_1_385' title='bbox 477 2791 540 2921; x_wconf 71' lang='lat' dir='ltr'><strong>uei,</strong></span> <span class='ocrx_word' id='word_1_386' title='bbox 551 2845 598 2907; x_wconf 87' lang='grc' dir='ltr'><strong>καί</strong></span> <span class='ocrx_word' id='word_1_387' title='bbox 606 2869 653 2926; x_wconf 83' lang='grc' dir='ltr'><strong>μοι</strong></span> <span class='ocrx_word' id='word_1_388' title='bbox 663 2850 728 2933; x_wconf 85' lang='grc' dir='ltr'>πρί-</span> <span class='ocrx_word' id='word_1_389' title='bbox 778 2785 943 2922; x_wconf 72' lang='lat' dir='ltr'><strong>lausquam</strong></span> <span class='ocrx_word' id='word_1_390' title='bbox 951 2843 1188 2921; x_wconf 88' lang='lat' dir='ltr'><strong>interrogaremus,</strong></span> <span class='ocrx_word' id='word_1_391' title='bbox 1195 2838 1253 2919; x_wconf 88' lang='lat' dir='ltr'><strong>jam</strong></span> <span class='ocrx_word' id='word_1_392' title='bbox 1263 2838 1525 2915; x_wconf 75' lang='lat' dir='ltr'><strong>didicimussstiam,</strong></span> 
     </span>
     <span class='ocr_line' id='line_1_31' title="bbox 61 2870 1527 3010; baseline 0 -30"><span class='ocrx_word' id='word_1_393' title='bbox 61 2921 150 2999; x_wconf 86' lang='grc' dir='ltr'>ιλόγειν</span> <span class='ocrx_word' id='word_1_394' title='bbox 165 2927 200 2991; x_wconf 78' lang='grc' dir='ltr'><strong>ὡς</strong></span> <span class='ocrx_word' id='word_1_395' title='bbox 210 2925 289 3004; x_wconf 77' lang='grc' dir='ltr'>Θεῷ,</span> <span class='ocrx_word' id='word_1_396' title='bbox 311 2925 357 2983; x_wconf 81' lang='grc' dir='ltr'><strong>καλ</strong></span> <span class='ocrx_word' id='word_1_397' title='bbox 375 2926 437 3003; x_wconf 80' lang='grc' dir='ltr'>ὑμῖν</span> <span class='ocrx_word' id='word_1_398' title='bbox 458 2870 609 3007; x_wconf 53' lang='lat' dir='ltr'><strong>ipsaque,</strong></span> <span class='ocrx_word' id='word_1_399' title='bbox 623 2926 726 3010; x_wconf 68' lang='grc' dir='ltr'>ἀνθρώ.</span> <span class='ocrx_word' id='word_1_400' title='bbox 779 2920 880 3000; x_wconf 89' lang='lat' dir='ltr'><strong>inquit,</strong></span> <span class='ocrx_word' id='word_1_401' title='bbox 895 2922 1029 2982; x_wconf 79' lang='lat' dir='ltr'><strong>mederet</strong></span> <span class='ocrx_word' id='word_1_402' title='bbox 1067 2918 1192 2989; x_wconf 74' lang='lat' dir='ltr'><strong>radicere</strong></span> <span class='ocrx_word' id='word_1_403' title='bbox 1206 2931 1236 2977; x_wconf 94' lang='lat' dir='ltr'><strong>ut</strong></span> <span class='ocrx_word' id='word_1_404' title='bbox 1251 2920 1351 2996; x_wconf 88' lang='lat' dir='ltr'><strong>Deum,</strong></span> <span class='ocrx_word' id='word_1_405' title='bbox 1371 2933 1397 2978; x_wconf 92' lang='lat' dir='ltr'><strong>et</strong></span> <span class='ocrx_word' id='word_1_406' title='bbox 1416 2942 1464 2980; x_wconf 84' lang='lat' dir='ltr'><strong>vos</strong></span> <span class='ocrx_word' id='word_1_407' title='bbox 1477 2942 1527 3001; x_wconf 85' lang='lat' dir='ltr'><strong>par</strong></span> 
     </span>
     <span class='ocr_line' id='line_1_32' title="bbox 61 2943 1526 3136; baseline -0.001 -76"><span class='ocrx_word' id='word_1_408' title='bbox 61 3001 166 3078; x_wconf 77' lang='grc' dir='ltr'>θδαμοῒι</span> <span class='ocrx_word' id='word_1_409' title='bbox 178 3001 206 3060; x_wconf 78' lang='grc' dir='ltr'><strong>δὲ</strong></span> <span class='ocrx_word' id='word_1_410' title='bbox 220 3003 334 3082; x_wconf 81' lang='grc' dir='ltr'>Χριστὸς</span> <span class='ocrx_word' id='word_1_411' title='bbox 351 3005 517 3083; x_wconf 84' lang='grc' dir='ltr'>παραδίδωσι</span> <span class='ocrx_word' id='word_1_412' title='bbox 533 3005 564 3065; x_wconf 85' lang='grc' dir='ltr'><strong>τδ</strong></span> <span class='ocrx_word' id='word_1_413' title='bbox 584 3008 727 3086; x_wconf 69' lang='grc' dir='ltr'>μυστήριον</span> <span class='ocrx_word' id='word_1_414' title='bbox 780 3015 819 3060; x_wconf 81' lang='lat' dir='ltr'><strong>est</strong></span> <span class='ocrx_word' id='word_1_415' title='bbox 828 3001 991 3084; x_wconf 85' lang='lat' dir='ltr'><strong>interrogare</strong></span> <span class='ocrx_word' id='word_1_416' title='bbox 1004 3014 1035 3060; x_wconf 92' lang='lat' dir='ltr'><strong>ut</strong></span> <span class='ocrx_word' id='word_1_417' title='bbox 1045 2943 1176 3060; x_wconf 69' lang='lat' dir='ltr'><strong>iumines.</strong></span> <span class='ocrx_word' id='word_1_418' title='bbox 1187 2998 1328 3136; x_wconf 75' lang='lat' dir='ltr'><strong>Nusquam</strong></span> <span class='ocrx_word' id='word_1_419' title='bbox 1340 3011 1431 3089; x_wconf 70' lang='lat' dir='ltr'><strong>autem</strong></span> <span class='ocrx_word' id='word_1_420' title='bbox 1448 2999 1526 3058; x_wconf 88' lang='lat' dir='ltr'><strong>Cbri·</strong></span> 
     </span>
     <span class='ocr_line' id='line_1_33' title="bbox 61 3076 1527 3170; baseline 0 -32"><span class='ocrx_word' id='word_1_421' title='bbox 61 3088 126 3146; x_wconf 69' lang='lat' dir='ltr'><strong>meir</strong></span> <span class='ocrx_word' id='word_1_422' title='bbox 137 3081 241 3153; x_wconf 89' lang='grc' dir='ltr'>τόποις,</span> <span class='ocrx_word' id='word_1_423' title='bbox 256 3084 316 3141; x_wconf 85' lang='grc' dir='ltr'>ἀλλ’</span> <span class='ocrx_word' id='word_1_424' title='bbox 327 3084 354 3142; x_wconf 79' lang='grc' dir='ltr'>ἐν</span> <span class='ocrx_word' id='word_1_425' title='bbox 367 3086 398 3161; x_wconf 85' lang='grc' dir='ltr'><strong>τῇ</strong></span> <span class='ocrx_word' id='word_1_426' title='bbox 413 3085 501 3164; x_wconf 82' lang='grc' dir='ltr'>όρεινῆ</span> <span class='ocrx_word' id='word_1_427' title='bbox 509 3128 517 3158; x_wconf 87' lang='grc'>,</span> <span class='ocrx_word' id='word_1_428' title='bbox 531 3084 586 3155; x_wconf 77' lang='grc' dir='ltr'>ἢέν</span> <span class='ocrx_word' id='word_1_429' title='bbox 598 3086 725 3170; x_wconf 76' lang='grc' dir='ltr'>ὑπερῴῳ·</span> <span class='ocrx_word' id='word_1_430' title='bbox 780 3094 837 3141; x_wconf 89' lang='lat' dir='ltr'><strong>stus</strong></span> <span class='ocrx_word' id='word_1_431' title='bbox 850 3082 1011 3162; x_wconf 82' lang='lat' dir='ltr'><strong>mysterium</strong></span> <span class='ocrx_word' id='word_1_432' title='bbox 1030 3078 1113 3139; x_wconf 83' lang='lat' dir='ltr'><strong>tradit</strong></span> <span class='ocrx_word' id='word_1_433' title='bbox 1127 3078 1245 3138; x_wconf 88' lang='lat' dir='ltr'><strong>inhum1</strong></span> <span class='ocrx_word' id='word_1_434' title='bbox 1268 3077 1319 3136; x_wconf 92' lang='lat' dir='ltr'><strong>bus</strong></span> <span class='ocrx_word' id='word_1_435' title='bbox 1340 3076 1416 3155; x_wconf 77' lang='lat' dir='ltr'><strong>locis,</strong></span> <span class='ocrx_word' id='word_1_436' title='bbox 1432 3077 1479 3138; x_wconf 89' lang='lat' dir='ltr'><strong>sed</strong></span> <span class='ocrx_word' id='word_1_437' title='bbox 1497 3078 1527 3138; x_wconf 90' lang='lat' dir='ltr'><strong>in</strong></span> 
     </span>
     <span class='ocr_line' id='line_1_34' title="bbox 62 3149 1526 3243; baseline -0.001 -24"><span class='ocrx_word' id='word_1_438' title='bbox 62 3158 96 3241; x_wconf 78' lang='grc' dir='ltr'>ἀρ</span> <span class='ocrx_word' id='word_1_439' title='bbox 115 3160 248 3240; x_wconf 77' lang='grc' dir='ltr'>κατάγων</span> <span class='ocrx_word' id='word_1_440' title='bbox 260 3163 304 3222; x_wconf 74' lang='grc' dir='ltr'>ἐπὶ</span> <span class='ocrx_word' id='word_1_441' title='bbox 319 3163 444 3243; x_wconf 80' lang='grc' dir='ltr'>Χριστοῦ.</span> <span class='ocrx_word' id='word_1_442' title='bbox 455 3149 507 3222; x_wconf 65' lang='lat' dir='ltr'><strong>ab</strong></span> <span class='ocrx_word' id='word_1_443' title='bbox 518 3170 595 3224; x_wconf 83' lang='grc' dir='ltr'>τοῦτο</span> <span class='ocrx_word' id='word_1_444' title='bbox 619 3165 662 3226; x_wconf 73' lang='grc' dir='ltr'><strong>ότι</strong></span> <span class='ocrx_word' id='word_1_445' title='bbox 681 3170 727 3228; x_wconf 63' lang='grc' dir='ltr'>καὶ</span> <span class='ocrx_word' id='word_1_446' title='bbox 780 3160 926 3238; x_wconf 87' lang='lat' dir='ltr'><strong>montibus,</strong></span> <span class='ocrx_word' id='word_1_447' title='bbox 938 3174 987 3220; x_wconf 87' lang='lat' dir='ltr'><strong>aut</strong></span> <span class='ocrx_word' id='word_1_448' title='bbox 1000 3161 1027 3219; x_wconf 85' lang='lat' dir='ltr'><strong>in</strong></span> <span class='ocrx_word' id='word_1_449' title='bbox 1040 3157 1193 3219; x_wconf 85' lang='lat' dir='ltr'><strong>eoenaculo:</strong></span> <span class='ocrx_word' id='word_1_450' title='bbox 1207 3155 1278 3217; x_wconf 87' lang='lat' dir='ltr'><strong>nihil</strong></span> <span class='ocrx_word' id='word_1_451' title='bbox 1288 3154 1360 3215; x_wconf 88' lang='lat' dir='ltr'><strong>enim</strong></span> <span class='ocrx_word' id='word_1_452' title='bbox 1373 3157 1402 3215; x_wconf 92' lang='lat' dir='ltr'><strong>in</strong></span> <span class='ocrx_word' id='word_1_453' title='bbox 1417 3156 1526 3217; x_wconf 84' lang='lat' dir='ltr'><strong>Christo</strong></span> 
     </span>
     <span class='ocr_line' id='line_1_35' title="bbox 61 3236 1526 3323; baseline -0.002 -24"><span class='ocrx_word' id='word_1_454' title='bbox 61 3238 191 3320; x_wconf 78' lang='grc' dir='ltr'>ιφοίτησιν</span> <span class='ocrx_word' id='word_1_455' title='bbox 213 3241 335 3323; x_wconf 77' lang='grc' dir='ltr'>ἐδέχοντο</span> <span class='ocrx_word' id='word_1_456' title='bbox 361 3249 407 3302; x_wconf 79' lang='grc' dir='ltr'><strong>τοῦ</strong></span> <span class='ocrx_word' id='word_1_457' title='bbox 431 3242 506 3321; x_wconf 82' lang='grc' dir='ltr'>ἁγίου</span> <span class='ocrx_word' id='word_1_458' title='bbox 527 3244 681 3323; x_wconf 75' lang='grc' dir='ltr'>Πνεύμαςος</span> <span class='ocrx_word' id='word_1_459' title='bbox 701 3253 726 3308; x_wconf 76' lang='grc' dir='ltr'>οι</span> <span class='ocrx_word' id='word_1_460' title='bbox 780 3239 914 3299; x_wconf 88' lang='lat' dir='ltr'><strong>infimum.</strong></span> <span class='ocrx_word' id='word_1_461' title='bbox 934 3240 999 3301; x_wconf 89' lang='lat' dir='ltr'><strong>Ideo</strong></span> <span class='ocrx_word' id='word_1_462' title='bbox 1020 3260 1082 3298; x_wconf 87' lang='lat' dir='ltr'><strong>cum</strong></span> <span class='ocrx_word' id='word_1_463' title='bbox 1103 3236 1217 3319; x_wconf 83' lang='lat' dir='ltr'><strong>apostoli</strong></span> <span class='ocrx_word' id='word_1_464' title='bbox 1233 3236 1465 3316; x_wconf 82' lang='lat' dir='ltr'><strong>supervenientem</strong></span> <span class='ocrx_word' id='word_1_465' title='bbox 1481 3254 1526 3296; x_wconf 87' lang='lat' dir='ltr'><strong>ac·</strong></span> 
     </span>
     <span class='ocr_line' id='line_1_36' title="bbox 61 3310 1524 3407; baseline -0.001 -30"><span class='ocrx_word' id='word_1_466' title='bbox 61 3323 110 3393; x_wconf 86' lang='grc' dir='ltr'>λοι,</span> <span class='ocrx_word' id='word_1_467' title='bbox 121 3323 148 3378; x_wconf 80' lang='grc' dir='ltr'>ἐν</span> <span class='ocrx_word' id='word_1_468' title='bbox 163 3310 275 3403; x_wconf 70' lang='lat' dir='ltr'><strong>impubi</strong></span> <span class='ocrx_word' id='word_1_469' title='bbox 296 3312 364 3393; x_wconf 72' lang='grc' dir='ltr'>ἦσαν</span> <span class='ocrx_word' id='word_1_470' title='bbox 384 3323 553 3400; x_wconf 81' lang='grc' dir='ltr'>συνηγμένοι.</span> <span class='ocrx_word' id='word_1_471' title='bbox 570 3324 654 3398; x_wconf 85' lang='grc' dir='ltr'>Τότε,</span> <span class='ocrx_word' id='word_1_472' title='bbox 667 3350 725 3407; x_wconf 80' lang='grc' dir='ltr'>ρη-</span> <span class='ocrx_word' id='word_1_473' title='bbox 779 3333 907 3400; x_wconf 84' lang='lat' dir='ltr'><strong>cepemnt</strong></span> <span class='ocrx_word' id='word_1_474' title='bbox 925 3322 945 3381; x_wconf 89' lang='lat' dir='ltr'><strong>S</strong></span> <span class='ocrx_word' id='word_1_475' title='bbox 964 3319 1058 3380; x_wconf 84' lang='lat' dir='ltr'><strong>iritum</strong></span> <span class='ocrx_word' id='word_1_476' title='bbox 1076 3330 1209 3392; x_wconf 84' lang='lat' dir='ltr'><strong>sanctum,</strong></span> <span class='ocrx_word' id='word_1_477' title='bbox 1224 3314 1253 3374; x_wconf 93' lang='lat' dir='ltr'><strong>in</strong></span> <span class='ocrx_word' id='word_1_478' title='bbox 1265 3315 1400 3375; x_wconf 85' lang='lat' dir='ltr'><strong>coenaeulo</strong></span> <span class='ocrx_word' id='word_1_479' title='bbox 1414 3333 1524 3396; x_wconf 86' lang='lat' dir='ltr'><strong>congre-</strong></span> 
     </span>
     <span class='ocr_line' id='line_1_37' title="bbox 61 3343 1524 3487; baseline 0.001 -31"><span class='ocrx_word' id='word_1_480' title='bbox 61 3397 152 3459; x_wconf 84' lang='grc' dir='ltr'>ίστιιλε</span> <span class='ocrx_word' id='word_1_481' title='bbox 163 3399 209 3458; x_wconf 83' lang='grc' dir='ltr'><strong>δύο</strong></span> <span class='ocrx_word' id='word_1_482' title='bbox 221 3378 273 3460; x_wconf 70' lang='lat' dir='ltr'><strong>rbi</strong></span> <span class='ocrx_word' id='word_1_483' title='bbox 289 3405 415 3478; x_wconf 83' lang='grc' dir='ltr'>μαθητῶν</span> <span class='ocrx_word' id='word_1_484' title='bbox 429 3402 568 3478; x_wconf 77' lang='grc' dir='ltr'>ἑτοιμάσαι</span> <span class='ocrx_word' id='word_1_485' title='bbox 578 3404 609 3463; x_wconf 92' lang='grc' dir='ltr'><strong>τδ</strong></span> <span class='ocrx_word' id='word_1_486' title='bbox 621 3405 723 3487; x_wconf 78' lang='grc' dir='ltr'>πάσχα,</span> <span class='ocrx_word' id='word_1_487' title='bbox 779 3400 835 3477; x_wconf 80' lang='lat' dir='ltr'><strong>gati</strong></span> <span class='ocrx_word' id='word_1_488' title='bbox 844 3413 928 3460; x_wconf 83' lang='lat' dir='ltr'><strong>erant.</strong></span> <span class='ocrx_word' id='word_1_489' title='bbox 944 3343 1034 3470; x_wconf 65' lang='lat' dir='ltr'><strong>iunc,</strong></span> <span class='ocrx_word' id='word_1_490' title='bbox 1046 3397 1144 3476; x_wconf 89' lang='lat' dir='ltr'><strong>inquit,</strong></span> <span class='ocrx_word' id='word_1_491' title='bbox 1155 3399 1234 3486; x_wconf 75' lang='lat' dir='ltr'><strong>misit</strong></span> <span class='ocrx_word' id='word_1_492' title='bbox 1244 3395 1315 3486; x_wconf 75' lang='lat' dir='ltr'><strong>duos</strong></span> <span class='ocrx_word' id='word_1_493' title='bbox 1328 3417 1365 3454; x_wconf 81' lang='lat' dir='ltr'><strong>ex</strong></span> <span class='ocrx_word' id='word_1_494' title='bbox 1374 3397 1524 3476; x_wconf 80' lang='lat' dir='ltr'><strong>discipulis</strong></span> 
     </span>
     <span class='ocr_line' id='line_1_38' title="bbox 61 3470 1524 3560; baseline 0 -24"><span class='ocrx_word' id='word_1_495' title='bbox 61 3476 71 3536; x_wconf 86' lang='lat' dir='ltr'><strong>i</strong></span> <span class='ocrx_word' id='word_1_496' title='bbox 85 3470 152 3551; x_wconf 69' lang='grc' dir='ltr'>ἦσαν</span> <span class='ocrx_word' id='word_1_497' title='bbox 166 3470 251 3552; x_wconf 60' lang='lat' dir='ltr'><strong>ebron</strong></span> <span class='ocrx_word' id='word_1_498' title='bbox 264 3481 365 3560; x_wconf 85' lang='grc' dir='ltr'>Πέτρος</span> <span class='ocrx_word' id='word_1_499' title='bbox 376 3480 421 3539; x_wconf 82' lang='grc' dir='ltr'><strong>καί</strong></span> <span class='ocrx_word' id='word_1_500' title='bbox 435 3481 568 3553; x_wconf 82' lang='grc' dir='ltr'>Ἰωάννης.</span> <span class='ocrx_word' id='word_1_501' title='bbox 584 3484 635 3542; x_wconf 87' lang='grc' dir='ltr'><strong>Διά</strong></span> <span class='ocrx_word' id='word_1_502' title='bbox 650 3485 677 3543; x_wconf 93' lang='grc' dir='ltr'><strong>τί</strong></span> <span class='ocrx_word' id='word_1_503' title='bbox 696 3487 723 3546; x_wconf 72' lang='lat' dir='ltr'><strong>bl</strong></span> <span class='ocrx_word' id='word_1_504' title='bbox 778 3482 848 3552; x_wconf 87' lang='lat' dir='ltr'><strong>suis,</strong></span> <span class='ocrx_word' id='word_1_505' title='bbox 858 3492 889 3538; x_wconf 93' lang='lat' dir='ltr'><strong>ut</strong></span> <span class='ocrx_word' id='word_1_506' title='bbox 896 3492 1022 3560; x_wconf 85' lang='lat' dir='ltr'><strong>pararent</strong></span> <span class='ocrx_word' id='word_1_507' title='bbox 1033 3475 1145 3537; x_wconf 82' lang='lat' dir='ltr'><strong>Pascha.</strong></span> <span class='ocrx_word' id='word_1_508' title='bbox 1156 3476 1275 3547; x_wconf 80' lang='lat' dir='ltr'><strong>Quinam</strong></span> <span class='ocrx_word' id='word_1_509' title='bbox 1284 3474 1315 3533; x_wconf 86' lang='lat' dir='ltr'><strong>ht</strong></span> <span class='ocrx_word' id='word_1_510' title='bbox 1323 3475 1418 3534; x_wconf 76' lang='lat' dir='ltr'><strong>mant?</strong></span> <span class='ocrx_word' id='word_1_511' title='bbox 1428 3477 1524 3537; x_wconf 89' lang='lat' dir='ltr'><strong>Petrus</strong></span> 
     </span>
     <span class='ocr_line' id='line_1_39' title="bbox 61 3555 1523 3641; baseline -0.001 -23"><span class='ocrx_word' id='word_1_512' title='bbox 61 3557 103 3627; x_wconf 70' lang='lat' dir='ltr'><strong>ub&lt;</strong></span> <span class='ocrx_word' id='word_1_513' title='bbox 123 3558 225 3618; x_wconf 82' lang='grc' dir='ltr'>δώδεκα</span> <span class='ocrx_word' id='word_1_514' title='bbox 240 3559 341 3641; x_wconf 77' lang='grc' dir='ltr'>Πέτρον</span> <span class='ocrx_word' id='word_1_515' title='bbox 356 3560 401 3618; x_wconf 83' lang='grc' dir='ltr'><strong>καί</strong></span> <span class='ocrx_word' id='word_1_516' title='bbox 419 3560 544 3634; x_wconf 79' lang='grc' dir='ltr'>Ἰωάννην</span> <span class='ocrx_word' id='word_1_517' title='bbox 569 3564 722 3640; x_wconf 69' lang='grc' dir='ltr'>ἀπέστειλας</span> <span class='ocrx_word' id='word_1_518' title='bbox 778 3571 804 3616; x_wconf 86' lang='lat' dir='ltr'><strong>et</strong></span> <span class='ocrx_word' id='word_1_519' title='bbox 812 3560 936 3619; x_wconf 82' lang='lat' dir='ltr'><strong>loannes.</strong></span> <span class='ocrx_word' id='word_1_520' title='bbox 949 3559 1005 3618; x_wconf 88' lang='lat' dir='ltr'><strong>Gur</strong></span> <span class='ocrx_word' id='word_1_521' title='bbox 1016 3578 1050 3616; x_wconf 84' lang='lat' dir='ltr'><strong>ex</strong></span> <span class='ocrx_word' id='word_1_522' title='bbox 1061 3555 1206 3615; x_wconf 85' lang='lat' dir='ltr'><strong>duodecim</strong></span> <span class='ocrx_word' id='word_1_523' title='bbox 1225 3557 1335 3614; x_wconf 85' lang='lat' dir='ltr'><strong>Petrum</strong></span> <span class='ocrx_word' id='word_1_524' title='bbox 1351 3567 1379 3614; x_wconf 84' lang='lat' dir='ltr'><strong>et</strong></span> <span class='ocrx_word' id='word_1_525' title='bbox 1392 3557 1523 3616; x_wconf 80' lang='lat' dir='ltr'><strong>loannem</strong></span> 
     </span>
     <span class='ocr_line' id='line_1_40' title="bbox 61 3628 1672 3722; baseline 0.001 -26"><span class='ocrx_word' id='word_1_526' title='bbox 61 3628 93 3711; x_wconf 70' lang='grc' dir='ltr'>ἦν</span> <span class='ocrx_word' id='word_1_527' title='bbox 106 3643 121 3697; x_wconf 83' lang='grc' dir='ltr'>θ</span> <span class='ocrx_word' id='word_1_528' title='bbox 133 3639 307 3718; x_wconf 75' lang='grc' dir='ltr'>ὁμολογήσαι,</span> <span class='ocrx_word' id='word_1_529' title='bbox 319 3638 383 3699; x_wconf 86' lang='grc' dir='ltr'><strong>Ὅτι</strong></span> <span class='ocrx_word' id='word_1_530' title='bbox 396 3638 429 3700; x_wconf 82' lang='grc' dir='ltr'>σθ</span> <span class='ocrx_word' id='word_1_531' title='bbox 441 3629 487 3698; x_wconf 67' lang='lat' dir='ltr'><strong>alt</strong></span> <span class='ocrx_word' id='word_1_532' title='bbox 501 3641 624 3722; x_wconf 82' lang='grc' dir='ltr'>Χριστὸς,</span> <span class='ocrx_word' id='word_1_533' title='bbox 636 3645 723 3716; x_wconf 64' lang='lat' dir='ltr'><strong>olibe</strong></span> <span class='ocrx_word' id='word_1_534' title='bbox 740 3666 758 3714; x_wconf 87' lang='lat' dir='ltr'>B</span> <span class='ocrx_word' id='word_1_535' title='bbox 777 3636 870 3697; x_wconf 81' lang='lat' dir='ltr'><strong>misit?</strong></span> <span class='ocrx_word' id='word_1_536' title='bbox 883 3641 981 3698; x_wconf 85' lang='lat' dir='ltr'><strong>Petrus</strong></span> <span class='ocrx_word' id='word_1_537' title='bbox 997 3651 1052 3697; x_wconf 87' lang='lat' dir='ltr'><strong>erat</strong></span> <span class='ocrx_word' id='word_1_538' title='bbox 1065 3634 1114 3715; x_wconf 91' lang='lat' dir='ltr'><strong>qui</strong></span> <span class='ocrx_word' id='word_1_539' title='bbox 1135 3635 1269 3694; x_wconf 81' lang='lat' dir='ltr'><strong>consessus</strong></span> <span class='ocrx_word' id='word_1_540' title='bbox 1282 3634 1381 3712; x_wconf 88' lang='lat' dir='ltr'><strong>suerat,</strong></span> <span class='ocrx_word' id='word_1_541' title='bbox 1400 3637 1480 3714; x_wconf 75' lang='lat' dir='ltr'><strong>Quia</strong></span> <span class='ocrx_word' id='word_1_542' title='bbox 1490 3650 1521 3696; x_wconf 90' lang='lat' dir='ltr'><strong>tu</strong></span> <span class='ocrx_word' id='word_1_543' title='bbox 1531 3666 1617 3713; x_wconf 54' lang='lat' dir='ltr'><strong>Mam„</strong></span> <span class='ocrx_word' id='word_1_544' title='bbox 1635 3669 1672 3716; x_wconf 61' lang='lat'><strong>25,</strong></span> 
     </span>
     <span class='ocr_line' id='line_1_41' title="bbox 61 3716 1569 3805; baseline -0.003 -29"><span class='ocrx_word' id='word_1_545' title='bbox 61 3722 83 3776; x_wconf 78' lang='lat' dir='ltr'><strong>ii</strong></span> <span class='ocrx_word' id='word_1_546' title='bbox 95 3725 140 3777; x_wconf 83' lang='grc' dir='ltr'><strong>τοῦ</strong></span> <span class='ocrx_word' id='word_1_547' title='bbox 156 3721 264 3786; x_wconf 81' lang='grc' dir='ltr'>ζῶντος·</span> <span class='ocrx_word' id='word_1_548' title='bbox 276 3718 400 3792; x_wconf 86' lang='grc' dir='ltr'>Ἰωάννης</span> <span class='ocrx_word' id='word_1_549' title='bbox 418 3718 446 3779; x_wconf 76' lang='grc' dir='ltr'><strong>δέ</strong></span> <span class='ocrx_word' id='word_1_550' title='bbox 464 3719 479 3778; x_wconf 89' lang='grc' dir='ltr'>ί</span> <span class='ocrx_word' id='word_1_551' title='bbox 513 3723 559 3782; x_wconf 86' lang='grc' dir='ltr'><strong>λλε</strong></span> <span class='ocrx_word' id='word_1_552' title='bbox 581 3724 720 3805; x_wconf 82' lang='grc' dir='ltr'>κηρύττειν</span> <span class='ocrx_word' id='word_1_553' title='bbox 776 3738 806 3778; x_wconf 84' lang='lat' dir='ltr'><strong>es</strong></span> <span class='ocrx_word' id='word_1_554' title='bbox 817 3720 951 3779; x_wconf 74' lang='lat' dir='ltr'><strong>Christus</strong></span> <span class='ocrx_word' id='word_1_555' title='bbox 963 3719 1061 3779; x_wconf 79' lang='lat' dir='ltr'><strong>Filius</strong></span> <span class='ocrx_word' id='word_1_556' title='bbox 1075 3718 1134 3774; x_wconf 87' lang='lat' dir='ltr'><strong>Dei</strong></span> <span class='ocrx_word' id='word_1_557' title='bbox 1153 3717 1217 3775; x_wconf 81' lang='lat' dir='ltr'><strong>vivi</strong></span> <span class='ocrx_word' id='word_1_558' title='bbox 1229 3738 1237 3769; x_wconf 92' lang='grc'><strong>.·</strong></span> <span class='ocrx_word' id='word_1_559' title='bbox 1248 3716 1363 3775; x_wconf 78' lang='lat' dir='ltr'><strong>loannes</strong></span> <span class='ocrx_word' id='word_1_560' title='bbox 1372 3735 1437 3773; x_wconf 85' lang='lat' dir='ltr'><strong>vero</strong></span> <span class='ocrx_word' id='word_1_561' title='bbox 1451 3737 1520 3796; x_wconf 83' lang='lat' dir='ltr'><strong>prae-</strong></span> <span class='ocrx_word' id='word_1_562' title='bbox 1533 3741 1569 3788; x_wconf 88' lang='lat'><strong>¹7·</strong></span> 
     </span>
     <span class='ocr_line' id='line_1_42' title="bbox 72 3789 1670 3885; baseline 0.001 -31"><span class='ocrx_word' id='word_1_563' title='bbox 72 3799 142 3878; x_wconf 81' lang='grc' dir='ltr'>ἀρχῇ</span> <span class='ocrx_word' id='word_1_564' title='bbox 164 3789 196 3870; x_wconf 64' lang='grc' dir='ltr'>ἦν</span> <span class='ocrx_word' id='word_1_565' title='bbox 211 3802 224 3857; x_wconf 84' lang='grc' dir='ltr'>ό</span> <span class='ocrx_word' id='word_1_566' title='bbox 240 3799 336 3876; x_wconf 83' lang='grc' dir='ltr'>Λόγος,</span> <span class='ocrx_word' id='word_1_567' title='bbox 350 3800 424 3858; x_wconf 82' lang='grc' dir='ltr'>καλό</span> <span class='ocrx_word' id='word_1_568' title='bbox 444 3803 527 3880; x_wconf 72' lang='grc' dir='ltr'>,λόγος</span> <span class='ocrx_word' id='word_1_569' title='bbox 547 3794 579 3875; x_wconf 70' lang='grc' dir='ltr'>ἦν</span> <span class='ocrx_word' id='word_1_570' title='bbox 594 3805 660 3885; x_wconf 76' lang='grc' dir='ltr'>πρὸς</span> <span class='ocrx_word' id='word_1_571' title='bbox 675 3804 719 3866; x_wconf 66' lang='grc' dir='ltr'><strong>τὸν</strong></span> <span class='ocrx_word' id='word_1_572' title='bbox 774 3794 914 3858; x_wconf 80' lang='lat' dir='ltr'><strong>dicaturus</strong></span> <span class='ocrx_word' id='word_1_573' title='bbox 941 3811 1007 3875; x_wconf 87' lang='lat' dir='ltr'><strong>erat,</strong></span> <span class='ocrx_word' id='word_1_574' title='bbox 1031 3799 1067 3854; x_wconf 89' lang='lat' dir='ltr'><strong>ln</strong></span> <span class='ocrx_word' id='word_1_575' title='bbox 1106 3797 1229 3872; x_wconf 86' lang='lat' dir='ltr'><strong>rincipio</strong></span> <span class='ocrx_word' id='word_1_576' title='bbox 1253 3806 1316 3851; x_wconf 84' lang='lat' dir='ltr'><strong>erat</strong></span> <span class='ocrx_word' id='word_1_577' title='bbox 1339 3794 1670 3875; x_wconf 50' lang='lat' dir='ltr'><strong>lscrlrum,et10m‚.1,¹¹</strong></span> 
     </span>
     <span class='ocr_line' id='line_1_43' title="bbox 61 3868 1517 3963; baseline 0.003 -34"><span class='ocrx_word' id='word_1_578' title='bbox 61 3878 96 3936; x_wconf 77' lang='grc' dir='ltr'><strong>ναί</strong></span> <span class='ocrx_word' id='word_1_579' title='bbox 109 3879 175 3944; x_wconf 68' lang='grc' dir='ltr'>Θεὸς</span> <span class='ocrx_word' id='word_1_580' title='bbox 196 3868 260 3949; x_wconf 69' lang='grc' dir='ltr'><strong>ἦνὸ</strong></span> <span class='ocrx_word' id='word_1_581' title='bbox 281 3877 375 3958; x_wconf 80' lang='grc' dir='ltr'>Λόγος,</span> <span class='ocrx_word' id='word_1_582' title='bbox 392 3879 558 3940; x_wconf 47' lang='lat' dir='ltr'><strong>atrocem„</strong></span> <span class='ocrx_word' id='word_1_583' title='bbox 573 3884 617 3943; x_wconf 64' lang='grc' dir='ltr'><strong>τὸν</strong></span> <span class='ocrx_word' id='word_1_584' title='bbox 640 3885 718 3963; x_wconf 68' lang='grc' dir='ltr'>ονμζ.</span> <span class='ocrx_word' id='word_1_585' title='bbox 776 3879 901 3937; x_wconf 84' lang='lat' dir='ltr'><strong>Verbum</strong></span> <span class='ocrx_word' id='word_1_586' title='bbox 909 3890 973 3935; x_wconf 85' lang='lat' dir='ltr'><strong>erat</strong></span> <span class='ocrx_word' id='word_1_587' title='bbox 983 3876 1063 3956; x_wconf 81' lang='lat' dir='ltr'><strong>apud</strong></span> <span class='ocrx_word' id='word_1_588' title='bbox 1100 3894 1175 3944; x_wconf 87' lang='lat' dir='ltr'><strong>eum,</strong></span> <span class='ocrx_word' id='word_1_589' title='bbox 1183 3885 1211 3930; x_wconf 87' lang='lat' dir='ltr'><strong>et</strong></span> <span class='ocrx_word' id='word_1_590' title='bbox 1220 3873 1301 3929; x_wconf 87' lang='lat' dir='ltr'><strong>Deus</strong></span> <span class='ocrx_word' id='word_1_591' title='bbox 1311 3885 1374 3930; x_wconf 84' lang='lat' dir='ltr'><strong>erat</strong></span> <span class='ocrx_word' id='word_1_592' title='bbox 1383 3875 1517 3933; x_wconf 87' lang='lat' dir='ltr'><strong>Verbum.</strong></span> 
     </span>
     <span class='ocr_line' id='line_1_44' title="bbox 60 3950 1518 4040; baseline 0.001 -29"><span class='ocrx_word' id='word_1_593' title='bbox 60 3955 213 4032; x_wconf 76' lang='grc' dir='ltr'>ςνιίστεως,</span> <span class='ocrx_word' id='word_1_594' title='bbox 223 3958 269 4017; x_wconf 78' lang='grc' dir='ltr'>καὶ</span> <span class='ocrx_word' id='word_1_595' title='bbox 289 3958 333 4018; x_wconf 74' lang='grc' dir='ltr'><strong>τὸν</strong></span> <span class='ocrx_word' id='word_1_596' title='bbox 348 3959 403 4018; x_wconf 82' lang='grc' dir='ltr'>υἱὸν</span> <span class='ocrx_word' id='word_1_597' title='bbox 418 3962 465 4028; x_wconf 78' lang='grc' dir='ltr'><strong>τῆς</strong></span> <span class='ocrx_word' id='word_1_598' title='bbox 489 3965 615 4040; x_wconf 75' lang='grc' dir='ltr'>βροντῆς,</span> <span class='ocrx_word' id='word_1_599' title='bbox 634 3961 677 4023; x_wconf 70' lang='grc' dir='ltr'>ἵνα</span> <span class='ocrx_word' id='word_1_600' title='bbox 690 3967 717 4024; x_wconf 68' lang='grc' dir='ltr'><strong>εν</strong></span> <span class='ocrx_word' id='word_1_601' title='bbox 771 3957 861 4015; x_wconf 88' lang='lat' dir='ltr'><strong>Mittit</strong></span> <span class='ocrx_word' id='word_1_602' title='bbox 873 3954 1079 4015; x_wconf 82' lang='lat' dir='ltr'><strong>fundamentum</strong></span> <span class='ocrx_word' id='word_1_603' title='bbox 1100 3951 1177 4028; x_wconf 87' lang='lat' dir='ltr'><strong>fidei,</strong></span> <span class='ocrx_word' id='word_1_604' title='bbox 1194 3964 1221 4009; x_wconf 87' lang='lat' dir='ltr'><strong>et</strong></span> <span class='ocrx_word' id='word_1_605' title='bbox 1237 3950 1329 4036; x_wconf 16' lang='lat' dir='ltr'><strong>,filium</strong></span> <span class='ocrx_word' id='word_1_606' title='bbox 1344 3951 1471 4027; x_wconf 74' lang='lat' dir='ltr'><strong>tonitrui,</strong></span> <span class='ocrx_word' id='word_1_607' title='bbox 1488 3967 1518 4013; x_wconf 95' lang='lat' dir='ltr'><strong>ut</strong></span> 
     </span>
     <span class='ocr_line' id='line_1_45' title="bbox 64 4030 1518 4123; baseline -0.006 -23"><span class='ocrx_word' id='word_1_608' title='bbox 64 4036 175 4117; x_wconf 77' lang='grc' dir='ltr'>θεμελίῳ</span> <span class='ocrx_word' id='word_1_609' title='bbox 188 4037 259 4116; x_wconf 71' lang='grc' dir='ltr'>πήξῃ</span> <span class='ocrx_word' id='word_1_610' title='bbox 274 4036 304 4096; x_wconf 76' lang='grc' dir='ltr'><strong>τὸ</strong></span> <span class='ocrx_word' id='word_1_611' title='bbox 317 4042 366 4109; x_wconf 64' lang='grc' dir='ltr'><strong>τῆς</strong></span> <span class='ocrx_word' id='word_1_612' title='bbox 378 4038 512 4107; x_wconf 80' lang='grc' dir='ltr'>εὐσεόείαι</span> <span class='ocrx_word' id='word_1_613' title='bbox 526 4042 679 4123; x_wconf 63' lang='grc' dir='ltr'>μυστήριον,</span> <span class='ocrx_word' id='word_1_614' title='bbox 690 4046 717 4102; x_wconf 81' lang='grc' dir='ltr'>ἐν</span> <span class='ocrx_word' id='word_1_615' title='bbox 771 4034 800 4094; x_wconf 88' lang='lat' dir='ltr'><strong>iu</strong></span> <span class='ocrx_word' id='word_1_616' title='bbox 817 4035 990 4096; x_wconf 82' lang='lat' dir='ltr'><strong>fundamento</strong></span> <span class='ocrx_word' id='word_1_617' title='bbox 1011 4032 1119 4115; x_wconf 82' lang='lat' dir='ltr'><strong>pietatis</strong></span> <span class='ocrx_word' id='word_1_618' title='bbox 1140 4030 1300 4112; x_wconf 83' lang='lat' dir='ltr'><strong>mysterium</strong></span> <span class='ocrx_word' id='word_1_619' title='bbox 1322 4030 1426 4110; x_wconf 83' lang='lat' dir='ltr'><strong>figeret,</strong></span> <span class='ocrx_word' id='word_1_620' title='bbox 1441 4045 1468 4091; x_wconf 90' lang='lat' dir='ltr'><strong>et</strong></span> <span class='ocrx_word' id='word_1_621' title='bbox 1488 4032 1518 4109; x_wconf 83' lang='lat' dir='ltr'><strong>in</strong></span> 
     </span>
     <span class='ocr_line' id='line_1_46' title="bbox 61 4109 1517 4201; baseline 0.001 -32"><span class='ocrx_word' id='word_1_622' title='bbox 61 4120 145 4197; x_wconf 72' lang='grc' dir='ltr'>ῷςῆς</span> <span class='ocrx_word' id='word_1_623' title='bbox 158 4121 267 4197; x_wconf 79' lang='grc' dir='ltr'>βροντῆς</span> <span class='ocrx_word' id='word_1_624' title='bbox 289 4118 410 4198; x_wconf 49' lang='lat' dir='ltr'><strong>simpulum</strong></span> <span class='ocrx_word' id='word_1_625' title='bbox 426 4116 460 4177; x_wconf 71' lang='grc' dir='ltr'><strong>τὰ</strong></span> <span class='ocrx_word' id='word_1_626' title='bbox 480 4125 529 4192; x_wconf 79' lang='grc' dir='ltr'><strong>τῆς</strong></span> <span class='ocrx_word' id='word_1_627' title='bbox 551 4120 718 4194; x_wconf 50' lang='lat' dir='ltr'><strong>&amp;erasmum</strong></span> <span class='ocrx_word' id='word_1_628' title='bbox 773 4114 830 4174; x_wconf 83' lang='lat' dir='ltr'><strong>lilio</strong></span> <span class='ocrx_word' id='word_1_629' title='bbox 839 4115 953 4176; x_wconf 86' lang='lat' dir='ltr'><strong>tonitrui</strong></span> <span class='ocrx_word' id='word_1_630' title='bbox 960 4112 1073 4194; x_wconf 65' lang='lat' dir='ltr'><strong>justitiae</strong></span> <span class='ocrx_word' id='word_1_631' title='bbox 1083 4124 1214 4201; x_wconf 77' lang='lat' dir='ltr'><strong>precepta</strong></span> <span class='ocrx_word' id='word_1_632' title='bbox 1225 4109 1399 4189; x_wconf 80' lang='lat' dir='ltr'><strong>fulgurarent.</strong></span> <span class='ocrx_word' id='word_1_633' title='bbox 1412 4112 1517 4171; x_wconf 80' lang='lat' dir='ltr'><strong>Rursus</strong></span> 
     </span>
     <span class='ocr_line' id='line_1_47' title="bbox 61 4189 1515 4279; baseline 0.001 -29"><span class='ocrx_word' id='word_1_634' title='bbox 61 4219 108 4256; x_wconf 76' lang='grc' dir='ltr'>ιτα,</span> <span class='ocrx_word' id='word_1_635' title='bbox 126 4198 213 4256; x_wconf 79' lang='grc' dir='ltr'>Πάλιν</span> <span class='ocrx_word' id='word_1_636' title='bbox 225 4196 268 4256; x_wconf 76' lang='grc' dir='ltr'>διὰ</span> <span class='ocrx_word' id='word_1_637' title='bbox 283 4196 310 4254; x_wconf 94' lang='grc' dir='ltr'><strong>τί</strong></span> <span class='ocrx_word' id='word_1_638' title='bbox 329 4199 430 4279; x_wconf 78' lang='grc' dir='ltr'>Πέτρον</span> <span class='ocrx_word' id='word_1_639' title='bbox 446 4200 492 4258; x_wconf 77' lang='grc' dir='ltr'>κοιλ</span> <span class='ocrx_word' id='word_1_640' title='bbox 513 4197 639 4273; x_wconf 80' lang='grc' dir='ltr'>Ἰωάννην</span> <span class='ocrx_word' id='word_1_641' title='bbox 652 4206 718 4263; x_wconf 68' lang='grc' dir='ltr'>ἀνω.</span> <span class='ocrx_word' id='word_1_642' title='bbox 772 4216 820 4273; x_wconf 74' lang='lat' dir='ltr'><strong>cur</strong></span> <span class='ocrx_word' id='word_1_643' title='bbox 833 4199 943 4257; x_wconf 86' lang='lat' dir='ltr'><strong>Petrum</strong></span> <span class='ocrx_word' id='word_1_644' title='bbox 955 4209 981 4253; x_wconf 87' lang='lat' dir='ltr'><strong>et</strong></span> <span class='ocrx_word' id='word_1_645' title='bbox 992 4196 1123 4256; x_wconf 83' lang='lat' dir='ltr'><strong>loannem</strong></span> <span class='ocrx_word' id='word_1_646' title='bbox 1136 4189 1237 4250; x_wconf 78' lang='lat' dir='ltr'><strong>mittit?</strong></span> <span class='ocrx_word' id='word_1_647' title='bbox 1252 4191 1291 4248; x_wconf 92' lang='lat' dir='ltr'><strong>Ut</strong></span> <span class='ocrx_word' id='word_1_648' title='bbox 1305 4189 1453 4249; x_wconf 86' lang='lat' dir='ltr'><strong>ostenderet</strong></span> <span class='ocrx_word' id='word_1_649' title='bbox 1466 4191 1515 4252; x_wconf 93' lang='lat' dir='ltr'><strong>bo·</strong></span> 
     </span>
     <span class='ocr_line' id='line_1_48' title="bbox 61 4268 1512 4360; baseline -0.003 -25"><span class='ocrx_word' id='word_1_650' title='bbox 61 4273 136 4347; x_wconf 73' lang='lat' dir='ltr'><strong>;“lve</strong></span> <span class='ocrx_word' id='word_1_651' title='bbox 154 4277 316 4357; x_wconf 84' lang='grc' dir='ltr'>δειχθῇ,ότι</span> <span class='ocrx_word' id='word_1_652' title='bbox 337 4278 382 4336; x_wconf 82' lang='grc' dir='ltr'><strong>καί</strong></span> <span class='ocrx_word' id='word_1_653' title='bbox 403 4283 451 4350; x_wconf 76' lang='grc' dir='ltr'><strong>τῆς</strong></span> <span class='ocrx_word' id='word_1_654' title='bbox 472 4281 653 4360; x_wconf 78' lang='grc' dir='ltr'>σεμνογαμίας</span> <span class='ocrx_word' id='word_1_655' title='bbox 672 4283 718 4344; x_wconf 74' lang='grc' dir='ltr'>καὶ</span> <span class='ocrx_word' id='word_1_656' title='bbox 773 4275 902 4336; x_wconf 86' lang='lat' dir='ltr'><strong>norabilis</strong></span> <span class='ocrx_word' id='word_1_657' title='bbox 912 4273 1031 4354; x_wconf 80' lang='lat' dir='ltr'><strong>conjugii</strong></span> <span class='ocrx_word' id='word_1_658' title='bbox 1045 4287 1071 4332; x_wconf 93' lang='lat' dir='ltr'><strong>et</strong></span> <span class='ocrx_word' id='word_1_659' title='bbox 1084 4269 1251 4350; x_wconf 84' lang='lat' dir='ltr'><strong>virginitatis</strong></span> <span class='ocrx_word' id='word_1_660' title='bbox 1263 4268 1365 4358; x_wconf 84' lang='lat' dir='ltr'><strong>donum</strong></span> <span class='ocrx_word' id='word_1_661' title='bbox 1378 4270 1497 4350; x_wconf 86' lang='lat' dir='ltr'><strong>expandi</strong></span> <span class='ocrx_word' id='word_1_662' title='bbox 1502 4295 1512 4350; x_wconf 61' lang='grc' dir='ltr'>γ</span> 
     </span>
     <span class='ocr_line' id='line_1_49' title="bbox 61 4348 1514 4438; baseline 0.008 -25"><span class='ocrx_word' id='word_1_663' title='bbox 61 4356 149 4422; x_wconf 82' lang='grc' dir='ltr'>ιθενίας</span> <span class='ocrx_word' id='word_1_664' title='bbox 159 4357 282 4429; x_wconf 79' lang='grc' dir='ltr'>ἥπλωται</span> <span class='ocrx_word' id='word_1_665' title='bbox 296 4356 327 4415; x_wconf 80' lang='lat' dir='ltr'><strong>rb</strong></span> <span class='ocrx_word' id='word_1_666' title='bbox 345 4359 437 4437; x_wconf 80' lang='grc' dir='ltr'>δῶρον,</span> <span class='ocrx_word' id='word_1_667' title='bbox 457 4359 502 4418; x_wconf 83' lang='grc' dir='ltr'><strong>καὶ</strong></span> <span class='ocrx_word' id='word_1_668' title='bbox 525 4359 641 4438; x_wconf 89' lang='grc' dir='ltr'>γίνονται</span> <span class='ocrx_word' id='word_1_669' title='bbox 657 4386 717 4423; x_wconf 78' lang='lat' dir='ltr'><strong>uot—</strong></span> <span class='ocrx_word' id='word_1_670' title='bbox 771 4368 797 4415; x_wconf 72' lang='grc' dir='ltr'><strong>θί</strong></span> <span class='ocrx_word' id='word_1_671' title='bbox 817 4356 926 4416; x_wconf 76' lang='lat' dir='ltr'><strong>Pascha</strong></span> <span class='ocrx_word' id='word_1_672' title='bbox 941 4366 1076 4429; x_wconf 65' lang='grc' dir='ltr'><strong>601λὸθηῦ</strong></span> <span class='ocrx_word' id='word_1_673' title='bbox 1097 4372 1152 4412; x_wconf 66' lang='lat'><strong>0⁵⁵0</strong></span> <span class='ocrx_word' id='word_1_674' title='bbox 1166 4363 1220 4409; x_wconf 74' lang='lat'><strong>¹³⁰¹</strong></span> <span class='ocrx_word' id='word_1_675' title='bbox 1237 4348 1406 4408; x_wconf 69' lang='lat' dir='ltr'><strong>h⁰n⁰s³b¹l⁰⁵</strong></span> <span class='ocrx_word' id='word_1_676' title='bbox 1420 4351 1514 4431; x_wconf 74' lang='lat' dir='ltr'><strong>⁰⁰¹¹l11·</strong></span> 
     </span>
     <span class='ocr_line' id='line_1_50' title="bbox 61 4428 1514 4522; baseline -0.003 -28"><span class='ocrx_word' id='word_1_677' title='bbox 61 4440 87 4495; x_wconf 82' lang='grc' dir='ltr'><strong>οῦ</strong></span> <span class='ocrx_word' id='word_1_678' title='bbox 110 4435 204 4516; x_wconf 84' lang='grc' dir='ltr'>πάσχα</span> <span class='ocrx_word' id='word_1_679' title='bbox 219 4437 265 4495; x_wconf 87' lang='grc' dir='ltr'><strong>καλ</strong></span> <span class='ocrx_word' id='word_1_680' title='bbox 284 4437 309 4496; x_wconf 83' lang='grc' dir='ltr'><strong>οἱ</strong></span> <span class='ocrx_word' id='word_1_681' title='bbox 331 4438 358 4496; x_wconf 80' lang='lat' dir='ltr'><strong>lu</strong></span> <span class='ocrx_word' id='word_1_682' title='bbox 378 4438 559 4518; x_wconf 80' lang='grc' dir='ltr'>σεμνογαμία,</span> <span class='ocrx_word' id='word_1_683' title='bbox 582 4441 627 4500; x_wconf 75' lang='grc' dir='ltr'><strong>χαλ</strong></span> <span class='ocrx_word' id='word_1_684' title='bbox 645 4446 668 4501; x_wconf 77' lang='grc' dir='ltr'><strong>οῖ</strong></span> <span class='ocrx_word' id='word_1_685' title='bbox 690 4444 718 4502; x_wconf 72' lang='grc' dir='ltr'>ἐν</span> <span class='ocrx_word' id='word_1_686' title='bbox 771 4449 857 4515; x_wconf 85' lang='lat' dir='ltr'><strong>gatos,</strong></span> <span class='ocrx_word' id='word_1_687' title='bbox 868 4456 949 4514; x_wconf 81' lang='lat' dir='ltr'><strong>quam</strong></span> <span class='ocrx_word' id='word_1_688' title='bbox 961 4433 1091 4513; x_wconf 85' lang='lat' dir='ltr'><strong>virgines,</strong></span> <span class='ocrx_word' id='word_1_689' title='bbox 1104 4431 1208 4490; x_wconf 86' lang='lat' dir='ltr'><strong>sirecte</strong></span> <span class='ocrx_word' id='word_1_690' title='bbox 1221 4428 1324 4521; x_wconf 66' lang='lat' dir='ltr'><strong>piuant.</strong></span> <span class='ocrx_word' id='word_1_691' title='bbox 1339 4428 1415 4488; x_wconf 87' lang='lat' dir='ltr'><strong>Misit</strong></span> <span class='ocrx_word' id='word_1_692' title='bbox 1428 4430 1514 4522; x_wconf 81' lang='lat' dir='ltr'><strong>virgi-</strong></span> 
     </span>
     <span class='ocr_line' id='line_1_51' title="bbox 61 4509 1515 4600; baseline -0.003 -26"><span class='ocrx_word' id='word_1_693' title='bbox 61 4537 73 4594; x_wconf 72' lang='grc' dir='ltr'>γ</span> <span class='ocrx_word' id='word_1_694' title='bbox 92 4519 179 4582; x_wconf 78' lang='grc' dir='ltr'>καλῶς</span> <span class='ocrx_word' id='word_1_695' title='bbox 200 4520 303 4585; x_wconf 80' lang='grc' dir='ltr'>ζῶντες.</span> <span class='ocrx_word' id='word_1_696' title='bbox 321 4514 489 4578; x_wconf 78' lang='grc' dir='ltr'>Ἀποστόλλει</span> <span class='ocrx_word' id='word_1_697' title='bbox 512 4520 655 4600; x_wconf 82' lang='grc' dir='ltr'>παρθενίαν</span> <span class='ocrx_word' id='word_1_698' title='bbox 667 4523 718 4582; x_wconf 54' lang='grc' dir='ltr'>’καί</span> <span class='ocrx_word' id='word_1_699' title='bbox 772 4515 882 4575; x_wconf 85' lang='lat' dir='ltr'><strong>nitatem</strong></span> <span class='ocrx_word' id='word_1_700' title='bbox 899 4528 926 4575; x_wconf 88' lang='lat' dir='ltr'><strong>et</strong></span> <span class='ocrx_word' id='word_1_701' title='bbox 944 4511 1102 4575; x_wconf 90' lang='lat' dir='ltr'><strong>honorabile</strong></span> <span class='ocrx_word' id='word_1_702' title='bbox 1121 4509 1291 4590; x_wconf 75' lang='lat' dir='ltr'><strong>eonjugium,</strong></span> <span class='ocrx_word' id='word_1_703' title='bbox 1303 4521 1334 4566; x_wconf 94' lang='lat' dir='ltr'><strong>ut</strong></span> <span class='ocrx_word' id='word_1_704' title='bbox 1347 4523 1441 4588; x_wconf 82' lang='lat' dir='ltr'><strong>parent</strong></span> <span class='ocrx_word' id='word_1_705' title='bbox 1461 4510 1515 4569; x_wconf 77' lang='lat' dir='ltr'><strong>sibi</strong></span> 
     </span>
    </p>
   </div>
   <div class='ocr_carea' id='block_1_3' title="bbox 63 4586 1513 4728">
    <p class='ocr_par' dir='ltr' id='par_1_5' title="bbox 63 4586 1513 4728">
     <span class='ocr_line' id='line_1_52' title="bbox 63 4586 1513 4728; baseline -0.003 -76"><span class='ocrx_word' id='word_1_706' title='bbox 63 4593 126 4672; x_wconf 87' lang='grc' dir='ltr'>μίαν</span> <span class='ocrx_word' id='word_1_707' title='bbox 146 4595 285 4673; x_wconf 71' lang='grc' dir='ltr'>ἑτοιμάσαι</span> <span class='ocrx_word' id='word_1_708' title='bbox 304 4599 376 4677; x_wconf 77' lang='grc' dir='ltr'>αὐτῷ</span> <span class='ocrx_word' id='word_1_709' title='bbox 396 4597 426 4656; x_wconf 82' lang='grc' dir='ltr'><strong>τὸ</strong></span> <span class='ocrx_word' id='word_1_710' title='bbox 448 4596 557 4678; x_wconf 87' lang='grc' dir='ltr'>πάσχα·</span> <span class='ocrx_word' id='word_1_711' title='bbox 574 4598 665 4679; x_wconf 76' lang='grc' dir='ltr'>ὥσπερ</span> <span class='ocrx_word' id='word_1_712' title='bbox 689 4605 716 4663; x_wconf 83' lang='grc' dir='ltr'>έν</span> <span class='ocrx_word' id='word_1_713' title='bbox 772 4595 892 4656; x_wconf 83' lang='lat' dir='ltr'><strong>Pascha:</strong></span> <span class='ocrx_word' id='word_1_714' title='bbox 905 4608 936 4654; x_wconf 90' lang='lat' dir='ltr'><strong>ut</strong></span> <span class='ocrx_word' id='word_1_715' title='bbox 949 4594 978 4653; x_wconf 91' lang='lat' dir='ltr'><strong>in</strong></span> <span class='ocrx_word' id='word_1_716' title='bbox 991 4605 1081 4652; x_wconf 87' lang='lat' dir='ltr'><strong>monte</strong></span> <span class='ocrx_word' id='word_1_717' title='bbox 1099 4592 1214 4728; x_wconf 65' lang='lat' dir='ltr'><strong>ltloqsen</strong></span> <span class='ocrx_word' id='word_1_718' title='bbox 1226 4602 1252 4647; x_wconf 87' lang='lat' dir='ltr'><strong>et</strong></span> <span class='ocrx_word' id='word_1_719' title='bbox 1266 4586 1357 4647; x_wconf 79' lang='lat' dir='ltr'><strong>Elium</strong></span> <span class='ocrx_word' id='word_1_720' title='bbox 1377 4588 1513 4665; x_wconf 80' lang='lat' dir='ltr'><strong>exhibuit,</strong></span> 
     </span>
    </p>
   </div>
   <div class='ocr_carea' id='block_1_4' title="bbox 61 4666 1625 5075">
    <p class='ocr_par' dir='ltr' id='par_1_6' title="bbox 61 4666 1625 5075">
     <span class='ocr_line' id='line_1_53' title="bbox 61 4666 1566 4759; baseline -0.006 -24"><span class='ocrx_word' id='word_1_721' title='bbox 61 4676 179 4746; x_wconf 66' lang='lat' dir='ltr'><strong>Murem</strong></span> <span class='ocrx_word' id='word_1_722' title='bbox 192 4674 343 4736; x_wconf 84' lang='grc' dir='ltr'>καλἨλίαν</span> <span class='ocrx_word' id='word_1_723' title='bbox 357 4675 525 4759; x_wconf 89' lang='grc' dir='ltr'>παρέστησε,</span> <span class='ocrx_word' id='word_1_724' title='bbox 539 4678 584 4738; x_wconf 85' lang='grc' dir='ltr'><strong>τόν</strong></span> <span class='ocrx_word' id='word_1_725' title='bbox 600 4680 648 4758; x_wconf 73' lang='grc' dir='ltr'>μὲν</span> <span class='ocrx_word' id='word_1_726' title='bbox 665 4681 718 4743; x_wconf 87' lang='grc' dir='ltr'><strong>ἀπδ</strong></span> <span class='ocrx_word' id='word_1_727' title='bbox 772 4694 887 4752; x_wconf 88' lang='lat' dir='ltr'><strong>quorum</strong></span> <span class='ocrx_word' id='word_1_728' title='bbox 896 4670 1143 4733; x_wconf 85' lang='lat' dir='ltr'><strong>aliusexbouorabi</strong></span> <span class='ocrx_word' id='word_1_729' title='bbox 1159 4666 1528 4750; x_wconf 75' lang='lat' dir='ltr'><strong>‘conjugio,aliusexvirgi-‘</strong></span> <span class='ocrx_word' id='word_1_730' title='bbox 1562 4681 1566 4688; x_wconf 84' lang='grc'><strong><em>’</em></strong></span> 
     </span>
     <span class='ocr_line' id='line_1_54' title="bbox 63 4747 1514 4847; baseline -0.003 -35"><span class='ocrx_word' id='word_1_731' title='bbox 63 4754 196 4832; x_wconf 83' lang='grc' dir='ltr'>μίας,τδν</span> <span class='ocrx_word' id='word_1_732' title='bbox 219 4753 246 4815; x_wconf 77' lang='grc' dir='ltr'><strong>δέ</strong></span> <span class='ocrx_word' id='word_1_733' title='bbox 261 4754 314 4814; x_wconf 77' lang='grc' dir='ltr'><strong>ἀπὸ</strong></span> <span class='ocrx_word' id='word_1_734' title='bbox 334 4755 477 4835; x_wconf 87' lang='grc' dir='ltr'>παρθενίας</span> <span class='ocrx_word' id='word_1_735' title='bbox 500 4756 658 4834; x_wconf 83' lang='grc' dir='ltr'>λάμποντα,</span> <span class='ocrx_word' id='word_1_736' title='bbox 673 4759 717 4821; x_wconf 77' lang='grc' dir='ltr'><strong>ἵνα</strong></span> <span class='ocrx_word' id='word_1_737' title='bbox 771 4747 1514 4847; x_wconf 79' lang='lat' dir='ltr'><strong>nitatesulgebat3utethonorahileconjugiumetvirgi·</strong></span> 
     </span>
     <span class='ocr_line' id='line_1_55' title="bbox 62 4827 1625 4936; baseline -0.003 -45"><span class='ocrx_word' id='word_1_738' title='bbox 62 4834 197 4913; x_wconf 88' lang='grc' dir='ltr'>μνογαμία</span> <span class='ocrx_word' id='word_1_739' title='bbox 210 4834 256 4894; x_wconf 82' lang='grc' dir='ltr'><strong>καί</strong></span> <span class='ocrx_word' id='word_1_740' title='bbox 277 4835 405 4936; x_wconf 84' lang='grc' dir='ltr'>παρθενία</span> <span class='ocrx_word' id='word_1_741' title='bbox 417 4841 588 4918; x_wconf 84' lang='grc' dir='ltr'>παρεστῶσαι</span> <span class='ocrx_word' id='word_1_742' title='bbox 600 4844 638 4921; x_wconf 82' lang='grc' dir='ltr'><strong>τῷ</strong></span> <span class='ocrx_word' id='word_1_743' title='bbox 652 4841 716 4923; x_wconf 84' lang='grc' dir='ltr'>Χρι-</span> <span class='ocrx_word' id='word_1_744' title='bbox 770 4834 840 4893; x_wconf 86' lang='lat' dir='ltr'><strong>nitas</strong></span> <span class='ocrx_word' id='word_1_745' title='bbox 849 4834 956 4894; x_wconf 80' lang='lat' dir='ltr'><strong>Christo</strong></span> <span class='ocrx_word' id='word_1_746' title='bbox 964 4831 1178 4892; x_wconf 84' lang='lat' dir='ltr'><strong>adstarentNam</strong></span> <span class='ocrx_word' id='word_1_747' title='bbox 1185 4827 1339 4887; x_wconf 80' lang='lat' dir='ltr'><strong>Desiderio</strong></span> <span class='ocrx_word' id='word_1_748' title='bbox 1348 4829 1513 4919; x_wconf 75' lang='lat' dir='ltr'><strong>desideravi</strong></span> <span class='ocrx_word' id='word_1_749' title='bbox 1523 4859 1578 4904; x_wconf 75' lang='lat' dir='ltr'><strong>Luc.</strong></span> <span class='ocrx_word' id='word_1_750' title='bbox 1587 4874 1625 4906; x_wconf 49' lang='grc' dir='ltr'><strong>,χ</strong></span> 
     </span>
     <span class='ocr_line' id='line_1_56' title="bbox 61 4909 1561 4998; baseline -0.003 -27"><span class='ocrx_word' id='word_1_751' title='bbox 61 4914 169 4996; x_wconf 73' lang='grc' dir='ltr'>πιθυμίογ</span> <span class='ocrx_word' id='word_1_752' title='bbox 179 4913 231 4996; x_wconf 79' lang='grc' dir='ltr'>γάρ</span> <span class='ocrx_word' id='word_1_753' title='bbox 246 4917 400 4994; x_wconf 81' lang='grc' dir='ltr'>ίπεθυμησα</span> <span class='ocrx_word' id='word_1_754' title='bbox 417 4921 473 4994; x_wconf 84' lang='grc' dir='ltr'>μεθ’</span> <span class='ocrx_word' id='word_1_755' title='bbox 488 4921 562 4995; x_wconf 68' lang='grc' dir='ltr'>ὑμῶν</span> <span class='ocrx_word' id='word_1_756' title='bbox 574 4919 605 4978; x_wconf 80' lang='grc' dir='ltr'><strong>τὸ</strong></span> <span class='ocrx_word' id='word_1_757' title='bbox 621 4918 715 4998; x_wconf 85' lang='grc' dir='ltr'>πάσχα</span> <span class='ocrx_word' id='word_1_758' title='bbox 770 4915 825 4973; x_wconf 86' lang='lat' dir='ltr'><strong>boe</strong></span> <span class='ocrx_word' id='word_1_759' title='bbox 837 4915 955 4974; x_wconf 76' lang='lat' dir='ltr'><strong>Pascha</strong></span> <span class='ocrx_word' id='word_1_760' title='bbox 976 4912 1156 4971; x_wconf 71' lang='lat' dir='ltr'><strong>manuum</strong></span> <span class='ocrx_word' id='word_1_761' title='bbox 1170 4911 1333 4967; x_wconf 85' lang='lat' dir='ltr'><strong>vobiscum.</strong></span> <span class='ocrx_word' id='word_1_762' title='bbox 1349 4909 1408 4997; x_wconf 80' lang='lat' dir='ltr'><strong>Non</strong></span> <span class='ocrx_word' id='word_1_763' title='bbox 1422 4928 1451 4965; x_wconf 83' lang='grc' dir='ltr'><strong>νι</strong></span> <span class='ocrx_word' id='word_1_764' title='bbox 1468 4920 1514 4966; x_wconf 81' lang='grc' dir='ltr'><strong>ιιι·Ι</strong></span> <span class='ocrx_word' id='word_1_765' title='bbox 1526 4919 1561 4968; x_wconf 77' lang='grc' dir='ltr'><strong>ιθ.</strong></span> 
     </span>
     <span class='ocr_line' id='line_1_57' title="bbox 61 4985 1513 5075; baseline -0.004 -24"><span class='ocrx_word' id='word_1_766' title='bbox 61 5001 146 5070; x_wconf 88' lang='grc' dir='ltr'>αγεῖν.</span> <span class='ocrx_word' id='word_1_767' title='bbox 175 4995 234 5052; x_wconf 67' lang='lat' dir='ltr'><strong>oss</strong></span> <span class='ocrx_word' id='word_1_768' title='bbox 267 4995 476 5074; x_wconf 78' lang='grc' dir='ltr'>ἀναγκαζόμενος</span> <span class='ocrx_word' id='word_1_769' title='bbox 510 4996 641 5075; x_wconf 80' lang='grc' dir='ltr'>βιάζεται,</span> <span class='ocrx_word' id='word_1_770' title='bbox 669 5001 715 5059; x_wconf 77' lang='grc' dir='ltr'><strong>οὐκ</strong></span> <span class='ocrx_word' id='word_1_771' title='bbox 733 5022 751 5070; x_wconf 72' lang='grc' dir='ltr'><strong>μ,</strong></span> <span class='ocrx_word' id='word_1_772' title='bbox 770 4995 854 5073; x_wconf 82' lang='lat' dir='ltr'><strong>gitur,</strong></span> <span class='ocrx_word' id='word_1_773' title='bbox 871 5014 925 5053; x_wconf 90' lang='lat' dir='ltr'><strong>nou</strong></span> <span class='ocrx_word' id='word_1_774' title='bbox 936 5007 1025 5051; x_wconf 89' lang='lat' dir='ltr'><strong>coacta</strong></span> <span class='ocrx_word' id='word_1_775' title='bbox 1039 5003 1078 5050; x_wconf 89' lang='lat' dir='ltr'><strong>est</strong></span> <span class='ocrx_word' id='word_1_776' title='bbox 1111 4988 1197 5062; x_wconf 87' lang='lat' dir='ltr'><strong>assi0;</strong></span> <span class='ocrx_word' id='word_1_777' title='bbox 1211 4986 1257 5045; x_wconf 90' lang='lat' dir='ltr'><strong>sod</strong></span> <span class='ocrx_word' id='word_1_778' title='bbox 1274 4985 1442 5045; x_wconf 76' lang='lat' dir='ltr'><strong>voluntarius</strong></span> <span class='ocrx_word' id='word_1_779' title='bbox 1454 4987 1513 5045; x_wconf 92' lang='lat' dir='ltr'><strong>ani-</strong></span> 
     </span>
    </p>
   </div>
   <div class='ocr_carea' id='block_1_5' title="bbox 61 5065 1510 5169">
    <p class='ocr_par' dir='ltr' id='par_1_7' title="bbox 61 5065 1510 5169">
     <span class='ocr_line' id='line_1_58' title="bbox 61 5065 1510 5169; baseline -0.001 -42"><span class='ocrx_word' id='word_1_780' title='bbox 61 5070 220 5145; x_wconf 68' lang='lat' dir='ltr'><strong>rebellior,</strong></span> <span class='ocrx_word' id='word_1_781' title='bbox 235 5077 293 5134; x_wconf 85' lang='grc' dir='ltr'>ἀλλ’</span> <span class='ocrx_word' id='word_1_782' title='bbox 307 5075 423 5144; x_wconf 81' lang='grc' dir='ltr'>ἑκοόσιος</span> <span class='ocrx_word' id='word_1_783' title='bbox 441 5081 458 5148; x_wconf 77' lang='grc' dir='ltr'>ἡ</span> <span class='ocrx_word' id='word_1_784' title='bbox 479 5076 582 5156; x_wconf 83' lang='grc' dir='ltr'>γνώμη.</span> <span class='ocrx_word' id='word_1_785' title='bbox 593 5081 715 5139; x_wconf 65' lang='lat' dir='ltr'><strong>Erote·</strong></span> <span class='ocrx_word' id='word_1_786' title='bbox 771 5096 840 5134; x_wconf 76' lang='lat' dir='ltr'><strong>miss.</strong></span> <span class='ocrx_word' id='word_1_787' title='bbox 855 5073 884 5135; x_wconf 89' lang='lat' dir='ltr'><strong>si</strong></span> <span class='ocrx_word' id='word_1_788' title='bbox 900 5072 1031 5133; x_wconf 86' lang='lat' dir='ltr'><strong>Dominus</strong></span> <span class='ocrx_word' id='word_1_789' title='bbox 1049 5084 1079 5130; x_wconf 91' lang='lat' dir='ltr'><strong>ut</strong></span> <span class='ocrx_word' id='word_1_790' title='bbox 1132 5068 1257 5129; x_wconf 86' lang='lat' dir='ltr'><strong>neficium</strong></span> <span class='ocrx_word' id='word_1_791' title='bbox 1278 5078 1415 5169; x_wconf 57' lang='lat' dir='ltr'><strong>prqusturet</strong></span> <span class='ocrx_word' id='word_1_792' title='bbox 1428 5065 1510 5144; x_wconf 84' lang='lat' dir='ltr'><strong>dixit,</strong></span> 
     </span>
    </p>
   </div>
   <div class='ocr_carea' id='block_1_6' title="bbox 64 5221 275 5292">
    <p class='ocr_par' dir='ltr' id='par_1_8' title="bbox 64 5221 275 5292">
     <span class='ocr_line' id='line_1_59' title="bbox 64 5221 275 5292; baseline 0.005 -15"><span class='ocrx_word' id='word_1_793' title='bbox 64 5221 106 5279; x_wconf 82' lang='lat' dir='ltr'><strong>vu.</strong></span> <span class='ocrx_word' id='word_1_794' title='bbox 120 5232 149 5279; x_wconf 79' lang='lat' dir='ltr'><strong>n.</strong></span> <span class='ocrx_word' id='word_1_795' title='bbox 163 5227 275 5292; x_wconf 63' lang='grc' dir='ltr'>αισα]</span> 
     </span>
    </p>
   </div>
   <div class='ocr_carea' id='block_1_7' title="bbox 0 0 1880 5940">
    <p class='ocr_par' dir='ltr' id='par_1_9' title="bbox 0 0 1880 5940">
     <span class='ocr_line' id='line_1_60' title="bbox 0 0 1880 5940; baseline 0 0"><span class='ocrx_word' id='word_1_796' title='bbox 0 0 1880 5940; x_wconf 95' lang='lat' dir='ltr'><strong> </strong></span> 
     </span>
    </p>
   </div>
  </div>
 </body>
</html>
