<?xml version="1.0" encoding="UTF-8"?>
<!DOCTYPE html PUBLIC "-//W3C//DTD XHTML 1.0 Transitional//EN"
    "http://www.w3.org/TR/xhtml1/DTD/xhtml1-transitional.dtd">
<html xmlns="http://www.w3.org/1999/xhtml" xml:lang="en" lang="en">
 <head>
  <title>
</title>
<meta http-equiv="Content-Type" content="text/html;charset=utf-8" />
  <meta name='ocr-system' content='tesseract 3.04.00' />
  <meta name='ocr-capabilities' content='ocr_page ocr_carea ocr_par ocr_line ocrx_word'/>
</head>
<body>
  <div class='ocr_page' id='page_1' title='image "./sanctipatrisnos02chrygoog/sanctipatrisnos02chrygoog_0249.png"; bbox 0 0 3750 5940; ppageno 0'>
   <div class='ocr_carea' id='block_1_1' title="bbox 170 441 1425 529">
    <p class='ocr_par' dir='ltr' id='par_1_1' title="bbox 170 441 1425 529">
     <span class='ocr_line' id='line_1_1' title="bbox 170 441 1425 529; baseline -0.001 -19"><span class='ocrx_word' id='word_1_1' title='bbox 170 441 246 529; x_wconf 67' lang='lat'><strong>³24</strong></span> <span class='ocrx_word' id='word_1_2' title='bbox 538 459 734 524; x_wconf 5' lang='lat' dir='ltr'><strong>strenuius</strong></span> <span class='ocrx_word' id='word_1_3' title='bbox 759 457 942 509; x_wconf 81' lang='lat' dir='ltr'><strong>cunrsosr.</strong></span> <span class='ocrx_word' id='word_1_4' title='bbox 970 461 1126 527; x_wconf 70' lang='lat' dir='ltr'><strong>sucurre.</strong></span> <span class='ocrx_word' id='word_1_5' title='bbox 1154 458 1425 512; x_wconf 75' lang='lat' dir='ltr'><strong>cousrrunuor.</strong></span> 
     </span>
    </p>
   </div>
   <div class='ocr_carea' id='block_1_2' title="bbox 169 591 1621 949">
    <p class='ocr_par' dir='ltr' id='par_1_2' title="bbox 169 591 1621 949">
     <span class='ocr_line' id='line_1_2' title="bbox 170 591 1620 677; baseline -0.003 -24"><span class='ocrx_word' id='word_1_6' title='bbox 170 591 256 653; x_wconf 86' lang='lat' dir='ltr'><strong>servis</strong></span> <span class='ocrx_word' id='word_1_7' title='bbox 267 593 428 652; x_wconf 86' lang='lat' dir='ltr'><strong>communia.</strong></span> <span class='ocrx_word' id='word_1_8' title='bbox 441 593 556 672; x_wconf 80' lang='lat' dir='ltr'><strong>Ideoque</strong></span> <span class='ocrx_word' id='word_1_9' title='bbox 571 594 711 654; x_wconf 87' lang='lat' dir='ltr'><strong>humiliter</strong></span> <span class='ocrx_word' id='word_1_10' title='bbox 729 591 909 671; x_wconf 84' lang='lat' dir='ltr'><strong>sentiendum,</strong></span> <span class='ocrx_word' id='word_1_11' title='bbox 963 593 1081 674; x_wconf 78' lang='grc' dir='ltr'>ταχέως,</span> <span class='ocrx_word' id='word_1_12' title='bbox 1096 592 1187 677; x_wconf 79' lang='grc' dir='ltr'>ὥσπερ</span> <span class='ocrx_word' id='word_1_13' title='bbox 1200 593 1252 653; x_wconf 80' lang='grc' dir='ltr'><strong>θπὸ</strong></span> <span class='ocrx_word' id='word_1_14' title='bbox 1266 595 1335 662; x_wconf 82' lang='grc' dir='ltr'>τινός</span> <span class='ocrx_word' id='word_1_15' title='bbox 1352 594 1501 672; x_wconf 72' lang='grc' dir='ltr'>πνεύματος</span> <span class='ocrx_word' id='word_1_16' title='bbox 1525 593 1620 671; x_wconf 55' lang='lat' dir='ltr'><strong>deniq·</strong></span> 
     </span>
     <span class='ocr_line' id='line_1_3' title="bbox 169 682 1620 767; baseline -0.001 -25"><span class='ocrx_word' id='word_1_17' title='bbox 169 683 275 743; x_wconf 89' lang='lat' dir='ltr'><strong>dumiu</strong></span> <span class='ocrx_word' id='word_1_18' title='bbox 288 683 480 745; x_wconf 81' lang='lat' dir='ltr'>contribulium</span> <span class='ocrx_word' id='word_1_19' title='bbox 500 685 709 759; x_wconf 76' lang='lat' dir='ltr'><strong>calamitatibus,</strong></span> <span class='ocrx_word' id='word_1_20' title='bbox 729 704 788 763; x_wconf 81' lang='lat' dir='ltr'><strong>quae</strong></span> <span class='ocrx_word' id='word_1_21' title='bbox 805 682 855 742; x_wconf 85' lang='lat' dir='ltr'><strong>tibi</strong></span> <span class='ocrx_word' id='word_1_22' title='bbox 870 683 910 741; x_wconf 90' lang='lat' dir='ltr'><strong>in·</strong></span> <span class='ocrx_word' id='word_1_23' title='bbox 963 683 1067 766; x_wconf 87' lang='grc' dir='ltr'>αἰρεταί</span> <span class='ocrx_word' id='word_1_24' title='bbox 1090 684 1123 746; x_wconf 74' lang='grc' dir='ltr'><em>τέ</em></span> <span class='ocrx_word' id='word_1_25' title='bbox 1146 686 1191 745; x_wconf 81' lang='grc' dir='ltr'>καί</span> <span class='ocrx_word' id='word_1_26' title='bbox 1217 687 1371 767; x_wconf 62' lang='grc' dir='ltr'>ἀφανίζεται</span> <span class='ocrx_word' id='word_1_27' title='bbox 1399 683 1520 765; x_wconf 71' lang='grc' dir='ltr'>καθάπερ</span> <span class='ocrx_word' id='word_1_28' title='bbox 1542 688 1557 742; x_wconf 83' lang='grc' dir='ltr'>ό</span> <span class='ocrx_word' id='word_1_29' title='bbox 1582 682 1620 741; x_wconf 83' lang='grc' dir='ltr'>Φε</span> 
     </span>
     <span class='ocr_line' id='line_1_4' title="bbox 169 770 1620 859; baseline 0 -26"><span class='ocrx_word' id='word_1_30' title='bbox 169 789 239 835; x_wconf 89' lang='lat' dir='ltr'><strong>stent</strong></span> <span class='ocrx_word' id='word_1_31' title='bbox 253 775 397 857; x_wconf 85' lang='lat' dir='ltr'><strong>praevides,</strong></span> <span class='ocrx_word' id='word_1_32' title='bbox 407 792 433 836; x_wconf 92' lang='lat' dir='ltr'><strong>et</strong></span> <span class='ocrx_word' id='word_1_33' title='bbox 446 791 547 837; x_wconf 74' lang='lat' dir='ltr'><strong>natura</strong></span> <span class='ocrx_word' id='word_1_34' title='bbox 560 792 613 837; x_wconf 81' lang='lat' dir='ltr'><strong>tuae</strong></span> <span class='ocrx_word' id='word_1_35' title='bbox 623 775 802 837; x_wconf 87' lang='lat' dir='ltr'><strong>conditionem</strong></span> <span class='ocrx_word' id='word_1_36' title='bbox 812 775 841 834; x_wconf 91' lang='lat' dir='ltr'><strong>in</strong></span> <span class='ocrx_word' id='word_1_37' title='bbox 850 775 911 834; x_wconf 87' lang='lat' dir='ltr'><strong>aliis</strong></span> <span class='ocrx_word' id='word_1_38' title='bbox 963 775 1042 837; x_wconf 73' lang='grc' dir='ltr'>Ἀλλὰ</span> <span class='ocrx_word' id='word_1_39' title='bbox 1052 777 1146 852; x_wconf 81' lang='grc' dir='ltr'><strong>πένησι</strong></span> <span class='ocrx_word' id='word_1_40' title='bbox 1160 777 1302 859; x_wconf 73' lang='grc' dir='ltr'>παρίχειςς</span> <span class='ocrx_word' id='word_1_41' title='bbox 1317 780 1387 839; x_wconf 75' lang='grc' dir='ltr'>Ἀλλ’</span> <span class='ocrx_word' id='word_1_42' title='bbox 1400 780 1430 838; x_wconf 84' lang='grc' dir='ltr'>οῦ</span> <span class='ocrx_word' id='word_1_43' title='bbox 1444 775 1479 836; x_wconf 84' lang='grc' dir='ltr'><strong>τόι</strong></span> <span class='ocrx_word' id='word_1_44' title='bbox 1495 774 1544 849; x_wconf 77' lang='grc' dir='ltr'>σθ,</span> <span class='ocrx_word' id='word_1_45' title='bbox 1554 770 1620 833; x_wconf 73' lang='grc' dir='ltr'>ἄλλό</span> 
     </span>
     <span class='ocr_line' id='line_1_5' title="bbox 169 861 1621 949; baseline -0.001 -23"><span class='ocrx_word' id='word_1_46' title='bbox 169 867 274 928; x_wconf 91' lang='lat' dir='ltr'><strong>ediseis.</strong></span> <span class='ocrx_word' id='word_1_47' title='bbox 291 871 411 930; x_wconf 81' lang='lat' dir='ltr'>Fortasse</span> <span class='ocrx_word' id='word_1_48' title='bbox 426 861 473 929; x_wconf 87' lang='lat' dir='ltr'><strong>nos</strong></span> <span class='ocrx_word' id='word_1_49' title='bbox 493 869 594 929; x_wconf 88' lang='lat' dir='ltr'><strong>talibus</strong></span> <span class='ocrx_word' id='word_1_50' title='bbox 606 870 659 929; x_wconf 88' lang='lat' dir='ltr'><strong>orti</strong></span> <span class='ocrx_word' id='word_1_51' title='bbox 675 889 768 927; x_wconf 89' lang='lat' dir='ltr'><strong>sumus</strong></span> <span class='ocrx_word' id='word_1_52' title='bbox 786 867 911 948; x_wconf 75' lang='lat' dir='ltr'><strong>progeni·</strong></span> <span class='ocrx_word' id='word_1_53' title='bbox 962 869 1113 943; x_wconf 90' lang='grc' dir='ltr'>Δεσπότου,</span> <span class='ocrx_word' id='word_1_54' title='bbox 1134 869 1169 930; x_wconf 72' lang='lat' dir='ltr'><strong>rh</strong></span> <span class='ocrx_word' id='word_1_55' title='bbox 1189 870 1264 931; x_wconf 77' lang='grc' dir='ltr'>κοινόι</span> <span class='ocrx_word' id='word_1_56' title='bbox 1280 873 1334 930; x_wconf 89' lang='grc' dir='ltr'>τῶν</span> <span class='ocrx_word' id='word_1_57' title='bbox 1350 868 1510 949; x_wconf 81' lang='grc' dir='ltr'>ὁμοδούλων.</span> <span class='ocrx_word' id='word_1_58' title='bbox 1528 865 1585 926; x_wconf 86' lang='grc' dir='ltr'>Καί</span> <span class='ocrx_word' id='word_1_59' title='bbox 1605 867 1621 924; x_wconf 84' lang='grc' dir='ltr'>θ</span> 
     </span>
    </p>
   </div>
   <div class='ocr_carea' id='block_1_3' title="bbox 20 958 1620 1137">
    <p class='ocr_par' dir='ltr' id='par_1_3' title="bbox 20 958 1620 1137">
     <span class='ocr_line' id='line_1_6' title="bbox 43 958 1620 1048; baseline -0.002 -29"><span class='ocrx_word' id='word_1_60' title='bbox 43 978 154 1048; x_wconf 62' lang='lat' dir='ltr'><strong>tunsum</strong></span> <span class='ocrx_word' id='word_1_61' title='bbox 170 960 283 1020; x_wconf 89' lang='lat' dir='ltr'><strong>toribus.</strong></span> <span class='ocrx_word' id='word_1_62' title='bbox 305 960 385 1033; x_wconf 90' lang='lat' dir='ltr'><strong>Quod</strong></span> <span class='ocrx_word' id='word_1_63' title='bbox 405 962 429 1022; x_wconf 91' lang='lat' dir='ltr'><strong>si</strong></span> <span class='ocrx_word' id='word_1_64' title='bbox 451 961 554 1022; x_wconf 73' lang='lat' dir='ltr'><strong>divitie</strong></span> <span class='ocrx_word' id='word_1_65' title='bbox 574 961 610 1020; x_wconf 84' lang='lat' dir='ltr'><strong>ad</strong></span> <span class='ocrx_word' id='word_1_66' title='bbox 630 982 678 1020; x_wconf 90' lang='lat' dir='ltr'><strong>nos</strong></span> <span class='ocrx_word' id='word_1_67' title='bbox 694 958 832 1036; x_wconf 84' lang='lat' dir='ltr'>transiere,</span> <span class='ocrx_word' id='word_1_68' title='bbox 851 958 912 1017; x_wconf 81' lang='lat' dir='ltr'><strong>ilius</strong></span> <span class='ocrx_word' id='word_1_69' title='bbox 964 960 1080 1039; x_wconf 79' lang='grc' dir='ltr'>μαλιστα</span> <span class='ocrx_word' id='word_1_70' title='bbox 1099 968 1285 1023; x_wconf 78' lang='grc' dir='ltr'>ταπεινοῦσθαι</span> <span class='ocrx_word' id='word_1_71' title='bbox 1304 961 1376 1044; x_wconf 69' lang='grc' dir='ltr'>χρὴ,</span> <span class='ocrx_word' id='word_1_72' title='bbox 1398 965 1425 1022; x_wconf 82' lang='grc' dir='ltr'><strong>ἐν</strong></span> <span class='ocrx_word' id='word_1_73' title='bbox 1446 970 1506 1028; x_wconf 88' lang='grc' dir='ltr'>ταῖς</span> <span class='ocrx_word' id='word_1_74' title='bbox 1527 960 1582 1017; x_wconf 90' lang='grc' dir='ltr'>τῶν</span> <span class='ocrx_word' id='word_1_75' title='bbox 1606 961 1620 1016; x_wconf 88' lang='grc' dir='ltr'>θ</span> 
     </span>
     <span class='ocr_line' id='line_1_7' title="bbox 20 1049 1618 1137; baseline -0.002 -27"><span class='ocrx_word' id='word_1_76' title='bbox 20 1054 69 1082; x_wconf 76' lang='grc'>“’·’“</span> <span class='ocrx_word' id='word_1_77' title='bbox 81 1054 113 1086; x_wconf 74' lang='lat'><strong>²⁸·</strong></span> <span class='ocrx_word' id='word_1_78' title='bbox 170 1051 335 1113; x_wconf 87' lang='lat' dir='ltr'><strong>hauddubie</strong></span> <span class='ocrx_word' id='word_1_79' title='bbox 345 1054 534 1134; x_wconf 90' lang='lat' dir='ltr'><strong>relinquemus.</strong></span> <span class='ocrx_word' id='word_1_80' title='bbox 549 1052 625 1126; x_wconf 92' lang='lat' dir='ltr'><strong>Quid</strong></span> <span class='ocrx_word' id='word_1_81' title='bbox 638 1072 702 1113; x_wconf 84' lang='lat' dir='ltr'><strong>vero</strong></span> <span class='ocrx_word' id='word_1_82' title='bbox 715 1063 778 1137; x_wconf 83' lang='lat' dir='ltr'><strong>sunt</strong></span> <span class='ocrx_word' id='word_1_83' title='bbox 790 1049 912 1110; x_wconf 81' lang='lat' dir='ltr'><strong>divitiae?</strong></span> <span class='ocrx_word' id='word_1_84' title='bbox 963 1063 1109 1135; x_wconf 80' lang='grc' dir='ltr'>συμφοραῖς</span> <span class='ocrx_word' id='word_1_85' title='bbox 1132 1055 1166 1114; x_wconf 82' lang='grc' dir='ltr'>τὰ</span> <span class='ocrx_word' id='word_1_86' title='bbox 1188 1058 1282 1115; x_wconf 78' lang='grc' dir='ltr'>ἑαυτοῦ</span> <span class='ocrx_word' id='word_1_87' title='bbox 1303 1057 1474 1136; x_wconf 79' lang='grc' dir='ltr'>προορῶντα,</span> <span class='ocrx_word' id='word_1_88' title='bbox 1496 1052 1542 1112; x_wconf 79' lang='grc' dir='ltr'><strong>καὶ</strong></span> <span class='ocrx_word' id='word_1_89' title='bbox 1568 1049 1618 1122; x_wconf 70' lang='grc' dir='ltr'>τὴν</span> 
     </span>
    </p>
   </div>
   <div class='ocr_carea' id='block_1_4' title="bbox 166 1142 1620 2056">
    <p class='ocr_par' dir='ltr' id='par_1_4' title="bbox 166 1142 1620 2056">
     <span class='ocr_line' id='line_1_8' title="bbox 170 1142 1620 1231; baseline -0.004 -26"><span class='ocrx_word' id='word_1_90' title='bbox 170 1145 274 1206; x_wconf 88' lang='lat' dir='ltr'><strong>Umbra</strong></span> <span class='ocrx_word' id='word_1_91' title='bbox 287 1147 391 1225; x_wconf 84' lang='lat' dir='ltr'><strong>inanis,</strong></span> <span class='ocrx_word' id='word_1_92' title='bbox 405 1149 497 1208; x_wconf 79' lang='lat' dir='ltr'><strong>sumus</strong></span> <span class='ocrx_word' id='word_1_93' title='bbox 515 1167 689 1231; x_wconf 61' lang='lat' dir='ltr'><strong>evanescens,</strong></span> <span class='ocrx_word' id='word_1_94' title='bbox 704 1144 840 1220; x_wconf 81' lang='lat' dir='ltr'><strong>ssosioeni‚</strong></span> <span class='ocrx_word' id='word_1_95' title='bbox 856 1144 912 1202; x_wconf 89' lang='lat' dir='ltr'><strong>imo</strong></span> <span class='ocrx_word' id='word_1_96' title='bbox 963 1147 1039 1227; x_wconf 78' lang='grc' dir='ltr'>φύσιν</span> <span class='ocrx_word' id='word_1_97' title='bbox 1053 1149 1080 1206; x_wconf 80' lang='grc' dir='ltr'><strong>ἐν</strong></span> <span class='ocrx_word' id='word_1_98' title='bbox 1094 1147 1201 1215; x_wconf 79' lang='grc' dir='ltr'>ἐκείνοις</span> <span class='ocrx_word' id='word_1_99' title='bbox 1218 1148 1391 1226; x_wconf 76' lang='grc' dir='ltr'>μανθάνοντα.</span> <span class='ocrx_word' id='word_1_100' title='bbox 1403 1145 1482 1213; x_wconf 82' lang='grc' dir='ltr'>Ἴσως</span> <span class='ocrx_word' id='word_1_101' title='bbox 1494 1142 1539 1203; x_wconf 85' lang='grc' dir='ltr'>καί</span> <span class='ocrx_word' id='word_1_102' title='bbox 1560 1147 1620 1221; x_wconf 74' lang='grc' dir='ltr'>ἡμεῑ</span> 
     </span>
     <span class='ocr_line' id='line_1_9' title="bbox 169 1231 1620 1322; baseline -0.001 -24"><span class='ocrx_word' id='word_1_103' title='bbox 169 1239 236 1316; x_wconf 81' lang='lat' dir='ltr'><strong>flore</strong></span> <span class='ocrx_word' id='word_1_104' title='bbox 259 1253 321 1299; x_wconf 90' lang='lat' dir='ltr'><strong>sunt</strong></span> <span class='ocrx_word' id='word_1_105' title='bbox 348 1239 464 1301; x_wconf 84' lang='lat' dir='ltr'><strong>viliores.</strong></span> <span class='ocrx_word' id='word_1_106' title='bbox 481 1241 537 1299; x_wconf 90' lang='lat' dir='ltr'><strong>Cur</strong></span> <span class='ocrx_word' id='word_1_107' title='bbox 557 1239 592 1298; x_wconf 92' lang='lat' dir='ltr'><strong>de</strong></span> <span class='ocrx_word' id='word_1_108' title='bbox 613 1239 684 1298; x_wconf 82' lang='lat' dir='ltr'><strong>foeuo</strong></span> <span class='ocrx_word' id='word_1_109' title='bbox 705 1236 792 1296; x_wconf 90' lang='lat' dir='ltr'><strong>altum</strong></span> <span class='ocrx_word' id='word_1_110' title='bbox 816 1235 911 1316; x_wconf 79' lang='lat' dir='ltr'><strong>sapis?</strong></span> <span class='ocrx_word' id='word_1_111' title='bbox 962 1262 1014 1297; x_wconf 89' lang='grc' dir='ltr'>των</span> <span class='ocrx_word' id='word_1_112' title='bbox 1027 1231 1094 1317; x_wconf 67' lang='grc' dir='ltr'>ἦμεν</span> <span class='ocrx_word' id='word_1_113' title='bbox 1104 1239 1248 1322; x_wconf 81' lang='grc' dir='ltr'>προγόνων.</span> <span class='ocrx_word' id='word_1_114' title='bbox 1258 1238 1331 1300; x_wconf 75' lang='lat' dir='ltr'><strong>Eiet</strong></span> <span class='ocrx_word' id='word_1_115' title='bbox 1343 1238 1456 1318; x_wconf 82' lang='grc' dir='ltr'>μετίστη</span> <span class='ocrx_word' id='word_1_116' title='bbox 1469 1236 1536 1317; x_wconf 84' lang='grc' dir='ltr'>πρὸς</span> <span class='ocrx_word' id='word_1_117' title='bbox 1550 1240 1620 1314; x_wconf 66' lang='grc' dir='ltr'><strong>ἡμᾶς</strong></span> 
     </span>
     <span class='ocr_line' id='line_1_10' title="bbox 168 1326 1620 1409; baseline -0.007 -19"><span class='ocrx_word' id='word_1_118' title='bbox 168 1331 265 1391; x_wconf 81' lang='lat' dir='ltr'><strong>Nonne</strong></span> <span class='ocrx_word' id='word_1_119' title='bbox 277 1345 303 1391; x_wconf 98' lang='lat' dir='ltr'><strong>et</strong></span> <span class='ocrx_word' id='word_1_120' title='bbox 315 1332 434 1409; x_wconf 75' lang='lat' dir='ltr'><strong>furibus,</strong></span> <span class='ocrx_word' id='word_1_121' title='bbox 448 1345 475 1392; x_wconf 91' lang='lat' dir='ltr'><strong>et</strong></span> <span class='ocrx_word' id='word_1_122' title='bbox 489 1331 633 1406; x_wconf 82' lang='lat' dir='ltr'><strong>mollibus,</strong></span> <span class='ocrx_word' id='word_1_123' title='bbox 646 1343 672 1389; x_wconf 88' lang='lat' dir='ltr'><strong>et</strong></span> <span class='ocrx_word' id='word_1_124' title='bbox 685 1327 871 1388; x_wconf 86' lang='lat' dir='ltr'><strong>meretricibus</strong></span> <span class='ocrx_word' id='word_1_125' title='bbox 886 1340 912 1385; x_wconf 92' lang='lat' dir='ltr'><strong>et</strong></span> <span class='ocrx_word' id='word_1_126' title='bbox 962 1353 1020 1403; x_wconf 78' lang='grc' dir='ltr'>τος,</span> <span class='ocrx_word' id='word_1_127' title='bbox 1038 1329 1114 1393; x_wconf 49' lang='grc' dir='ltr'>«ἀλλ’</span> <span class='ocrx_word' id='word_1_128' title='bbox 1133 1331 1202 1400; x_wconf 68' lang='grc' dir='ltr'>εἰκὸς</span> <span class='ocrx_word' id='word_1_129' title='bbox 1218 1330 1297 1391; x_wconf 74' lang='grc' dir='ltr'>αὐτὸν</span> <span class='ocrx_word' id='word_1_130' title='bbox 1317 1330 1363 1390; x_wconf 77' lang='grc' dir='ltr'>καὶ</span> <span class='ocrx_word' id='word_1_131' title='bbox 1382 1332 1539 1390; x_wconf 69' lang='grc' dir='ltr'>καταλιπεῖν</span> <span class='ocrx_word' id='word_1_132' title='bbox 1559 1326 1620 1386; x_wconf 71' lang='grc' dir='ltr'>πόλι</span> 
     </span>
     <span class='ocr_line' id='line_1_11' title="bbox 169 1419 1620 1505; baseline -0.004 -22"><span class='ocrx_word' id='word_1_133' title='bbox 169 1424 353 1505; x_wconf 83' lang='lat' dir='ltr'><strong>sepulcrorum</strong></span> <span class='ocrx_word' id='word_1_134' title='bbox 364 1424 535 1486; x_wconf 78' lang='lat' dir='ltr'><strong>effossoribus</strong></span> <span class='ocrx_word' id='word_1_135' title='bbox 544 1423 648 1483; x_wconf 82' lang='lat' dir='ltr'><strong>divitiae</strong></span> <span class='ocrx_word' id='word_1_136' title='bbox 659 1421 804 1482; x_wconf 74' lang='lat' dir='ltr'><strong>accedunt?</strong></span> <span class='ocrx_word' id='word_1_137' title='bbox 814 1420 912 1480; x_wconf 82' lang='lat' dir='ltr'><strong>ideone</strong></span> <span class='ocrx_word' id='word_1_138' title='bbox 962 1422 999 1482; x_wconf 85' lang='lat' dir='ltr'><strong>Ti</strong></span> <span class='ocrx_word' id='word_1_139' title='bbox 1013 1422 1040 1482; x_wconf 80' lang='lat' dir='ltr'><strong>u</strong></span> <span class='ocrx_word' id='word_1_140' title='bbox 1053 1422 1119 1492; x_wconf 79' lang='grc' dir='ltr'>ὅλως</span> <span class='ocrx_word' id='word_1_141' title='bbox 1132 1423 1178 1483; x_wconf 83' lang='grc' dir='ltr'>ιιαί</span> <span class='ocrx_word' id='word_1_142' title='bbox 1189 1422 1322 1490; x_wconf 88' lang='grc' dir='ltr'>θπλοῦτός</span> <span class='ocrx_word' id='word_1_143' title='bbox 1341 1425 1430 1497; x_wconf 69' lang='grc' dir='ltr'>ἔστιν,</span> <span class='ocrx_word' id='word_1_144' title='bbox 1444 1421 1515 1481; x_wconf 79' lang='grc' dir='ltr'>Σκιθ</span> <span class='ocrx_word' id='word_1_145' title='bbox 1533 1419 1620 1499; x_wconf 86' lang='grc' dir='ltr'>ἀθραν</span> 
     </span>
     <span class='ocr_line' id='line_1_12' title="bbox 169 1509 1620 1597; baseline -0.003 -24"><span class='ocrx_word' id='word_1_146' title='bbox 169 1515 326 1575; x_wconf 81' lang='lat' dir='ltr'><strong>intumescis</strong></span> <span class='ocrx_word' id='word_1_147' title='bbox 346 1514 420 1595; x_wconf 91' lang='lat' dir='ltr'><strong>quod</strong></span> <span class='ocrx_word' id='word_1_148' title='bbox 446 1515 511 1575; x_wconf 89' lang='lat' dir='ltr'><strong>tales</strong></span> <span class='ocrx_word' id='word_1_149' title='bbox 535 1536 618 1596; x_wconf 88' lang='lat' dir='ltr'><strong>opum</strong></span> <span class='ocrx_word' id='word_1_150' title='bbox 639 1526 772 1573; x_wconf 87' lang='lat' dir='ltr'><strong>consortes</strong></span> <span class='ocrx_word' id='word_1_151' title='bbox 792 1511 912 1570; x_wconf 72' lang='lat' dir='ltr'><strong>habeas?</strong></span> <span class='ocrx_word' id='word_1_152' title='bbox 962 1514 1217 1593; x_wconf 83' lang='grc' dir='ltr'>πνθςθιαλυόμενος,</span> <span class='ocrx_word' id='word_1_153' title='bbox 1229 1515 1304 1581; x_wconf 83' lang='grc' dir='ltr'>ἄνθος</span> <span class='ocrx_word' id='word_1_154' title='bbox 1314 1515 1428 1597; x_wconf 74' lang='grc' dir='ltr'>χόρτοι,</span> <span class='ocrx_word' id='word_1_155' title='bbox 1440 1509 1620 1592; x_wconf 74' lang='grc' dir='ltr'>μᾶλλονθθαι</span> 
     </span>
     <span class='ocr_line' id='line_1_13' title="bbox 169 1596 1620 1689; baseline -0.005 -21"><span class='ocrx_word' id='word_1_156' title='bbox 169 1607 224 1668; x_wconf 83' lang='lat' dir='ltr'><strong>Sed</strong></span> <span class='ocrx_word' id='word_1_157' title='bbox 237 1609 347 1668; x_wconf 87' lang='lat' dir='ltr'><strong>honoris</strong></span> <span class='ocrx_word' id='word_1_158' title='bbox 360 1607 475 1689; x_wconf 87' lang='lat' dir='ltr'><strong>cupidus</strong></span> <span class='ocrx_word' id='word_1_159' title='bbox 484 1607 532 1666; x_wconf 76' lang='lat' dir='ltr'><strong>es?</strong></span> <span class='ocrx_word' id='word_1_160' title='bbox 545 1609 648 1668; x_wconf 86' lang='lat' dir='ltr'><strong>Verum</strong></span> <span class='ocrx_word' id='word_1_161' title='bbox 659 1603 728 1663; x_wconf 92' lang='lat' dir='ltr'><strong>nihil</strong></span> <span class='ocrx_word' id='word_1_162' title='bbox 736 1602 771 1662; x_wconf 86' lang='lat' dir='ltr'><strong>ad</strong></span> <span class='ocrx_word' id='word_1_163' title='bbox 783 1602 911 1662; x_wconf 76' lang='lat' dir='ltr'><strong>honoiem</strong></span> <span class='ocrx_word' id='word_1_164' title='bbox 930 1607 949 1654; x_wconf 85' lang='grc' dir='ltr'><strong>Ι)</strong></span> <span class='ocrx_word' id='word_1_165' title='bbox 964 1606 1152 1689; x_wconf 85' lang='grc' dir='ltr'>εὐτελέστερος.</span> <span class='ocrx_word' id='word_1_166' title='bbox 1170 1606 1207 1666; x_wconf 86' lang='grc' dir='ltr'><strong>Τί</strong></span> <span class='ocrx_word' id='word_1_167' title='bbox 1226 1596 1270 1666; x_wconf 75' lang='grc' dir='ltr'>οῦν</span> <span class='ocrx_word' id='word_1_168' title='bbox 1285 1605 1330 1664; x_wconf 74' lang='lat' dir='ltr'><strong>uu</strong></span> <span class='ocrx_word' id='word_1_169' title='bbox 1342 1604 1432 1689; x_wconf 80' lang='grc' dir='ltr'>χόρτῳ</span> <span class='ocrx_word' id='word_1_170' title='bbox 1448 1601 1518 1685; x_wconf 77' lang='grc' dir='ltr'>μίγα</span> <span class='ocrx_word' id='word_1_171' title='bbox 1535 1609 1620 1683; x_wconf 74' lang='grc' dir='ltr'>ρρονεί</span> 
     </span>
     <span class='ocr_line' id='line_1_14' title="bbox 169 1691 1620 1781; baseline -0.003 -23"><span class='ocrx_word' id='word_1_172' title='bbox 169 1701 347 1781; x_wconf 84' lang='lat' dir='ltr'><strong>opportunius</strong></span> <span class='ocrx_word' id='word_1_173' title='bbox 360 1700 535 1781; x_wconf 82' lang='lat' dir='ltr'><strong>eleemosyna.</strong></span> <span class='ocrx_word' id='word_1_174' title='bbox 548 1701 619 1757; x_wconf 86' lang='lat' dir='ltr'><strong>Nam</strong></span> <span class='ocrx_word' id='word_1_175' title='bbox 632 1697 746 1756; x_wconf 69' lang='lat' dir='ltr'><strong>honores</strong></span> <span class='ocrx_word' id='word_1_176' title='bbox 760 1716 794 1755; x_wconf 81' lang='lat' dir='ltr'><strong>ex</strong></span> <span class='ocrx_word' id='word_1_177' title='bbox 806 1691 912 1755; x_wconf 82' lang='lat' dir='ltr'><strong>divitiis</strong></span> <span class='ocrx_word' id='word_1_178' title='bbox 963 1697 1007 1756; x_wconf 80' lang='grc' dir='ltr'>καί</span> <span class='ocrx_word' id='word_1_179' title='bbox 1025 1701 1137 1778; x_wconf 83' lang='grc' dir='ltr'>λῃσταῖς</span> <span class='ocrx_word' id='word_1_180' title='bbox 1149 1698 1321 1779; x_wconf 75' lang='grc' dir='ltr'>παραγίνεται</span> <span class='ocrx_word' id='word_1_181' title='bbox 1340 1700 1460 1771; x_wconf 86' lang='grc' dir='ltr'>πλοῦτος,</span> <span class='ocrx_word' id='word_1_182' title='bbox 1471 1694 1517 1755; x_wconf 84' lang='grc' dir='ltr'>καί</span> <span class='ocrx_word' id='word_1_183' title='bbox 1539 1695 1620 1774; x_wconf 78' lang='grc' dir='ltr'>μαλαν</span> 
     </span>
     <span class='ocr_line' id='line_1_15' title="bbox 167 1778 1620 1872; baseline -0.004 -21"><span class='ocrx_word' id='word_1_184' title='bbox 167 1804 194 1851; x_wconf 89' lang='lat' dir='ltr'><strong>et</strong></span> <span class='ocrx_word' id='word_1_185' title='bbox 203 1792 320 1872; x_wconf 80' lang='lat' dir='ltr'><strong>potentia</strong></span> <span class='ocrx_word' id='word_1_186' title='bbox 333 1791 419 1872; x_wconf 83' lang='lat' dir='ltr'><strong>parti,</strong></span> <span class='ocrx_word' id='word_1_187' title='bbox 434 1790 518 1853; x_wconf 83' lang='lat' dir='ltr'><strong>coacti</strong></span> <span class='ocrx_word' id='word_1_188' title='bbox 529 1802 590 1847; x_wconf 91' lang='lat' dir='ltr'><strong>sunt</strong></span> <span class='ocrx_word' id='word_1_189' title='bbox 605 1801 632 1847; x_wconf 89' lang='lat' dir='ltr'><strong>et</strong></span> <span class='ocrx_word' id='word_1_190' title='bbox 642 1786 743 1863; x_wconf 85' lang='lat' dir='ltr'><strong>odiosi;</strong></span> <span class='ocrx_word' id='word_1_191' title='bbox 760 1785 864 1846; x_wconf 83' lang='lat' dir='ltr'><strong>bivero</strong></span> <span class='ocrx_word' id='word_1_192' title='bbox 877 1808 911 1847; x_wconf 82' lang='lat' dir='ltr'><strong>ex</strong></span> <span class='ocrx_word' id='word_1_193' title='bbox 961 1789 1082 1869; x_wconf 88' lang='grc' dir='ltr'>πόρναις,</span> <span class='ocrx_word' id='word_1_194' title='bbox 1094 1790 1138 1850; x_wconf 84' lang='grc' dir='ltr'>καί</span> <span class='ocrx_word' id='word_1_195' title='bbox 1148 1789 1347 1870; x_wconf 76' lang='grc' dir='ltr'>τυμῦιυρύχοις,</span> <span class='ocrx_word' id='word_1_196' title='bbox 1360 1792 1447 1849; x_wconf 84' lang='grc' dir='ltr'>Τοῦτο</span> <span class='ocrx_word' id='word_1_197' title='bbox 1460 1778 1504 1848; x_wconf 77' lang='grc' dir='ltr'>οῦν</span> <span class='ocrx_word' id='word_1_198' title='bbox 1518 1810 1551 1846; x_wconf 88' lang='grc' dir='ltr'><strong>σε</strong></span> <span class='ocrx_word' id='word_1_199' title='bbox 1568 1788 1620 1846; x_wconf 74' lang='grc' dir='ltr'><strong>ἐπα</strong></span> 
     </span>
     <span class='ocr_line' id='line_1_16' title="bbox 166 1876 1620 1963; baseline -0.001 -23"><span class='ocrx_word' id='word_1_200' title='bbox 166 1883 280 1941; x_wconf 84' lang='lat' dir='ltr'><strong>arbitrio</strong></span> <span class='ocrx_word' id='word_1_201' title='bbox 306 1896 334 1941; x_wconf 91' lang='lat' dir='ltr'><strong>et</strong></span> <span class='ocrx_word' id='word_1_202' title='bbox 358 1877 517 1942; x_wconf 76' lang='lat' dir='ltr'><strong>conscientia</strong></span> <span class='ocrx_word' id='word_1_203' title='bbox 546 1878 734 1940; x_wconf 83' lang='lat' dir='ltr'><strong>honorantium</strong></span> <span class='ocrx_word' id='word_1_204' title='bbox 761 1877 910 1959; x_wconf 84' lang='lat' dir='ltr'><strong>prodeunt,</strong></span> <span class='ocrx_word' id='word_1_205' title='bbox 961 1881 1092 1951; x_wconf 79' lang='grc' dir='ltr'>τοιούτους</span> <span class='ocrx_word' id='word_1_206' title='bbox 1100 1883 1170 1963; x_wconf 78' lang='grc' dir='ltr'>ἔχεις</span> <span class='ocrx_word' id='word_1_207' title='bbox 1183 1883 1321 1950; x_wconf 80' lang='grc' dir='ltr'>κοινωνοὺς</span> <span class='ocrx_word' id='word_1_208' title='bbox 1339 1888 1385 1942; x_wconf 85' lang='grc' dir='ltr'><strong>τοῦ</strong></span> <span class='ocrx_word' id='word_1_209' title='bbox 1400 1879 1555 1959; x_wconf 66' lang='grc' dir='ltr'>ατήματοςς</span> <span class='ocrx_word' id='word_1_210' title='bbox 1569 1876 1620 1939; x_wconf 74' lang='lat' dir='ltr'><strong>’nu</strong></span> 
     </span>
     <span class='ocr_line' id='line_1_17' title="bbox 167 1968 1618 2056; baseline -0.003 -22"><span class='ocrx_word' id='word_1_211' title='bbox 167 1997 233 2056; x_wconf 87' lang='lat' dir='ltr'><strong>quos</strong></span> <span class='ocrx_word' id='word_1_212' title='bbox 248 1998 282 2036; x_wconf 88' lang='lat' dir='ltr'><strong>ne</strong></span> <span class='ocrx_word' id='word_1_213' title='bbox 292 1977 312 2036; x_wconf 91' lang='lat' dir='ltr'><strong>ii</strong></span> <span class='ocrx_word' id='word_1_214' title='bbox 325 1976 435 2055; x_wconf 89' lang='lat' dir='ltr'><strong>quidem</strong></span> <span class='ocrx_word' id='word_1_215' title='bbox 447 1975 495 2053; x_wconf 91' lang='lat' dir='ltr'><strong>qui</strong></span> <span class='ocrx_word' id='word_1_216' title='bbox 508 1973 641 2034; x_wconf 89' lang='lat' dir='ltr'><strong>honorant</strong></span> <span class='ocrx_word' id='word_1_217' title='bbox 659 1972 693 2031; x_wconf 88' lang='lat' dir='ltr'><strong>de</strong></span> <span class='ocrx_word' id='word_1_218' title='bbox 710 1970 799 2031; x_wconf 90' lang='lat' dir='ltr'><strong>medio</strong></span> <span class='ocrx_word' id='word_1_219' title='bbox 817 1971 910 2031; x_wconf 88' lang='lat' dir='ltr'><strong>tollere</strong></span> <span class='ocrx_word' id='word_1_220' title='bbox 960 1974 1036 2054; x_wconf 73' lang='grc' dir='ltr'>ἐρᾷς,</span> <span class='ocrx_word' id='word_1_221' title='bbox 1051 1973 1118 2034; x_wconf 81' lang='grc' dir='ltr'>Ἀλλ’</span> <span class='ocrx_word' id='word_1_222' title='bbox 1132 1975 1205 2035; x_wconf 73' lang='grc' dir='ltr'>οὐδὲν</span> <span class='ocrx_word' id='word_1_223' title='bbox 1219 1977 1255 2042; x_wconf 87' lang='grc' dir='ltr'>εἰς</span> <span class='ocrx_word' id='word_1_224' title='bbox 1265 1977 1346 2052; x_wconf 79' lang='grc' dir='ltr'>τιμῆς</span> <span class='ocrx_word' id='word_1_225' title='bbox 1358 1971 1436 2052; x_wconf 80' lang='grc' dir='ltr'>λόγον</span> <span class='ocrx_word' id='word_1_226' title='bbox 1451 1968 1618 2049; x_wconf 72' lang='grc' dir='ltr'>ἐλεημοσύνη</span> 
     </span>
    </p>
   </div>
   <div class='ocr_carea' id='block_1_5' title="bbox 16 2062 1620 2244">
    <p class='ocr_par' dir='ltr' id='par_1_5' title="bbox 16 2062 1620 2244">
     <span class='ocr_line' id='line_1_18' title="bbox 30 2062 1620 2149; baseline -0.007 -19"><span class='ocrx_word' id='word_1_227' title='bbox 30 2075 118 2117; x_wconf 58' lang='lat' dir='ltr'><strong>‘cemos</strong></span> <span class='ocrx_word' id='word_1_228' title='bbox 133 2100 145 2112; x_wconf 89' lang='lat'><em>·</em></span> <span class='ocrx_word' id='word_1_229' title='bbox 167 2082 287 2149; x_wconf 85' lang='lat' dir='ltr'><strong>possunt.</strong></span> <span class='ocrx_word' id='word_1_230' title='bbox 298 2067 379 2141; x_wconf 88' lang='lat' dir='ltr'><strong>Quod</strong></span> <span class='ocrx_word' id='word_1_231' title='bbox 395 2068 418 2127; x_wconf 93' lang='lat' dir='ltr'><strong>si</strong></span> <span class='ocrx_word' id='word_1_232' title='bbox 432 2066 554 2125; x_wconf 87' lang='lat' dir='ltr'><strong>homines</strong></span> <span class='ocrx_word' id='word_1_233' title='bbox 569 2079 671 2124; x_wconf 76' lang='lat' dir='ltr'><strong>tautam</strong></span> <span class='ocrx_word' id='word_1_234' title='bbox 685 2084 748 2143; x_wconf 80' lang='lat' dir='ltr'><strong>erga</strong></span> <span class='ocrx_word' id='word_1_235' title='bbox 764 2063 909 2145; x_wconf 84' lang='lat' dir='ltr'><strong>eleemosy-</strong></span> <span class='ocrx_word' id='word_1_236' title='bbox 961 2063 1222 2147; x_wconf 53' lang='lat' dir='ltr'><strong>derdeepous’Exeism</strong></span> <span class='ocrx_word' id='word_1_237' title='bbox 1232 2064 1280 2143; x_wconf 80' lang='grc' dir='ltr'><strong>μίν</strong></span> <span class='ocrx_word' id='word_1_238' title='bbox 1289 2065 1340 2145; x_wconf 72' lang='grc' dir='ltr'><strong>γὰρ</strong></span> <span class='ocrx_word' id='word_1_239' title='bbox 1350 2062 1620 2144; x_wconf 72' lang='grc' dir='ltr'>κατηναγκασμίναιι</span> 
     </span>
     <span class='ocr_line' id='line_1_19' title="bbox 16 2146 1620 2244; baseline -0.012 -22"><span class='ocrx_word' id='word_1_240' title='bbox 16 2149 66 2241; x_wconf 50' lang='lat'><strong>2¹⁸0„</strong></span> <span class='ocrx_word' id='word_1_241' title='bbox 83 2153 157 2244; x_wconf 56' lang='grc' dir='ltr'><strong>,Ἣ</strong></span> <span class='ocrx_word' id='word_1_242' title='bbox 167 2182 230 2219; x_wconf 90' lang='lat' dir='ltr'><strong>uam</strong></span> <span class='ocrx_word' id='word_1_243' title='bbox 239 2175 376 2240; x_wconf 77' lang='lat' dir='ltr'><strong>erogantes</strong></span> <span class='ocrx_word' id='word_1_244' title='bbox 385 2159 561 2220; x_wconf 83' lang='lat' dir='ltr'><strong>reverentiam</strong></span> <span class='ocrx_word' id='word_1_245' title='bbox 573 2157 673 2215; x_wconf 84' lang='lat' dir='ltr'><strong>habent</strong></span> <span class='ocrx_word' id='word_1_246' title='bbox 680 2201 689 2232; x_wconf 84' lang='lat'><em>,</em></span> <span class='ocrx_word' id='word_1_247' title='bbox 700 2146 730 2214; x_wconf 72' lang='lat' dir='ltr'><strong>‘et</strong></span> <span class='ocrx_word' id='word_1_248' title='bbox 743 2154 832 2214; x_wconf 87' lang='lat' dir='ltr'><strong>omnia</strong></span> <span class='ocrx_word' id='word_1_249' title='bbox 843 2155 910 2236; x_wconf 88' lang='lat' dir='ltr'><strong>ipsis</strong></span> <span class='ocrx_word' id='word_1_250' title='bbox 962 2154 1029 2234; x_wconf 77' lang='grc' dir='ltr'>μετὰ</span> <span class='ocrx_word' id='word_1_251' title='bbox 1043 2157 1148 2237; x_wconf 78' lang='grc' dir='ltr'>μίσους,</span> <span class='ocrx_word' id='word_1_252' title='bbox 1161 2161 1188 2218; x_wconf 74' lang='grc' dir='ltr'>αἱ</span> <span class='ocrx_word' id='word_1_253' title='bbox 1202 2158 1279 2236; x_wconf 72' lang='grc' dir='ltr'>τιμαὶ</span> <span class='ocrx_word' id='word_1_254' title='bbox 1301 2162 1328 2217; x_wconf 71' lang='grc' dir='ltr'>αἱ</span> <span class='ocrx_word' id='word_1_255' title='bbox 1349 2162 1395 2217; x_wconf 67' lang='grc' dir='ltr'><strong>τοῦ</strong></span> <span class='ocrx_word' id='word_1_256' title='bbox 1407 2155 1523 2216; x_wconf 65' lang='grc' dir='ltr'>πλούτου</span> <span class='ocrx_word' id='word_1_257' title='bbox 1539 2152 1620 2214; x_wconf 55' lang='grc' dir='ltr'>χηλαὶ</span> 
     </span>
    </p>
   </div>
   <div class='ocr_carea' id='block_1_6' title="bbox 0 4953 143 5122">
    <p class='ocr_par' dir='ltr' id='par_1_6' title="bbox 0 4953 143 5122">
     <span class='ocr_line' id='line_1_20' title="bbox 6 4953 143 5012; baseline 0.022 -17"><span class='ocrx_word' id='word_1_258' title='bbox 6 4978 16 4990; x_wconf 85' lang='lat'><strong>··</strong></span> <span class='ocrx_word' id='word_1_259' title='bbox 24 4953 70 4998; x_wconf 87' lang='lat' dir='ltr'><strong>ulto</strong></span> <span class='ocrx_word' id='word_1_260' title='bbox 87 4970 143 5012; x_wconf 75' lang='lat' dir='ltr'><strong>opus</strong></span> 
     </span>
     <span class='ocr_line' id='line_1_21' title="bbox 0 5016 141 5059; baseline 0.014 -2"><span class='ocrx_word' id='word_1_261' title='bbox 0 5037 8 5052; x_wconf 51' lang='lat'><strong>¹·</strong></span> <span class='ocrx_word' id='word_1_262' title='bbox 15 5016 81 5059; x_wconf 83' lang='lat' dir='ltr'><strong>abent</strong></span> <span class='ocrx_word' id='word_1_263' title='bbox 94 5019 141 5059; x_wconf 83' lang='lat' dir='ltr'><strong>veri</strong></span> 
     </span>
     <span class='ocr_line' id='line_1_22' title="bbox 17 5077 127 5122; baseline 0.027 -3"><span class='ocrx_word' id='word_1_264' title='bbox 17 5077 127 5122; x_wconf 83' lang='lat' dir='ltr'><strong>hristiaui.</strong></span> 
     </span>
    </p>
   </div>
   <div class='ocr_carea' id='block_1_7' title="bbox 162 2243 1620 3341">
    <p class='ocr_par' dir='ltr' id='par_1_7' title="bbox 162 2243 1620 3067">
     <span class='ocr_line' id='line_1_23' title="bbox 166 2243 1620 2334; baseline -0.004 -21"><span class='ocrx_word' id='word_1_265' title='bbox 166 2253 237 2312; x_wconf 88' lang='lat' dir='ltr'><strong>buna</strong></span> <span class='ocrx_word' id='word_1_266' title='bbox 246 2265 423 2334; x_wconf 88' lang='lat' dir='ltr'><strong>apprecantur</strong></span> <span class='ocrx_word' id='word_1_267' title='bbox 433 2275 440 2307; x_wconf 81' lang='lat' dir='ltr'><strong><em>z</em></strong></span> <span class='ocrx_word' id='word_1_268' title='bbox 452 2250 538 2328; x_wconf 84' lang='lat' dir='ltr'><strong>cogita</strong></span> <span class='ocrx_word' id='word_1_269' title='bbox 551 2262 679 2327; x_wconf 88' lang='lat' dir='ltr'><strong>quantam</strong></span> <span class='ocrx_word' id='word_1_270' title='bbox 691 2269 707 2305; x_wconf 91' lang='lat' dir='ltr'><strong>a</strong></span> <span class='ocrx_word' id='word_1_271' title='bbox 722 2246 837 2325; x_wconf 77' lang='lat' dir='ltr'><strong>benigno</strong></span> <span class='ocrx_word' id='word_1_272' title='bbox 851 2248 908 2306; x_wconf 90' lang='lat' dir='ltr'><strong>Deo</strong></span> <span class='ocrx_word' id='word_1_273' title='bbox 961 2250 1063 2324; x_wconf 88' lang='grc' dir='ltr'>στείας,</span> <span class='ocrx_word' id='word_1_274' title='bbox 1078 2243 1157 2311; x_wconf 77' lang='grc' dir='ltr'>αύται</span> <span class='ocrx_word' id='word_1_275' title='bbox 1173 2249 1201 2311; x_wconf 75' lang='grc' dir='ltr'><strong>δὲ</strong></span> <span class='ocrx_word' id='word_1_276' title='bbox 1212 2254 1243 2310; x_wconf 84' lang='grc' dir='ltr'><strong>ἰιι</strong></span> <span class='ocrx_word' id='word_1_277' title='bbox 1253 2249 1429 2333; x_wconf 75' lang='grc' dir='ltr'>προαιρέσεως</span> <span class='ocrx_word' id='word_1_278' title='bbox 1445 2248 1491 2308; x_wconf 79' lang='grc' dir='ltr'><strong>καί</strong></span> <span class='ocrx_word' id='word_1_279' title='bbox 1507 2248 1563 2308; x_wconf 74' lang='grc' dir='ltr'><strong>ἀπὸ</strong></span> <span class='ocrx_word' id='word_1_280' title='bbox 1574 2253 1620 2307; x_wconf 61' lang='grc' dir='ltr'><strong>εσυ</strong></span> 
     </span>
     <span class='ocr_line' id='line_1_24' title="bbox 165 2337 1620 2425; baseline -0.008 -21"><span class='ocrx_word' id='word_1_281' title='bbox 165 2344 315 2404; x_wconf 86' lang='lat' dir='ltr'><strong>mercedem</strong></span> <span class='ocrx_word' id='word_1_282' title='bbox 335 2341 469 2423; x_wconf 84' lang='lat' dir='ltr'><strong>accepturi</strong></span> <span class='ocrx_word' id='word_1_283' title='bbox 498 2341 567 2417; x_wconf 83' lang='lat' dir='ltr'><strong>sint,</strong></span> <span class='ocrx_word' id='word_1_284' title='bbox 587 2360 669 2419; x_wconf 90' lang='lat' dir='ltr'><strong>quam</strong></span> <span class='ocrx_word' id='word_1_285' title='bbox 695 2337 906 2397; x_wconf 86' lang='lat' dir='ltr'><strong>retributionem.</strong></span> <span class='ocrx_word' id='word_1_286' title='bbox 959 2341 1169 2420; x_wconf 71' lang='grc' dir='ltr'>τῶντιμώυτωι,</span> <span class='ocrx_word' id='word_1_287' title='bbox 1183 2341 1283 2425; x_wconf 65' lang='grc' dir='ltr'>Διόπερ</span> <span class='ocrx_word' id='word_1_288' title='bbox 1296 2343 1354 2402; x_wconf 66' lang='grc' dir='ltr'>οὐδὲ</span> <span class='ocrx_word' id='word_1_289' title='bbox 1366 2340 1505 2402; x_wconf 71' lang='grc' dir='ltr'>ἐχὸᾰλλιηι</span> <span class='ocrx_word' id='word_1_290' title='bbox 1519 2338 1620 2408; x_wconf 50' lang='lat' dir='ltr'><strong>«tedet</strong></span> 
     </span>
     <span class='ocr_line' id='line_1_25' title="bbox 165 2430 1620 2517; baseline -0.005 -20"><span class='ocrx_word' id='word_1_291' title='bbox 165 2437 221 2497; x_wconf 88' lang='lat' dir='ltr'><strong>Has</strong></span> <span class='ocrx_word' id='word_1_292' title='bbox 241 2457 304 2517; x_wconf 82' lang='lat' dir='ltr'><strong>ergo</strong></span> <span class='ocrx_word' id='word_1_293' title='bbox 326 2455 477 2515; x_wconf 72' lang='lat' dir='ltr'><strong>queramus</strong></span> <span class='ocrx_word' id='word_1_294' title='bbox 500 2433 611 2494; x_wconf 87' lang='lat' dir='ltr'><strong>divitias</strong></span> <span class='ocrx_word' id='word_1_295' title='bbox 629 2452 733 2513; x_wconf 86' lang='lat' dir='ltr'><strong>semper</strong></span> <span class='ocrx_word' id='word_1_296' title='bbox 755 2445 889 2490; x_wconf 82' lang='lat' dir='ltr'><strong>manentes</strong></span> <span class='ocrx_word' id='word_1_297' title='bbox 895 2477 903 2506; x_wconf 89' lang='lat'><em>,</em></span> <span class='ocrx_word' id='word_1_298' title='bbox 959 2457 1024 2494; x_wconf 87' lang='grc' dir='ltr'>ποτε</span> <span class='ocrx_word' id='word_1_299' title='bbox 1033 2438 1056 2493; x_wconf 82' lang='grc' dir='ltr'>οἱ</span> <span class='ocrx_word' id='word_1_300' title='bbox 1067 2439 1205 2512; x_wconf 83' lang='grc' dir='ltr'>τιμῶντες.</span> <span class='ocrx_word' id='word_1_301' title='bbox 1219 2435 1254 2493; x_wconf 84' lang='grc' dir='ltr'><strong>Εἰ</strong></span> <span class='ocrx_word' id='word_1_302' title='bbox 1268 2432 1296 2492; x_wconf 77' lang='grc' dir='ltr'><strong>δὲ</strong></span> <span class='ocrx_word' id='word_1_303' title='bbox 1311 2433 1444 2515; x_wconf 75' lang='grc' dir='ltr'>ἄνθρωποι</span> <span class='ocrx_word' id='word_1_304' title='bbox 1455 2430 1620 2504; x_wconf 72' lang='grc' dir='ltr'>τοσαύτηντῖ</span> 
     </span>
     <span class='ocr_line' id='line_1_26' title="bbox 164 2520 1620 2608; baseline -0.003 -20"><span class='ocrx_word' id='word_1_305' title='bbox 164 2549 314 2608; x_wconf 85' lang='lat' dir='ltr'><strong>numquam</strong></span> <span class='ocrx_word' id='word_1_306' title='bbox 330 2527 474 2608; x_wconf 58' lang='lat' dir='ltr'><strong>fugientem</strong></span> <span class='ocrx_word' id='word_1_307' title='bbox 490 2540 521 2586; x_wconf 89' lang='lat' dir='ltr'><strong>ut</strong></span> <span class='ocrx_word' id='word_1_308' title='bbox 533 2538 559 2584; x_wconf 94' lang='lat' dir='ltr'><strong>et</strong></span> <span class='ocrx_word' id='word_1_309' title='bbox 571 2527 600 2583; x_wconf 91' lang='lat' dir='ltr'><strong>in</strong></span> <span class='ocrx_word' id='word_1_310' title='bbox 615 2524 666 2583; x_wconf 91' lang='lat' dir='ltr'><strong>hac</strong></span> <span class='ocrx_word' id='word_1_311' title='bbox 683 2523 740 2583; x_wconf 84' lang='lat' dir='ltr'><strong>vin</strong></span> <span class='ocrx_word' id='word_1_312' title='bbox 755 2520 862 2602; x_wconf 77' lang='lat' dir='ltr'><strong>magni,</strong></span> <span class='ocrx_word' id='word_1_313' title='bbox 881 2536 906 2582; x_wconf 90' lang='lat' dir='ltr'><strong>et</strong></span> <span class='ocrx_word' id='word_1_314' title='bbox 960 2524 1075 2602; x_wconf 86' lang='grc' dir='ltr'>μοσύνης</span> <span class='ocrx_word' id='word_1_315' title='bbox 1099 2524 1260 2603; x_wconf 75' lang='grc' dir='ltr'>ἀπονέμουσι</span> <span class='ocrx_word' id='word_1_316' title='bbox 1284 2523 1332 2597; x_wconf 78' lang='grc' dir='ltr'>τὴν</span> <span class='ocrx_word' id='word_1_317' title='bbox 1356 2525 1440 2598; x_wconf 86' lang='grc' dir='ltr'>αἰδῶ,</span> <span class='ocrx_word' id='word_1_318' title='bbox 1462 2523 1508 2582; x_wconf 81' lang='grc' dir='ltr'>καί</span> <span class='ocrx_word' id='word_1_319' title='bbox 1533 2521 1620 2583; x_wconf 74' lang='grc' dir='ltr'>πάντα</span> 
     </span>
     <span class='ocr_line' id='line_1_27' title="bbox 164 2613 1620 2702; baseline -0.005 -21"><span class='ocrx_word' id='word_1_320' title='bbox 164 2621 192 2680; x_wconf 93' lang='lat' dir='ltr'><strong>in</strong></span> <span class='ocrx_word' id='word_1_321' title='bbox 202 2621 249 2681; x_wconf 83' lang='lat' dir='ltr'><strong>illa</strong></span> <span class='ocrx_word' id='word_1_322' title='bbox 258 2619 395 2702; x_wconf 89' lang='lat' dir='ltr'><strong>conspicui</strong></span> <span class='ocrx_word' id='word_1_323' title='bbox 404 2619 592 2696; x_wconf 88' lang='lat' dir='ltr'><strong>simus,atqne</strong></span> <span class='ocrx_word' id='word_1_324' title='bbox 605 2629 704 2675; x_wconf 81' lang='lat' dir='ltr'><strong>aeterna</strong></span> <span class='ocrx_word' id='word_1_325' title='bbox 713 2635 907 2693; x_wconf 89' lang='lat' dir='ltr'><strong>consequamur</strong></span> <span class='ocrx_word' id='word_1_326' title='bbox 959 2616 1128 2696; x_wconf 85' lang='grc' dir='ltr'>συνεύχονται</span> <span class='ocrx_word' id='word_1_327' title='bbox 1152 2614 1186 2674; x_wconf 81' lang='grc' dir='ltr'>τὰ</span> <span class='ocrx_word' id='word_1_328' title='bbox 1204 2614 1306 2695; x_wconf 68' lang='grc' dir='ltr'>ἀγαθὰ,</span> <span class='ocrx_word' id='word_1_329' title='bbox 1320 2613 1441 2688; x_wconf 80' lang='grc' dir='ltr'>ἐννόησον</span> <span class='ocrx_word' id='word_1_330' title='bbox 1455 2614 1574 2688; x_wconf 75' lang='grc' dir='ltr'>πηλίκην</span> <span class='ocrx_word' id='word_1_331' title='bbox 1595 2638 1620 2674; x_wconf 83' lang='grc' dir='ltr'><strong>τα</strong></span> 
     </span>
     <span class='ocr_line' id='line_1_28' title="bbox 163 2704 1620 2795; baseline -0.004 -23"><span class='ocrx_word' id='word_1_332' title='bbox 163 2713 250 2791; x_wconf 81' lang='lat' dir='ltr'><strong>boua3</strong></span> <span class='ocrx_word' id='word_1_333' title='bbox 267 2713 354 2794; x_wconf 84' lang='lat' dir='ltr'><strong>gratia</strong></span> <span class='ocrx_word' id='word_1_334' title='bbox 372 2726 398 2772; x_wconf 86' lang='lat' dir='ltr'><strong>et</strong></span> <span class='ocrx_word' id='word_1_335' title='bbox 413 2710 579 2790; x_wconf 83' lang='lat' dir='ltr'><strong>benignitate</strong></span> <span class='ocrx_word' id='word_1_336' title='bbox 601 2706 713 2767; x_wconf 90' lang='lat' dir='ltr'><strong>Domini</strong></span> <span class='ocrx_word' id='word_1_337' title='bbox 735 2706 819 2766; x_wconf 84' lang='lat' dir='ltr'><strong>nostri</strong></span> <span class='ocrx_word' id='word_1_338' title='bbox 841 2709 906 2768; x_wconf 85' lang='lat' dir='ltr'><strong>Jcsu</strong></span> <span class='ocrx_word' id='word_1_339' title='bbox 923 2704 943 2751; x_wconf 71' lang='grc' dir='ltr'><strong>Ε</strong></span> <span class='ocrx_word' id='word_1_340' title='bbox 958 2706 1143 2789; x_wconf 71' lang='grc' dir='ltr'>φιλανθρώπου</span> <span class='ocrx_word' id='word_1_341' title='bbox 1161 2706 1377 2788; x_wconf 77' lang='grc' dir='ltr'>Θεοῦλήψονται</span> <span class='ocrx_word' id='word_1_342' title='bbox 1391 2705 1439 2779; x_wconf 85' lang='grc' dir='ltr'>τὴν</span> <span class='ocrx_word' id='word_1_343' title='bbox 1454 2705 1620 2795; x_wconf 51' lang='lat' dir='ltr'><strong>dosideum&lt;</strong></span> 
     </span>
     <span class='ocr_line' id='line_1_29' title="bbox 164 2798 1619 2884; baseline -0.004 -19"><span class='ocrx_word' id='word_1_344' title='bbox 164 2804 283 2881; x_wconf 87' lang='lat' dir='ltr'><strong>Christi,</strong></span> <span class='ocrx_word' id='word_1_345' title='bbox 305 2803 415 2884; x_wconf 87' lang='lat' dir='ltr'><strong>quicum</strong></span> <span class='ocrx_word' id='word_1_346' title='bbox 439 2803 514 2863; x_wconf 82' lang='lat' dir='ltr'><strong>Patri</strong></span> <span class='ocrx_word' id='word_1_347' title='bbox 538 2800 639 2883; x_wconf 77' lang='lat' dir='ltr'><strong>gloria,</strong></span> <span class='ocrx_word' id='word_1_348' title='bbox 657 2819 764 2878; x_wconf 82' lang='lat' dir='ltr'><strong>unaque</strong></span> <span class='ocrx_word' id='word_1_349' title='bbox 790 2798 904 2880; x_wconf 85' lang='lat' dir='ltr'><strong>Spiritui</strong></span> <span class='ocrx_word' id='word_1_350' title='bbox 958 2799 1082 2877; x_wconf 77' lang='grc' dir='ltr'>ἀμοιὸήν.</span> <span class='ocrx_word' id='word_1_351' title='bbox 1093 2802 1194 2860; x_wconf 86' lang='grc' dir='ltr'>Τοῦτον</span> <span class='ocrx_word' id='word_1_352' title='bbox 1208 2799 1294 2859; x_wconf 84' lang='grc' dir='ltr'>τοίνυν</span> <span class='ocrx_word' id='word_1_353' title='bbox 1303 2801 1424 2877; x_wconf 82' lang='grc' dir='ltr'>ζητῶμεν</span> <span class='ocrx_word' id='word_1_354' title='bbox 1440 2799 1485 2859; x_wconf 81' lang='grc' dir='ltr'>τὸν</span> <span class='ocrx_word' id='word_1_355' title='bbox 1494 2801 1619 2873; x_wconf 69' lang='grc' dir='ltr'>πλοῦτον,</span> 
     </span>
     <span class='ocr_line' id='line_1_30' title="bbox 163 2889 1601 2978; baseline -0.003 -23"><span class='ocrx_word' id='word_1_356' title='bbox 163 2910 267 2975; x_wconf 87' lang='lat' dir='ltr'><strong>saneto,</strong></span> <span class='ocrx_word' id='word_1_357' title='bbox 288 2909 513 2978; x_wconf 88' lang='lat' dir='ltr'><strong>nuncetsemper</strong></span> <span class='ocrx_word' id='word_1_358' title='bbox 530 2895 599 2955; x_wconf 89' lang='lat' dir='ltr'><strong>etin</strong></span> <span class='ocrx_word' id='word_1_359' title='bbox 619 2891 715 2953; x_wconf 81' lang='lat' dir='ltr'><strong>saecula</strong></span> <span class='ocrx_word' id='word_1_360' title='bbox 735 2891 903 2952; x_wconf 73' lang='lat' dir='ltr'><strong>seculorum.</strong></span> <span class='ocrx_word' id='word_1_361' title='bbox 957 2890 1145 2970; x_wconf 85' lang='grc' dir='ltr'>μένοντα,καί</span> <span class='ocrx_word' id='word_1_362' title='bbox 1168 2891 1302 2971; x_wconf 82' lang='grc' dir='ltr'>μηδέποτε</span> <span class='ocrx_word' id='word_1_363' title='bbox 1324 2891 1534 2973; x_wconf 80' lang='grc' dir='ltr'>δραπετεύοντα·</span> <span class='ocrx_word' id='word_1_364' title='bbox 1555 2889 1601 2950; x_wconf 76' lang='grc' dir='ltr'><strong>ἵνα</strong></span> 
     </span>
     <span class='ocr_line' id='line_1_31' title="bbox 162 2975 1620 3067; baseline -0.005 -16"><span class='ocrx_word' id='word_1_365' title='bbox 162 2992 256 3051; x_wconf 75' lang='lat' dir='ltr'><strong>Amen.</strong></span> <span class='ocrx_word' id='word_1_366' title='bbox 953 2989 1037 3044; x_wconf 88' lang='grc' dir='ltr'>ταῦθα</span> <span class='ocrx_word' id='word_1_367' title='bbox 1049 2983 1159 3064; x_wconf 80' lang='grc' dir='ltr'>μεγάλοι</span> <span class='ocrx_word' id='word_1_368' title='bbox 1173 2983 1219 3044; x_wconf 82' lang='grc' dir='ltr'><strong>καὶ</strong></span> <span class='ocrx_word' id='word_1_369' title='bbox 1232 2987 1287 3044; x_wconf 81' lang='grc' dir='ltr'>ἐκεῖ</span> <span class='ocrx_word' id='word_1_370' title='bbox 1297 2975 1433 3063; x_wconf 75' lang='grc' dir='ltr'>γενόμενοι</span> <span class='ocrx_word' id='word_1_371' title='bbox 1446 2983 1586 3067; x_wconf 78' lang='grc' dir='ltr'>λαμπροὶ,</span> <span class='ocrx_word' id='word_1_372' title='bbox 1604 3007 1620 3043; x_wconf 85' lang='grc' dir='ltr'>τ</span> 
     </span>
    </p>

    <p class='ocr_par' dir='ltr' id='par_1_8' title="bbox 953 3075 1620 3157">
     <span class='ocr_line' id='line_1_32' title="bbox 953 3075 1620 3157; baseline -0.001 -20"><span class='ocrx_word' id='word_1_373' title='bbox 953 3076 1015 3137; x_wconf 84' lang='grc' dir='ltr'>νίιυν</span> <span class='ocrx_word' id='word_1_374' title='bbox 1032 3076 1200 3157; x_wconf 78' lang='grc' dir='ltr'>ἐπιτύχιομεν</span> <span class='ocrx_word' id='word_1_375' title='bbox 1220 3080 1335 3156; x_wconf 75' lang='grc' dir='ltr'>ἀγαθῶν,</span> <span class='ocrx_word' id='word_1_376' title='bbox 1356 3075 1449 3156; x_wconf 78' lang='grc' dir='ltr'>χάριτι</span> <span class='ocrx_word' id='word_1_377' title='bbox 1472 3076 1519 3135; x_wconf 80' lang='grc' dir='ltr'>καί</span> <span class='ocrx_word' id='word_1_378' title='bbox 1568 3078 1620 3136; x_wconf 69' lang='lat' dir='ltr'><strong>tim</strong></span> 
     </span>
    </p>

    <p class='ocr_par' dir='ltr' id='par_1_9' title="bbox 952 3100 1620 3250">
     <span class='ocr_line' id='line_1_33' title="bbox 952 3100 1620 3250; baseline 0 -22"><span class='ocrx_word' id='word_1_379' title='bbox 952 3174 997 3229; x_wconf 86' lang='grc' dir='ltr'><strong>τοῦ</strong></span> <span class='ocrx_word' id='word_1_380' title='bbox 1016 3168 1113 3250; x_wconf 84' lang='grc' dir='ltr'>Κυρίου</span> <span class='ocrx_word' id='word_1_381' title='bbox 1125 3173 1200 3246; x_wconf 83' lang='grc' dir='ltr'>ἡμῶν</span> <span class='ocrx_word' id='word_1_382' title='bbox 1213 3166 1300 3241; x_wconf 83' lang='grc' dir='ltr'>Ἰησοῦ</span> <span class='ocrx_word' id='word_1_383' title='bbox 1316 3169 1447 3249; x_wconf 80' lang='grc' dir='ltr'>Χριστοῦ,</span> <span class='ocrx_word' id='word_1_384' title='bbox 1463 3170 1522 3246; x_wconf 82' lang='grc' dir='ltr'>μεθ’</span> <span class='ocrx_word' id='word_1_385' title='bbox 1540 3100 1571 3228; x_wconf 61' lang='lat' dir='ltr'><strong>ih</strong></span> <span class='ocrx_word' id='word_1_386' title='bbox 1588 3190 1620 3248; x_wconf 73' lang='lat' dir='ltr'><strong>sq</strong></span> 
     </span>
    </p>

    <p class='ocr_par' dir='ltr' id='par_1_10' title="bbox 952 3258 1614 3341">
     <span class='ocr_line' id='line_1_34' title="bbox 952 3258 1614 3341; baseline 0.003 -23"><span class='ocrx_word' id='word_1_387' title='bbox 952 3258 1056 3332; x_wconf 78' lang='grc' dir='ltr'>ἡδόξα,</span> <span class='ocrx_word' id='word_1_388' title='bbox 1071 3259 1128 3338; x_wconf 81' lang='grc' dir='ltr'><strong>ἅμα</strong></span> <span class='ocrx_word' id='word_1_389' title='bbox 1143 3263 1181 3340; x_wconf 82' lang='grc' dir='ltr'>τῷ</span> <span class='ocrx_word' id='word_1_390' title='bbox 1195 3259 1262 3341; x_wconf 74' lang='grc' dir='ltr'>ἁγίῳ</span> <span class='ocrx_word' id='word_1_391' title='bbox 1273 3259 1429 3337; x_wconf 81' lang='grc' dir='ltr'>Πνιύματι,</span> <span class='ocrx_word' id='word_1_392' title='bbox 1443 3264 1489 3319; x_wconf 84' lang='grc' dir='ltr'><strong>νῦν</strong></span> <span class='ocrx_word' id='word_1_393' title='bbox 1506 3259 1553 3319; x_wconf 77' lang='grc' dir='ltr'>καί</span> <span class='ocrx_word' id='word_1_394' title='bbox 1572 3258 1614 3320; x_wconf 69' lang='grc' dir='ltr'><strong>ἀεὶ</strong></span> 
     </span>
    </p>
   </div>
   <div class='ocr_carea' id='block_1_8' title="bbox 952 3349 1415 3428">
    <p class='ocr_par' dir='ltr' id='par_1_11' title="bbox 952 3349 1415 3428">
     <span class='ocr_line' id='line_1_35' title="bbox 952 3349 1415 3428; baseline -0.004 -15"><span class='ocrx_word' id='word_1_395' title='bbox 952 3353 1012 3420; x_wconf 82' lang='grc' dir='ltr'>τοὺς</span> <span class='ocrx_word' id='word_1_396' title='bbox 1024 3356 1120 3420; x_wconf 86' lang='grc' dir='ltr'>αἰῶνας</span> <span class='ocrx_word' id='word_1_397' title='bbox 1133 3357 1185 3411; x_wconf 86' lang='grc' dir='ltr'>τῶν</span> <span class='ocrx_word' id='word_1_398' title='bbox 1198 3351 1310 3412; x_wconf 83' lang='grc' dir='ltr'>αἰώνων.</span> <span class='ocrx_word' id='word_1_399' title='bbox 1323 3349 1415 3428; x_wconf 81' lang='grc' dir='ltr'>Ἀμήν.</span> 
     </span>
    </p>
   </div>
   <div class='ocr_carea' id='block_1_9' title="bbox 160 3567 1610 3795">
    <p class='ocr_par' dir='ltr' id='par_1_12' title="bbox 160 3567 1610 3795">
     <span class='ocr_line' id='line_1_36' title="bbox 193 3567 1610 3637; baseline -0.004 -13"><span class='ocrx_word' id='word_1_400' title='bbox 193 3572 272 3624; x_wconf 71' lang='lat' dir='ltr'><strong>datr</strong></span> <span class='ocrx_word' id='word_1_401' title='bbox 284 3579 339 3630; x_wconf 82' lang='grc' dir='ltr'>ιθιός</span> <span class='ocrx_word' id='word_1_402' title='bbox 350 3574 417 3637; x_wconf 67' lang='lat' dir='ltr'><strong>airon</strong></span> <span class='ocrx_word' id='word_1_403' title='bbox 428 3575 466 3622; x_wconf 77' lang='grc' dir='ltr'>καὶ</span> <span class='ocrx_word' id='word_1_404' title='bbox 474 3576 605 3625; x_wconf 70' lang='grc' dir='ltr'>καταλιπεῖν</span> <span class='ocrx_word' id='word_1_405' title='bbox 618 3576 686 3624; x_wconf 80' lang='grc' dir='ltr'>πάλιν</span> <span class='ocrx_word' id='word_1_406' title='bbox 695 3577 764 3636; x_wconf 75' lang='grc' dir='ltr'>ἡμᾶς.</span> <span class='ocrx_word' id='word_1_407' title='bbox 777 3568 852 3620; x_wconf 86' lang='lat' dir='ltr'><strong>Vocis</strong></span> <span class='ocrx_word' id='word_1_408' title='bbox 862 3580 918 3630; x_wconf 73' lang='grc' dir='ltr'>εἰκός</span> <span class='ocrx_word' id='word_1_409' title='bbox 966 3571 1013 3620; x_wconf 79' lang='lat' dir='ltr'><strong>sed</strong></span> <span class='ocrx_word' id='word_1_410' title='bbox 1023 3570 1192 3636; x_wconf 80' lang='lat' dir='ltr'><strong>hauddubie,</strong></span> <span class='ocrx_word' id='word_1_411' title='bbox 1205 3570 1252 3620; x_wconf 82' lang='lat' dir='ltr'><strong>sed</strong></span> <span class='ocrx_word' id='word_1_412' title='bbox 1266 3572 1417 3632; x_wconf 76' lang='grc' dir='ltr'>πσσσεεανὶο.</span> <span class='ocrx_word' id='word_1_413' title='bbox 1434 3568 1517 3634; x_wconf 82' lang='lat' dir='ltr'><strong>[Infra</strong></span> <span class='ocrx_word' id='word_1_414' title='bbox 1532 3567 1610 3620; x_wconf 69' lang='lat' dir='ltr'><strong>Sunii.</strong></span> 
     </span>
     <span class='ocr_line' id='line_1_37' title="bbox 160 3647 1205 3718; baseline -0.001 -17"><span class='ocrx_word' id='word_1_415' title='bbox 160 3665 212 3701; x_wconf 90' lang='lat' dir='ltr'><strong>nou</strong></span> <span class='ocrx_word' id='word_1_416' title='bbox 224 3647 331 3717; x_wconf 74' lang='lat' dir='ltr'><strong>vulgaris</strong></span> <span class='ocrx_word' id='word_1_417' title='bbox 342 3647 384 3697; x_wconf 86' lang='lat' dir='ltr'><strong>hic</strong></span> <span class='ocrx_word' id='word_1_418' title='bbox 396 3663 453 3697; x_wconf 81' lang='lat' dir='ltr'><strong>usus</strong></span> <span class='ocrx_word' id='word_1_419' title='bbox 462 3660 507 3700; x_wconf 86' lang='lat' dir='ltr'><strong>est.</strong></span> <span class='ocrx_word' id='word_1_420' title='bbox 518 3649 584 3699; x_wconf 85' lang='lat' dir='ltr'><strong>Nam</strong></span> <span class='ocrx_word' id='word_1_421' title='bbox 594 3653 648 3700; x_wconf 78' lang='lat' dir='ltr'><strong>atu</strong></span> <span class='ocrx_word' id='word_1_422' title='bbox 668 3656 723 3707; x_wconf 80' lang='grc' dir='ltr'>εθιός</span> <span class='ocrx_word' id='word_1_423' title='bbox 738 3659 766 3698; x_wconf 88' lang='lat' dir='ltr'><strong>ut</strong></span> <span class='ocrx_word' id='word_1_424' title='bbox 781 3647 918 3712; x_wconf 85' lang='lat' dir='ltr'><strong>plurimum</strong></span> <span class='ocrx_word' id='word_1_425' title='bbox 967 3649 1016 3698; x_wconf 76' lang='lat'><strong>706</strong></span> <span class='ocrx_word' id='word_1_426' title='bbox 1028 3648 1205 3718; x_wconf 64' lang='grc' dir='ltr'>εὐτελέστεροι]</span> 
     </span>
     <span class='ocr_line' id='line_1_38' title="bbox 160 3721 1464 3795; baseline -0.003 -18"><span class='ocrx_word' id='word_1_427' title='bbox 160 3725 293 3795; x_wconf 84' lang='lat' dir='ltr'><strong>signifieat,</strong></span> <span class='ocrx_word' id='word_1_428' title='bbox 310 3726 498 3793; x_wconf 78' lang='lat' dir='ltr'><strong>sedsonaesr&#39;s,</strong></span> <span class='ocrx_word' id='word_1_429' title='bbox 510 3725 557 3776; x_wconf 78' lang='lat' dir='ltr'><strong>sed</strong></span> <span class='ocrx_word' id='word_1_430' title='bbox 572 3725 709 3776; x_wconf 71' lang='lat' dir='ltr'><strong>verinmr&#39;te</strong></span> <span class='ocrx_word' id='word_1_431' title='bbox 725 3736 763 3776; x_wconf 81' lang='grc' dir='ltr'><strong>σοι</strong></span> <span class='ocrx_word' id='word_1_432' title='bbox 773 3741 781 3775; x_wconf 79' lang='grc'><strong>.-</strong></span> <span class='ocrx_word' id='word_1_433' title='bbox 791 3723 833 3776; x_wconf 90' lang='lat' dir='ltr'><strong>hic</strong></span> <span class='ocrx_word' id='word_1_434' title='bbox 845 3742 915 3785; x_wconf 83' lang='lat' dir='ltr'><strong>vero,</strong></span> <span class='ocrx_word' id='word_1_435' title='bbox 1001 3726 1172 3790; x_wconf 70' lang='grc' dir='ltr'>’[συιειόησιως</span> <span class='ocrx_word' id='word_1_436' title='bbox 1184 3722 1262 3776; x_wconf 81' lang='lat' dir='ltr'><strong>Sevil.</strong></span> <span class='ocrx_word' id='word_1_437' title='bbox 1275 3735 1301 3773; x_wconf 85' lang='lat' dir='ltr'><strong>et</strong></span> <span class='ocrx_word' id='word_1_438' title='bbox 1312 3721 1378 3776; x_wconf 81' lang='lat' dir='ltr'><strong>eod.</strong></span> <span class='ocrx_word' id='word_1_439' title='bbox 1392 3725 1464 3790; x_wconf 88' lang='grc' dir='ltr'>7θθ.]</span> 
     </span>
    </p>
   </div>
   <div class='ocr_carea' id='block_1_10' title="bbox 372 4111 1443 4211">
    <p class='ocr_par' dir='ltr' id='par_1_13' title="bbox 372 4111 1443 4211">
     <span class='ocr_line' id='line_1_39' title="bbox 372 4111 1443 4211; baseline -0.005 -32"><span class='ocrx_word' id='word_1_440' title='bbox 372 4118 529 4186; x_wconf 75' lang='lat' dir='ltr'><strong>numum</strong></span> <span class='ocrx_word' id='word_1_441' title='bbox 549 4116 684 4178; x_wconf 84' lang='lat' dir='ltr'>XXXIV.</span> <span class='ocrx_word' id='word_1_442' title='bbox 908 4111 945 4211; x_wconf 54' lang='lat'><strong>¹2³</strong></span> <span class='ocrx_word' id='word_1_443' title='bbox 1230 4116 1366 4175; x_wconf 76' lang='lat' dir='ltr'><strong>uniunt</strong></span> <span class='ocrx_word' id='word_1_444' title='bbox 1392 4112 1443 4176; x_wconf 74' lang='lat' dir='ltr'><strong>tu.</strong></span> 
     </span>
    </p>
   </div>
   <div class='ocr_carea' id='block_1_11' title="bbox 157 4289 1620 4725">
    <p class='ocr_par' dir='ltr' id='par_1_14' title="bbox 157 4289 1620 4725">
     <span class='ocr_line' id='line_1_40' title="bbox 157 4289 1620 4386; baseline -0.001 -22"><span class='ocrx_word' id='word_1_445' title='bbox 157 4304 205 4365; x_wconf 71' lang='lat'><strong>28.</strong></span> <span class='ocrx_word' id='word_1_446' title='bbox 220 4307 348 4385; x_wconf 81' lang='lat' dir='ltr'><strong>Reliquit</strong></span> <span class='ocrx_word' id='word_1_447' title='bbox 374 4325 441 4386; x_wconf 81' lang='lat' dir='ltr'><strong>ergo</strong></span> <span class='ocrx_word' id='word_1_448' title='bbox 460 4305 601 4380; x_wconf 79' lang='lat' dir='ltr'><strong>hydriam</strong></span> <span class='ocrx_word' id='word_1_449' title='bbox 627 4322 712 4363; x_wconf 77' lang='lat' dir='ltr'><strong>suum</strong></span> <span class='ocrx_word' id='word_1_450' title='bbox 732 4300 849 4371; x_wconf 81' lang='lat' dir='ltr'><strong>mulier,</strong></span> <span class='ocrx_word' id='word_1_451' title='bbox 871 4310 899 4358; x_wconf 87' lang='lat' dir='ltr'><strong>et</strong></span> <span class='ocrx_word' id='word_1_452' title='bbox 952 4293 1061 4376; x_wconf 76' lang='grc' dir='ltr'>Ἀρῆκεν</span> <span class='ocrx_word' id='word_1_453' title='bbox 1075 4289 1118 4356; x_wconf 77' lang='grc' dir='ltr'>οῦν</span> <span class='ocrx_word' id='word_1_454' title='bbox 1138 4298 1187 4371; x_wconf 73' lang='grc' dir='ltr'>τὴν</span> <span class='ocrx_word' id='word_1_455' title='bbox 1200 4298 1292 4378; x_wconf 79' lang='grc' dir='ltr'>ὑδρίαν</span> <span class='ocrx_word' id='word_1_456' title='bbox 1316 4302 1425 4372; x_wconf 76' lang='grc' dir='ltr'>αῦτῆςὴ</span> <span class='ocrx_word' id='word_1_457' title='bbox 1440 4300 1524 4380; x_wconf 67' lang='grc' dir='ltr'>γυνη,</span> <span class='ocrx_word' id='word_1_458' title='bbox 1544 4302 1620 4362; x_wconf 58' lang='lat' dir='ltr'><strong>seuit?</strong></span> 
     </span>
     <span class='ocr_line' id='line_1_41' title="bbox 196 4387 1612 4475; baseline 0 -22"><span class='ocrx_word' id='word_1_459' title='bbox 196 4398 270 4454; x_wconf 84' lang='lat' dir='ltr'><strong>abiit</strong></span> <span class='ocrx_word' id='word_1_460' title='bbox 298 4400 330 4453; x_wconf 84' lang='lat' dir='ltr'><strong>in</strong></span> <span class='ocrx_word' id='word_1_461' title='bbox 355 4400 504 4454; x_wconf 83' lang='lat' dir='ltr'><strong>civitatem</strong></span> <span class='ocrx_word' id='word_1_462' title='bbox 511 4437 521 4465; x_wconf 89' lang='lat'><em>,</em></span> <span class='ocrx_word' id='word_1_463' title='bbox 549 4408 578 4453; x_wconf 91' lang='lat' dir='ltr'><strong>et</strong></span> <span class='ocrx_word' id='word_1_464' title='bbox 601 4395 677 4452; x_wconf 78' lang='lat' dir='ltr'><strong>dixit</strong></span> <span class='ocrx_word' id='word_1_465' title='bbox 704 4393 897 4451; x_wconf 81' lang='lat' dir='ltr'><strong>hominibus:</strong></span> <span class='ocrx_word' id='word_1_466' title='bbox 991 4390 1028 4455; x_wconf 83' lang='grc' dir='ltr'>εἰς</span> <span class='ocrx_word' id='word_1_467' title='bbox 1047 4387 1096 4460; x_wconf 74' lang='grc' dir='ltr'>τὴν</span> <span class='ocrx_word' id='word_1_468' title='bbox 1116 4389 1203 4464; x_wconf 80' lang='grc' dir='ltr'>πολιν,</span> <span class='ocrx_word' id='word_1_469' title='bbox 1223 4390 1269 4449; x_wconf 82' lang='grc' dir='ltr'>καί</span> <span class='ocrx_word' id='word_1_470' title='bbox 1288 4391 1360 4470; x_wconf 77' lang='grc' dir='ltr'>λέγει</span> <span class='ocrx_word' id='word_1_471' title='bbox 1376 4400 1430 4461; x_wconf 89' lang='grc' dir='ltr'>τοῖς</span> <span class='ocrx_word' id='word_1_472' title='bbox 1449 4392 1612 4475; x_wconf 63' lang='grc' dir='ltr'>ἀνθρώποις*</span> 
     </span>
     <span class='ocr_line' id='line_1_42' title="bbox 195 4473 1620 4563; baseline 0.003 -20"><span class='ocrx_word' id='word_1_473' title='bbox 195 4486 246 4544; x_wconf 70' lang='lat'><strong>29.</strong></span> <span class='ocrx_word' id='word_1_474' title='bbox 264 4487 376 4556; x_wconf 81' lang='lat' dir='ltr'><strong>Venite,</strong></span> <span class='ocrx_word' id='word_1_475' title='bbox 389 4486 487 4542; x_wconf 82' lang='lat' dir='ltr'><strong>videte</strong></span> <span class='ocrx_word' id='word_1_476' title='bbox 500 4485 657 4555; x_wconf 68' lang='lat' dir='ltr'><strong>leunsinem,</strong></span> <span class='ocrx_word' id='word_1_477' title='bbox 671 4487 722 4563; x_wconf 83' lang='lat' dir='ltr'><strong>qui</strong></span> <span class='ocrx_word' id='word_1_478' title='bbox 734 4482 810 4539; x_wconf 55' lang='lat' dir='ltr'><strong>dreit</strong></span> <span class='ocrx_word' id='word_1_479' title='bbox 825 4482 898 4539; x_wconf 73' lang='lat' dir='ltr'><strong>nuti</strong></span> <span class='ocrx_word' id='word_1_480' title='bbox 989 4480 1057 4539; x_wconf 80' lang='grc' dir='ltr'>ἴδετε</span> <span class='ocrx_word' id='word_1_481' title='bbox 1078 4480 1225 4562; x_wconf 78' lang='grc' dir='ltr'>ἄνθρωπον,</span> <span class='ocrx_word' id='word_1_482' title='bbox 1239 4481 1267 4548; x_wconf 81' lang='grc' dir='ltr'><strong>ὃς</strong></span> <span class='ocrx_word' id='word_1_483' title='bbox 1283 4473 1341 4542; x_wconf 81' lang='grc' dir='ltr'>εἶπέ</span> <span class='ocrx_word' id='word_1_484' title='bbox 1355 4508 1401 4562; x_wconf 86' lang='grc' dir='ltr'><strong>μοι</strong></span> <span class='ocrx_word' id='word_1_485' title='bbox 1411 4485 1503 4544; x_wconf 87' lang='grc' dir='ltr'>πόντοι</span> <span class='ocrx_word' id='word_1_486' title='bbox 1526 4485 1578 4546; x_wconf 78' lang='grc' dir='ltr'><strong>ὅσα</strong></span> <span class='ocrx_word' id='word_1_487' title='bbox 1600 4490 1620 4548; x_wconf 74' lang='lat' dir='ltr'><strong>ir</strong></span> 
     </span>
     <span class='ocr_line' id='line_1_43' title="bbox 194 4563 1391 4655; baseline 0.003 -22"><span class='ocrx_word' id='word_1_488' title='bbox 194 4593 383 4654; x_wconf 76' lang='lat' dir='ltr'><strong>quecumque</strong></span> <span class='ocrx_word' id='word_1_489' title='bbox 393 4576 478 4653; x_wconf 77' lang='lat' dir='ltr'><strong>feci:</strong></span> <span class='ocrx_word' id='word_1_490' title='bbox 502 4575 645 4654; x_wconf 65' lang='lat' dir='ltr'><strong>numquid</strong></span> <span class='ocrx_word' id='word_1_491' title='bbox 667 4578 728 4653; x_wconf 80' lang='lat' dir='ltr'><strong>ipse</strong></span> <span class='ocrx_word' id='word_1_492' title='bbox 747 4585 791 4632; x_wconf 86' lang='lat' dir='ltr'><strong>est</strong></span> <span class='ocrx_word' id='word_1_493' title='bbox 812 4572 896 4631; x_wconf 81' lang='lat' dir='ltr'><strong>Chri·</strong></span> <span class='ocrx_word' id='word_1_494' title='bbox 989 4571 1055 4649; x_wconf 82' lang='grc' dir='ltr'>μήτι</span> <span class='ocrx_word' id='word_1_495' title='bbox 1068 4563 1141 4641; x_wconf 72' lang='grc' dir='ltr'>οὗτός</span> <span class='ocrx_word' id='word_1_496' title='bbox 1154 4577 1224 4633; x_wconf 79' lang='grc' dir='ltr'>ἐστιν</span> <span class='ocrx_word' id='word_1_497' title='bbox 1236 4578 1251 4634; x_wconf 91' lang='grc' dir='ltr'>ό</span> <span class='ocrx_word' id='word_1_498' title='bbox 1262 4576 1391 4655; x_wconf 74' lang='grc' dir='ltr'>Χριστόςς</span> 
     </span>
     <span class='ocr_line' id='line_1_44' title="bbox 193 4671 275 4725; baseline -0.037 0"><span class='ocrx_word' id='word_1_499' title='bbox 193 4671 275 4725; x_wconf 84' lang='lat' dir='ltr'><strong>stus?</strong></span> 
     </span>
    </p>
   </div>
   <div class='ocr_carea' id='block_1_12' title="bbox 150 4936 1620 5110">
    <p class='ocr_par' dir='ltr' id='par_1_15' title="bbox 150 4936 1620 5110">
     <span class='ocr_line' id='line_1_45' title="bbox 151 4936 1620 5024; baseline -0.008 -20"><span class='ocrx_word' id='word_1_500' title='bbox 151 4942 241 5004; x_wconf 88' lang='lat' dir='ltr'><strong>studio</strong></span> <span class='ocrx_word' id='word_1_501' title='bbox 246 4964 255 5019; x_wconf 86' lang='lat'>;</span> <span class='ocrx_word' id='word_1_502' title='bbox 270 4939 390 5017; x_wconf 85' lang='lat' dir='ltr'><strong>alioquin</strong></span> <span class='ocrx_word' id='word_1_503' title='bbox 402 4937 532 5019; x_wconf 86' lang='lat' dir='ltr'><strong>promissa</strong></span> <span class='ocrx_word' id='word_1_504' title='bbox 546 4938 617 4996; x_wconf 89' lang='lat' dir='ltr'><strong>bona</strong></span> <span class='ocrx_word' id='word_1_505' title='bbox 637 4937 761 5015; x_wconf 88' lang='lat' dir='ltr'><strong>consequi</strong></span> <span class='ocrx_word' id='word_1_506' title='bbox 774 4957 826 4996; x_wconf 91' lang='lat' dir='ltr'><strong>non</strong></span> <span class='ocrx_word' id='word_1_507' title='bbox 841 4959 892 5018; x_wconf 84' lang='lat' dir='ltr'><strong>po-</strong></span> <span class='ocrx_word' id='word_1_508' title='bbox 947 4936 1034 5014; x_wconf 87' lang='grc' dir='ltr'>μίνης·</span> <span class='ocrx_word' id='word_1_509' title='bbox 1045 4936 1142 5009; x_wconf 82' lang='grc' dir='ltr'>ταύτης</span> <span class='ocrx_word' id='word_1_510' title='bbox 1152 4936 1204 5019; x_wconf 73' lang='grc' dir='ltr'><strong>γὰρ</strong></span> <span class='ocrx_word' id='word_1_511' title='bbox 1214 4938 1276 4997; x_wconf 82' lang='grc' dir='ltr'>ἄνευ</span> <span class='ocrx_word' id='word_1_512' title='bbox 1293 4941 1361 4998; x_wconf 69' lang='grc' dir='ltr'>*οὐκ</span> <span class='ocrx_word' id='word_1_513' title='bbox 1380 4940 1466 5020; x_wconf 82' lang='grc' dir='ltr'>ἔνεστι</span> <span class='ocrx_word' id='word_1_514' title='bbox 1476 4954 1571 5024; x_wconf 63' lang='grc' dir='ltr'>τυχεῖν</span> <span class='ocrx_word' id='word_1_515' title='bbox 1583 4951 1620 5007; x_wconf 61' lang='grc' dir='ltr'><strong>τῶ</strong></span> 
     </span>
     <span class='ocr_line' id='line_1_46' title="bbox 150 5027 1620 5110; baseline -0.001 -13"><span class='ocrx_word' id='word_1_516' title='bbox 150 5037 268 5096; x_wconf 86' lang='lat' dir='ltr'><strong>terimus.</strong></span> <span class='ocrx_word' id='word_1_517' title='bbox 284 5029 366 5105; x_wconf 92' lang='lat' dir='ltr'><strong>Quod</strong></span> <span class='ocrx_word' id='word_1_518' title='bbox 378 5029 532 5108; x_wconf 79' lang='lat' dir='ltr'><strong>significans</strong></span> <span class='ocrx_word' id='word_1_519' title='bbox 548 5028 673 5088; x_wconf 88' lang='lat' dir='ltr'><strong>Christus</strong></span> <span class='ocrx_word' id='word_1_520' title='bbox 691 5027 772 5089; x_wconf 88' lang='lat' dir='ltr'><strong>modo</strong></span> <span class='ocrx_word' id='word_1_521' title='bbox 782 5027 893 5107; x_wconf 90' lang='lat' dir='ltr'><strong>quidem</strong></span> <span class='ocrx_word' id='word_1_522' title='bbox 946 5028 1080 5107; x_wconf 84' lang='grc' dir='ltr'>γελμίνων</span> <span class='ocrx_word' id='word_1_523' title='bbox 1092 5035 1155 5108; x_wconf 82' lang='grc' dir='ltr'>ἡμῖν</span> <span class='ocrx_word' id='word_1_524' title='bbox 1172 5033 1287 5110; x_wconf 81' lang='grc' dir='ltr'>ἀγαθῶν.</span> <span class='ocrx_word' id='word_1_525' title='bbox 1301 5031 1356 5093; x_wconf 84' lang='grc' dir='ltr'><strong>Καὶ</strong></span> <span class='ocrx_word' id='word_1_526' title='bbox 1368 5038 1446 5095; x_wconf 86' lang='grc' dir='ltr'>τοῦτο</span> <span class='ocrx_word' id='word_1_527' title='bbox 1465 5036 1573 5107; x_wconf 78' lang='grc' dir='ltr'>δεικνὺς</span> <span class='ocrx_word' id='word_1_528' title='bbox 1587 5040 1620 5101; x_wconf 76' lang='grc' dir='ltr'><strong>θ’,</strong></span> 
     </span>
    </p>
   </div>
   <div class='ocr_carea' id='block_1_13' title="bbox 179 5236 424 5290">
    <p class='ocr_par' dir='ltr' id='par_1_16' title="bbox 179 5236 424 5290">
     <span class='ocr_line' id='line_1_47' title="bbox 179 5236 424 5290; baseline -0.012 -1"><span class='ocrx_word' id='word_1_529' title='bbox 179 5236 286 5289; x_wconf 72' lang='grc' dir='ltr'>·Μοῑο1.</span> <span class='ocrx_word' id='word_1_530' title='bbox 298 5240 359 5290; x_wconf 74' lang='lat' dir='ltr'><strong>otto</strong></span> <span class='ocrx_word' id='word_1_531' title='bbox 368 5242 424 5287; x_wconf 78' lang='grc' dir='ltr'>ἰατι.</span> 
     </span>
    </p>
   </div>
   <div class='ocr_carea' id='block_1_14' title="bbox 0 0 1880 5940">
    <p class='ocr_par' dir='ltr' id='par_1_17' title="bbox 0 0 1880 5940">
     <span class='ocr_line' id='line_1_48' title="bbox 0 0 1880 5940; baseline 0 2"><span class='ocrx_word' id='word_1_532' title='bbox 0 0 1880 5940; x_wconf 95' lang='lat' dir='ltr'><strong> </strong></span> 
     </span>
    </p>
   </div>
  </div>
 </body>
</html>
