3750 5940
243 405 289 503 7ss
580 428 609 474 S.
635 426 770 476 totuttts
796 423 978 473 CRRYSOST·
1008 424 1162 471 tuctttttt’.
1189 422 1454 472 coustituetuoP.

239 554 301 632 jure
314 552 391 611 nobis
403 550 504 631 singuli
517 563 715 626 succensercut3
724 550 748 608 si
761 569 826 609 vero
840 546 985 607 utilitatem
1041 552 1117 606 τοῦτο
1127 548 1244 618 λυπῆσαι
1254 545 1425 627 προελόμενοι
1436 543 1512 621 μόνον
1524 547 1609 622 ’ὑμᾶς
1622 546 1708 602 ταῦτα
1718 541 1819 622 lupric-

241 656 360 704 vestram
375 654 534 722 spectantes,
549 640 704 700 auditorum
722 637 837 719 gratiam
850 636 919 696 inire
932 654 985 694 non
1041 659 1130 715 τομεν,
1150 636 1257 705 ιίιιότως
1270 635 1301 696 ἂν
1320 635 1429 702 ἕκαστος
1447 633 1643 714 ἐδυσχέραινεν·
1664 636 1688 693 εἰ
1704 631 1732 693 ll
1751 633 1819 712 πρὸς

241 733 412 810 curavimus,
427 733 622 793 etiamsiillam
634 731 769 813 profectus
780 728 865 791 vestri
878 747 983 805 curam,
1002 737 1022 786 B
1040 727 1071 788 τδ
1092 728 1223 812 συμφέρον
1244 733 1321 809 ἡμῶν
1351 727 1491 807 βλέποντες
1516 726 1622 805 τὴν,έν
1650 735 1705 794 τοῖς
1730 723 1820 804 λόγους

242 846 324 904 quam
343 826 484 906 gessimus,
499 839 635 906 aucupum
658 823 759 882 babere
781 820 884 899 nolitis,
899 818 986 879 amori
1041 819 1120 902 χάριν
1137 820 1309 902 παριίδομεν,
1324 824 1347 880 εἰ
1368 820 1414 880 καὶ
1437 816 1474 897 μή
1495 817 1672 887 ἀποδεἜασθαι
1695 814 1819 895 βαόλισθε

241 916 337 975 saltem
355 930 445 977 nostro
462 916 571 977 veniam
587 912 738 975 concedatis
755 925 868 993 oportet.
884 910 985 971 Admo-
1040 915 1090 982 τῆς
1108 912 1272 993 προμηθείας
1287 918 1378 990 ἡμᾶς,
1393 907 1462 970 ἀλλὰ
1486 912 1633 990 συγγνῶναι
1654 912 1703 980 τῆς
1723 905 1819 967 cucuti-

241 1006 309 1067 dum
328 1008 401 1068 euim
421 1008 557 1086 timemus,
573 1028 607 1067 ne
624 1006 702 1065 nobis
720 1025 782 1064 cum
794 1001 886 1063 studio
899 1002 986 1062 multo
1041 1029 1089 1077 της
1106 1002 1137 1064 διν
1156 1005 1227 1077 είητι
1238 1006 1334 1066 δίκαιοι
1345 1001 1538 1087 φιλοστοργίας.
1558 1001 1613 1062 Καὶ
1621 1001 1673 1083 γὰρ
1694 1000 1819 1080 καλοφό-

241 1099 471 1176 concionantibus,
487 1099 564 1159 vobis
581 1111 672 1157 autem
688 1094 769 1154 dietis
785 1093 923 1154 attendere
940 1114 985 1153 ne
1041 1095 1091 1178 δρα
1113 1096 1279 1176 δεδοίκαμεν,
1296 1094 1311 1130 θ
1318 1097 1421 1176 μήποτε
1439 1094 1637 1164 σπουδαζόντων
1659 1092 1709 1172 μίν
1728 1096 1818 1172 ἡμῶν,

241 1192 420 1273 gligentibus,
440 1190 576 1270 graviores
596 1189 676 1251 vobis
702 1187 818 1247 rationes
838 1184 984 1245 reddendae
1041 1191 1115 1266 ὑμῶν
1137 1187 1225 1249 δὲοθιι
1244 1188 1384 1250 ἐθελόντων
1397 1188 1446 1261 τήν
1466 1186 1548 1260 αὐτήν
1562 1185 1742 1256 ἐπιδείξασθαι
1755 1185 1818 1268 περὶ

241 1285 304 1344 sint.
318 1283 383 1344 Ideo
400 1304 482 1364 cogor
494 1305 544 1355 vos
556 1284 709 1361 frequenter
721 1279 839 1339 excitare
851 1291 878 1337 et
890 1298 985 1358 expet*
1040 1279 1089 1354 τήν
1104 1280 1230 1365 ἀκρόασιν
1244 1280 1410 1363 φιλοπονίαν,
1430 1284 1458 1341 ei
1473 1286 1525 1340 τῶν
1542 1279 1692 1358 μελλόντων
1712 1281 1817 1339 εθθῦναι

241 1378 370 1456 gesacere,
385 1399 419 1437 ue
431 1376 567 1436 dictorum
579 1373 723 1456 quidpiam
736 1370 868 1431 inutiliter
880 1370 983 1429 effluat.
1041 1371 1227 1456 χαλιπότιραι
1243 1373 1379 1454 γένωνται,
1406 1374 1456 1434 Διὸ
1475 1376 1592 1453 συνεχῶς
1613 1370 1818 1450 ἀναγααζόμιθιι

241 1468 300 1529 Hoc
317 1469 389 1529 euim
405 1483 483 1550 pacto
500 1467 593 1527 licebit
609 1466 688 1526 vobis
704 1464 819 1524 fidenter
836 1476 863 1521 et
879 1462 925 1521 hic
943 1461 985 1521 vi·
1042 1463 1176 1546 διεγείρειν
1188 1489 1219 1524 τε
1235 1470 1304 1544 ὑμᾶς
1316 1466 1364 1526 καὶ
1381 1465 1543 1547 όφυπνίζειν,
1567 1461 1637 1523 dere
1661 1460 1745 1541 pullu
1763 1464 1817 1523 τῶν

242 1582 316 1640 vere,
331 1575 358 1620 et
374 1560 403 1620 in
420 1561 469 1620 illo
486 1560 532 1620 die
544 1574 606 1619 ante
618 1556 738 1617 tribunal
751 1554 853 1615 Christi
866 1553 982 1613 adstare.
1041 1556 1188 1634 λεγομένων
1197 1561 1390 1641 παραρρυῆναι.
1401 1556 1482 1619 Οὕτω
1491 1555 1544 1638 γδρ
1558 1560 1620 1632 ὑμῖν
1635 1553 1705 1633 ματα
1716 1555 1819 1626 πολλῆς

242 1653 314 1725 Quia
334 1652 419 1733 igitur
438 1673 488 1714 ros
509 1673 596 1732 nuper
615 1648 679 1709 satis
700 1646 923 1729 perstrinximus,
936 1666 985 1725 age
1041 1647 1192 1730 παρρησίας
1206 1655 1251 1708 νῦν
1269 1673 1300 1709 τε
1323 1648 1424 1718 ἐξέσται
1445 1653 1553 1728 βιῶναι,
1567 1647 1613 1707 καί
1634 1649 1695 1706 ιιατ*
1714 1645 1818 1719 έιιείνην

241 1744 324 1805 bodie
344 1745 436 1804 statim
453 1745 512 1825 ipsa
533 1742 617 1802 verba
637 1760 827 1821 proponamus.
848 1741 889 1798 Et
908 1742 986 1799 uidi·
1004 1751 1023 1801 c
1042 1737 1091 1811 τήν
1100 1739 1203 1822 ἡμέραν
1214 1744 1427 1823 παραστῆναιτῷ
1439 1741 1540 1820 βήματι
1549 1744 1596 1798 τοῦ
1607 1739 1732 1821 Χριστῶ.
1740 1736 1819 1799 Ἐπεί

242 1839 426 1917 mus,inquit,
439 1839 566 1919 gloriam
583 1837 656 1914 ejus,
667 1836 793 1914 glorium
807 1836 894 1912 quasi
915 1836 986 1894 Uni-
1043 1821 1087 1893 siv
1098 1835 1194 1901 ἱκανῶς
1209 1836 1282 1912 ὑμῶν
1300 1835 1478 1915 καθηψόμαθα
1490 1830 1597 1915 πρῴην,
1620 1830 1684 1913 φέρι
1701 1829 1818 1913 τήμερον

241 1936 363 2012 genitia
376 1934 478 1990 Patre.
494 1931 640 2006 Postquam
660 1926 768 1986 dixerat
781 1946 829 1986 nos
842 1925 914 1986 filios
934 1926 987 1986 Dei
1043 1926 1073 1984 tx
1085 1924 1231 2006 προοιμίων
1247 1928 1282 1992 εἰς
1296 1924 1377 1995 uicis
1396 1925 1444 1994 τδις
1466 1925 1554 2007 ῥήσεις
1574 1922 1743 2003 ίμόόλωμεν.
1764 1923 1819 1985 Καὶ

242 2023 428 2100 effectosesse,
444 2035 470 2081 et
483 2017 634 2080 ostenderat
651 2038 705 2078 non
718 2017 773 2076 aliu
786 2016 867 2077 modu
881 2017 912 2077 id
924 2038 987 2078 eve-
1042 2014 1208 2091 ίθιασοίμεθα
1224 2016 1285 2099 γὰρ,
1299 2017 1377 2100 φησί,
1399 2018 1448 2090 τήν
1469 2015 1545 2085 δόξαν
1571 2019 1664 2089 αὐτῶ,
1682 2014 1760 2085 δόξαν
1781 2018 1818 2085 ὥς

242 2113 327 2190 uisse,
347 2135 429 2193 quam
448 2110 524 2191 quod
541 2108 666 2172 Verbum
691 2128 754 2170 caro
778 2108 881 2168 sactum
906 2123 985 2188 esset,
1042 2108 1204 2188 Μονογενοῶς
1213 2110 1288 2192 παρδ
1307 2109 1422 2191 Πατρός.
1445 2109 1537 2172 Εἰπὼν
1550 2107 1819 2189 θσιΘοοῦτέιιναγο-

242 2204 319 2265 aliud
332 2205 396 2265 hinc
409 2204 620 2264 emolumentum
632 2199 787 2282 provenisse
799 2199 876 2259 dicit.
891 2200 986 2273 Quod-
1042 2197 1166 2278 γθναμεν,
1174 2201 1332 2271 καλθδσίξας
1342 2205 1390 2262 οὐκ
1399 2200 1514 2273 όλλωςῆ
1526 2205 1566 2284 τῷ
1578 2201 1623 2261 τδν
1632 2199 1719 2281 Λόγοι
1730 2199 1818 2281 σάρκα

242 2316 305 2356 nam
326 2295 397 2356 illud
410 2296 467 2355 est?
483 2296 615 2354 Vidimus
633 2293 757 2373 glorium
778 2295 851 2372 ejus,
861 2293 987 2373 gloriam
1042 2289 1175 2370 γενέσθαι,
1185 2294 1265 2354 πόλιν
1277 2297 1355 2354 αὐτοῦ
1368 2293 1460 2355 τούτου
1473 2294 1544 2374 λέγει
1557 2293 1604 2354 uel
1617 2291 1707 2374 ἕτερον
1716 2290 1817 2375 κέρδος.

242 2395 329 2455 quusi
357 2392 506 2469 Unigeniti
526 2408 546 2447 α
566 2389 678 2447 Patre:
693 2405 747 2445 non
772 2384 867 2464 utique
886 2384 985 2464 visuri,
1043 2379 1080 2441 Τί
1099 2381 1127 2443 δὲ
1145 2382 1223 2445 τοῦτό
1243 2388 1328 2460 ίστινς
1343 2385 1529 2466 Ἐθεασόμεθα
1546 2385 1595 2458 τήν
1621 2383 1698 2463 δόξαν
1722 2387 1818 2459 αθτῶ,

242 2480 295 2539 nisi
303 2503 351 2563 per
360 2480 464 2541 socium
473 2479 526 2539 sibi
537 2499 634 2559 corpus
644 2475 722 2536 nobis
728 2477 906 2558 apparuisset.
916 2479 987 2537 Nam
1043 2472 1118 2543 δόξαν
1137 2478 1172 2543 ὡς
1183 2479 1345 2558 Μονογενοῶς
1355 2478 1430 2560 παρδ
1439 2476 1560 2558 Πατρός·
1574 2479 1621 2537 cius
1634 2477 1665 2537 θν
1685 2477 1819 2556 θιασόμε·

243 2572 265 2632 si
274 2574 379 2655 Moysis
387 2587 490 2633 nauuae
498 2569 718 2632 nostraebomiuis
736 2570 844 2629 vultum
857 2571 986 2631 icrrenou
1042 2589 1098 2640 νοι,
1112 2569 1135 2626 εἰ
1148 2566 1186 2646 μή
1201 2567 1245 2628 διδ
1256 2576 1302 2631 τοῦ
1315 2570 1456 2652 συντρόφου
1470 2568 1592 2648 σώματος
1606 2574 1673 2649 ἡμῖν
1684 2568 1772 2651 ὤφθη.
1783 2570 1839 2631 El·

241 2678 365 2745 poterant
372 2666 446 2726 illius
453 2665 582 2746 temporis
593 2663 728 2739 homines,
741 2661 815 2741 quod
824 2661 910 2742 gloria
922 2663 986 2722 illu·
1042 2658 1296 2741 γδρΜωϋσέωςτ-’ής
1308 2665 1463 2741 αι’ντῆςήμῖν
1474 2662 1628 2744 μετέχοντος
1647 2659 1750 2742 φόσουις
1769 2662 1821 2743 οὔχ

241 2768 386 2829 strareutr,
400 2756 449 2816 sed
463 2757 524 2816 velo
544 2777 612 2836 opus
631 2753 728 2814 habuit
741 2752 786 2813 vir
795 2753 895 2834 justtrs,
912 2752 987 2833 quod
1041 2751 1185 2831 ὑπέμειναν
1198 2756 1223 2813 oi
1240 2751 1316 2813 “aad
1331 2758 1428 2815 ἐκεῖνον
1451 2754 1496 2814 τδν
1516 2756 1607 2836 καιρὸν
1622 2754 1654 2815 cb
1674 2752 1818 2836 πρόσωπον

242 2847 357 2927 gloriam
380 2847 457 2907 illam
473 2847 609 2927 ingentem
628 2844 817 2919 obumbraret,
840 2865 871 2904 ac
893 2846 987 2905 mitem
1005 2848 1024 2895 Ι)
1044 2843 1121 2922 μόνον
1129 2844 1250 2915 δοξασθέν
1264 2848 1336 2921 ἰδεῖν,
1354 2846 1423 2908 ἀλλὰ
1431 2846 1478 2907 καί
1491 2844 1820 2930 προιιαλόμματοςίδίησι

240 2931 565 3020 blandamquepropbetae
571 2936 669 2996 faciem
675 2933 838 2996 ostenderet:
852 2937 987 3014 quomodo
1041 2939 1080 3016 τῷ
1091 2936 1185 3019 δικαίιρ
1197 2946 1242 3000 τοῦ
1253 2938 1397 3019 δυναμίνου
1407 2939 1494 3011 τδσῆς
1502 2937 1577 3013 δόξης
1587 2938 1702 3021 ἄκρατον
1710 2936 1821 3000 mit·

241 3032 342 3091 nudam
355 3031 538 3108 divinitatem,
547 3029 614 3111 ipsis
620 3027 744 3110 supernis
756 3027 905 3090 virtutibus
912 3031 986 3090 inac-
1042 3049 1104 3102 σαι,
1113 3029 1283 3114 ἰιαίήμιρον
1295 3029 1341 3091 καί
1353 3036 1473 3113 προσηνῆ
1484 3036 1530 3091 τοῦ
1541 3056 1564 3091 π
1696 3027 1748 3103 τήν
1757 3028 1819 3110 δίον

142 3145 147 3154 ’
241 3143 359 3201 mmm,
382 3143 431 3183 nos
452 3121 519 3182 lutei
534 3134 560 3181 et
579 3120 680 3180 temeni
699 3119 769 3179 serre
787 3120 986 3201 potuissemus?
1043 3123 1129 3188 αιίτοῖς
1152 3122 1249 3192 δεῖξαι·
1262 3127 1319 3193 πῶς
1333 3123 1443 3197 θεόιητα
1459 3121 1571 3205 γυμνήν,
1582 3147 1662 3185 ουσαν
1674 3121 1820 3206 ἀπρόσιτον

240 3213 305 3274 Ideo
320 3214 455 3273 habitavit
471 3213 499 3271 in
517 3212 605 3289 nobis,
622 3223 652 3268 ut
665 3209 755 3291 ipsum
766 3210 853 3288 adire,
871 3211 984 3291 alloqui,
1042 3210 1088 3273 καί
1104 3215 1194 3282 αὐταῖς
1209 3223 1268 3282 ταῖς
1279 3214 1334 3274 ἄνω
1348 3214 1587 3294 δυνάμεσιν,ήμεῖς
1602 3218 1627 3275 oi
1640 3214 1750 3289 πήλινοι
1771 3210 1820 3275 atel

242 3325 306 3365 cum
319 3306 378 3387 ipso
388 3304 491 3365 versari
499 3304 584 3363 libere
590 3323 738 3384 possemus.
749 3301 824 3375 Quid
832 3317 922 3362 autem
933 3301 987 3362 sibi
1042 3314 1160 3384 γηγενεῖς
1178 3306 1344 3386 ἠδυνήθημεν
1364 3306 1395 3366 δν
1406 3310 1534 3388 ένογιιεῖνς
1547 3306 1599 3368 Διὰ
1610 3314 1688 3370 τοῦτο
1697 3307 1819 3381 luxui*

157 3417 234 3465 Gloria
242 3398 305 3457 vult
323 3396 405 3475 illud,
423 3398 557 3458 Gloriam
577 3397 663 3474 quasi
685 3395 862 3475 Unigenitia
875 3397 987 3454 Patre?
1044 3420 1087 3457 σιν
1104 3398 1132 3455 lu
1146 3396 1276 3474 ήμῖν,ίνα
1296 3397 1343 3459 καί
1360 3403 1512 3482 προσελθεῖν
1527 3403 1598 3482 αὐτῷ
1617 3400 1820 3484 saltuum·

89 3484 159 3591 quali
179 3481 234 3589 Ἦ
244 3489 317 3562 Quia
335 3488 414 3550 multi
434 3487 629 3571 prophetarum
642 3485 727 3567 gloria
746 3484 814 3545 clari
825 3486 945 3564 fuerunt,
956 3499 988 3545 ut
1042 3511 1088 3547 ναι
1099 3488 1144 3548 οιαὶ
1153 3495 1401 3573 συναναστραφῆναι
1411 3493 1562 3571 δυνηθῶμεν
1574 3490 1642 3571 pat
1652 3491 1821 3563 ιἰδιίαςπολ·

88 3561 140 3651 ᾖξ’
179 3561 193 3604 ‘¹
210 3561 218 3589 ⁸
244 3581 302 3662 ipse
313 3583 433 3663 Moyses,
449 3580 537 3656 Elias,
547 3578 677 3655 Elisaeus;
692 3576 739 3637 ille
751 3576 830 3656 igneo
845 3599 926 3638 curru
939 3600 987 3639 ve·
1044 3583 1101 3653 λῆς.
1111 3581 1149 3642 Τί
1162 3581 1191 3644 δέ
1209 3586 1265 3644 ἐστι
1280 3583 1324 3657 τδ,
1338 3583 1422 3654 Δόξαν
1435 3589 1472 3654 ῶς
1485 3587 1646 3666 Μονογενοδς
1659 3585 1736 3669 παρὰ
1757 3586 1821 3647 Πα-

243 3688 318 3752 ctus,
333 3673 379 3733 hic
396 3686 518 3754 receptus
536 3695 542 3728 ι
558 3684 586 3730 et
604 3683 666 3752 post
683 3670 744 3730 illos
765 3669 865 3729 Daniel
884 3686 912 3732 et
933 3685 986 3731 tres
1043 3673 1238 3753 τρόςςἘπειδή
1254 3677 1347 3737 πολλοί
1360 3676 1406 3737 καί
1417 3682 1469 3737 τῶν
1481 3682 1621 3760 προφητῶν
1630 3677 1821 3755 ίδοξόσθησπι,

242 3766 332 3848 pueri,
347 3764 449 3844 aliique
469 3762 594 3845 plurimi,
608 3774 739 3840 quotquot
753 3759 883 3822 miracula
896 3776 987 3843 patra·
1004 3771 1024 3820 E
1043 3757 1096 3826 οἷον
1108 3767 1183 3836 αιἰτδς
1201 3758 1297 3836 οθτοςό
1311 3771 1444 3844 Μωῦσῆς,
1465 3774 1479 3830 ό
1494 3769 1605 3844 Ἠλίας,
1618 3774 1633 3830 δ
1649 3769 1821 3841 Ἐλισσαῖος·

243 3873 317 3936 runt,
334 3858 420 3938 gloria
442 3855 579 3938 splendidi
595 3855 671 3913 fuere
684 3877 691 3911 ι
705 3854 795 3933 angeli
809 3875 924 3934 quoque,
938 3856 988 3934 qui
1044 3863 1058 3919 ό
1083 3858 1130 3937 μὲν
1151 3860 1203 3920 ὑπὸ
1217 3858 1325 3939 πυρίνου
1344 3859 1517 3940 κυκλώμενος
1532 3862 1666 3944 ἅρματος,
1681 3864 1720 3923 ’ό
1733 3863 1762 3926 δὲ
1775 3863 1821 3925 αθ-

243 3950 399 4009 hominibus
421 3960 616 4030 apparuerunt,
631 3959 657 4004 et
671 3957 773 4004 naturae
791 3967 845 4004 succ
855 3947 988 4027 fulgorem
1042 3974 1096 4020 τως
1109 3951 1370 4031 ἀναλαμόανόμενος·
1383 3953 1429 4013 καί
1443 3957 1500 4032 μετ’
1513 3954 1604 4024 αι’ποδς
1617 3955 1761 4031 θΔανιήλ,
1771 3957 1821 4017 ul

243 4042 399 4102 hominibus
412 4039 594 4121 exbibuerunt
606 4062 613 4095 ι
623 4057 710 4115 ueque
727 4038 815 4116 angeli
829 4039 928 4117 solum,
941 4038 989 4098 sod
1044 4046 1069 4103 οί
1082 4045 1173 4110 παῖδες
1183 4047 1208 4103 oi
1225 4054 1307 4125 τρεῖς,
1319 4044 1365 4104 καὶ
1377 4042 1461 4127 ἕτεροι
1473 4045 1501 4106 δὲ
1510 4046 1619 4122 πολλοὶ,
1633 4046 1690 4108 δσοι
1699 4047 1748 4107 καί
1757 4047 1821 4111 θοό-

148 4199 150 4202 ,
244 4135 326 4193 etiam
337 4132 486 4193 Cherubim
503 4145 529 4191 et
542 4129 686 4212 seraphini
699 4150 762 4187 cum
785 4129 872 4209 gloria
890 4153 988 4212 magna
1047 4161 1119 4215 ματα
1128 4136 1307 4210 ἐπεδείξαντο,
1318 4136 1508 4211 έδοξοίσθησαν·
1520 4140 1565 4198 καί
1585 4139 1691 4220 ἄγγελοι
1702 4140 1732 4202 δὲ
1744 4141 1822 4224 παρθ

244 4225 381 4305 propheta
392 4243 541 4305 apparuere
556 4246 563 4280 ι
578 4220 696 4281 abhisce
705 4240 787 4300 porro
802 4221 927 4281 omnibus
940 4243 989 4281 nos
1005 4265 1030 4306 g,
1047 4227 1193 4310 ἀνθρώποις
1205 4227 1339 4309 φανέντες,
1362 4228 1408 4289 καὶ
1417 4230 1448 4290 τδ
1456 4235 1504 4304 τῆς
1519 4230 1615 4300 οἰκείας
1633 4231 1735 4312 φύσεως
1748 4237 1822 4295 άπα-

244 4329 367 4376 avertens
379 4315 554 4396 evangelista,
567 4328 649 4394 atque
660 4325 869 4372 acreaturarum
882 4335 989 4373 conser-
1008 4324 1028 4370 tt
1045 4321 1176 4404 πράπααο
1187 4326 1242 4404 φῶς
1257 4319 1460 4402 ααραοαίξαοαας
1472 4327 1645 4404 ααῑςαρῶσα.
1666 4327 1715 4384 αςχ
1735 4324 1820 4408 ἄη..

244 4428 397 4486 vocumque
409 4421 561 4467 nostrorum
569 4405 712 4488 splendore
726 4419 842 4466 mentem
852 4405 990 4466 adducens
1046 4417 1087 4475 λαι
1108 4412 1135 4472 δὲ
1152 4412 1243 4492 μόνον,
1264 4411 1332 4473 ἀλλὰ
1355 4412 1402 4473 καὶ
1422 4413 1456 4474 τὰ
1478 4415 1615 4498 Χερουθθμ
1628 4416 1696 4495 μετδι
1719 4419 1823 4492 πολλῆς

246 4513 375 4578 nostram,
386 4499 414 4559 in
427 4499 487 4580 ipso
503 4520 550 4558 nos
558 4499 693 4559 bonorum
708 4498 826 4558 culmine
838 4499 986 4559 constituit.
1046 4506 1121 4586 ὤφθη
1131 4509 1168 4586 τῷ
1178 4506 1300 4588 προφήτῃ
1311 4510 1359 4579 τῆς
1372 4504 1459 4582 δόξης,
1473 4507 1518 4568 καί
1530 4507 1565 4568 τδ
1575 4510 1700 4592 Σεραφὶμ
1708 4509 1822 4590 ὁμοίως·

246 4602 305 4661 Non
320 4599 393 4661 enim
406 4599 556 4682 prophetae,
571 4620 624 4660 non
634 4599 734 4682 angeli,
746 4620 801 4661 non
819 4598 987 4679 archangeli,
1046 4598 1152 4660 πόντων
1164 4598 1197 4672 δή
1207 4596 1305 4659 τούτων
1318 4604 1390 4677 ἡμᾶς
1400 4598 1510 4680 ἀπάγων
1528 4605 1543 4660 δ
1557 4601 1762 4680 εὐαγγελισιής,
1775 4599 1823 4685 καὶ

280 4813 390 4867 υδῖοτεί.
403 4823 433 4874 τις
441 4819 509 4882 ὑμᾶς,
527 4812 602 4866 mule.
616 4815 648 4864 ln
663 4811 740 4866 Savil.
753 4824 780 4864 et
790 4814 816 4864 in
836 4810 891 4862 aliis
903 4818 933 4871 εἰς
944 4808 1010 4861 desi-
1093 4808 1206 4861 tutaret.
1215 4817 1267 4864 κατ’
1278 4818 1347 4864 tertie
1356 4833 1381 4876 γε
1394 4818 1482 4882 καιροῦ.

247 4893 361 4948 deretur.
374 4894 444 4960 [Mox
454 4890 532 4944 Savil.
545 4903 571 4943 et
580 4890 663 4944 Codd.
678 4893 723 4944 cit.
736 4901 850 4962 συμφέρον
863 4889 936 4957 ὑμῖν]
1090 4888 1200 4941 ⁹llot'el.
1214 4896 1252 4942 καὶ
1263 4897 1290 4943 τδ
1304 4898 1423 4958 ἀμήχανον
1437 4904 1478 4952 τῆς
1487 4896 1568 4946 laurei
1586 4899 1657 4962 ὅμως
1667 4898 1764 4950 δυνατόν
1782 4903 1824 4951 αὖ·

283 4973 395 5026 tuoret.
416 4986 507 5041 μήποτε
529 4979 646 5038 λαχόντων.
669 4969 747 5024 Savil.
771 4980 806 5037 μὴ
822 4973 1008 5033 σπουδαζόντων,
1057 4979 1103 5029 τοῖς
1115 4977 1192 5023 θεῖναι.
1205 4966 1328 5021 sevitium
1339 4971 1474 5037 sequimur.

248 5052 344 5105 melius.
850 5108 854 5114 ,
1091 5047 1125 5101 *b
1137 5053 1160 5101 δδ
1170 5052 1239 5107 οὕτως
1249 5053 1473 5116 ἀναλαμθανόμινος,
1491 5049 1517 5101 ld
1529 5060 1577 5118 est,
1589 5054 1722 5108 communi
1738 5066 1824 5111 mone

281 5129 379 5185 ‘Savil
394 5131 430 5197 [et
445 5127 528 5182 Codd.
542 5127 601 5188 705,
615 5128 675 5194 706]
691 5131 763 5191 δείξας
772 5135 813 5181 τίνι
826 5136 914 5197 τρόπῳ,
927 5137 961 5197 τῷ
970 5133 1008 5180 τὸν
1056 5124 1202 5179 translatus.

249 5216 321 5277 λόγον.
