3750 5940
239 407 283 477 38
567 428 597 476 s.
616 426 761 476 rosanus
786 424 975 473 cunrsosr.
1004 423 1165 473 suenrus.
1192 423 1471 473 consrsrrruor.

119 569 225 616 Iracundi
234 555 304 613 Cum
319 553 399 616 enim.
408 553 448 613 ira
465 552 493 612 in
509 566 616 634 pectore
630 549 781 612 effervescit
796 564 823 612 et
838 549 976 627 efferatur,
1034 549 1066 610 τδ
1079 553 1174 623 στῆθος
1185 553 1200 609 δ
1213 548 1294 628 θυμδς
1308 547 1385 618 ζέσας
1399 550 1587 622 ’διανιστῆται
1603 552 1650 610 καί
1669 548 1815 633 ἀγριαίνῃ,

81 638 162 693 ΜΨ·
233 669 263 707 οε
278 647 369 728 iguem
385 646 487 728 spirat,
512 644 585 705 oculi
610 644 700 725 ignem
716 643 852 717 emittunt,
869 641 980 701 iullatur
1031 648 1085 724 πῦρ
1101 639 1174 702 πνίιι
1187 641 1218 701 τδ
1233 640 1338 723 στόμα,
1352 648 1405 722 πῦρ
1419 646 1527 723 ἀφιᾶσιν
1549 647 1573 703 οἱ
1586 644 1731 724 ὀφθαλμοί,
1747 645 1813 705 οίδεί

232 741 353 819 undique
376 739 489 814 vultus,
513 737 692 820 incomposite
707 757 803 796 manus
822 737 980 817 jactantur,
1032 736 1160 796 πάντοθεν
1175 740 1192 808 ἡ
1206 734 1278 816 dbis,
1293 735 1414 820 ἀτάκτως
1428 739 1457 795 αἱ
1468 745 1555 818 χεῖρες
1570 736 1746 810 ἐκτείνονται,
1760 760 1814 796 κα-

232 834 349 894 ridicule
371 818 453 914 pedes
469 832 609 907 exsiliunt,
626 845 653 892 et
668 830 891 891 insultantflitem
911 827 981 888 diri·
1032 828 1202 909 ταχελσίστως
1222 829 1343 903 πηδῶσιν
1362 831 1387 890 οἱ
1412 828 1492 897 πύδις
1516 829 1563 889 καί
1579 829 1731 890 ἐνύλλονται
1759 838 1816 898 τοῖς

231 948 305 986 mere
320 927 499 1005 conantibus3
518 925 589 985 nihil
605 924 668 985 irati
690 923 821 984 dinerum
836 944 852 981 a
867 921 982 981 forenti-
1034 920 1195 1002 κατίχουσι,
1213 919 1260 980 καλ
1283 920 1449 1000 μαινομένων
1470 921 1544 983 οὐδὲν
1570 922 1724 994 διεστήκασι
1748 921 1817 1002 πρδς

231 1020 302 1096 bus,
318 1042 381 1081 cum
405 1020 465 1080 haee
481 1019 572 1092 omnia
592 1019 667 1079 nullo
682 1017 793 1100 prediti
809 1037 888 1076 sensu
903 1037 981 1098 pera-
1032 1018 1119 1074 ταῦτα
1138 1014 1226 1074 πάντα
1244 1016 1478 1087 δναιαθητοῦντες,
1497 1017 1556 1075 ἀλλ’
1574 1014 1632 1075 οὐδὲ
1645 1018 1698 1074 τῶν
1712 1011 1814 1096 ἀγρίων

232 1126 300 1193 gunt
304 1136 315 1191 3
333 1111 388 1172 imo
404 1132 439 1172 ne
455 1112 491 1171 ab
506 1111 590 1172 asinis
613 1111 785 1193 agrestibus,
803 1108 981 1184 calcitrantes,
1034 1106 1109 1178 ὄνων,
1130 1107 1311 1182 λακτίζοντες,
1333 1107 1479 1176 δάκνοντες.
1488 1104 1594 1175 Ὄντως
1608 1105 1677 1189 ἀνὴρ
1688 1103 1814 1186 θυμώδης

233 1205 395 1266 mordentes.
408 1204 534 1266 δαιμονία
550 1203 697 1265 iracundus
714 1201 833 1263 modeste
846 1223 925 1282 agere
935 1223 982 1262 ne·
1034 1201 1082 1260 οθκ
1093 1200 1243 1283 εὐσχήμονι.
1255 1191 1343 1271 Eira,
1357 1199 1425 1280 perd
1444 1201 1489 1260 τδν
1505 1198 1587 1260 mnus
1597 1198 1702 1280 γίλωτα
1712 1204 1815 1274 τοῦτον,

231 1298 291 1359 scit.
306 1297 417 1363 Deinde
432 1311 493 1380 post
508 1311 615 1359 tantum
639 1297 788 1358 excitatum
812 1296 917 1372 risum,
933 1295 982 1355 ubi
1034 1292 1253 1374 διαχωρίσαντες
1271 1292 1375 1366 οίκαδα,
1392 1293 1516 1372 καὶπρὸς
1531 1290 1639 1359 ίαυτοθς
1654 1289 1815 1351 ἐπανελθόν-

232 1391 346 1451 domum
361 1389 503 1467 redierint,
517 1389 554 1450 ad
569 1411 599 1450 ss
614 1388 725 1464 reversi,
743 1388 838 1448 dolore
853 1387 936 1446 simul
950 1407 983 1446 ac
1033 1406 1090 1459 τες,
1104 1384 1210 1463 μείζονα
1221 1383 1311 1466 ίχουσι
1323 1383 1372 1458 τὴν
1389 1384 1482 1458 ὀδύνην
1496 1383 1543 1444 καί
1553 1380 1621 1444 πολθ
1637 1383 1668 1443 τδ
1682 1382 1757 1456 δίος,
1770 1384 1814 1442 ἐν·

134 1532 136 1536 ,
233 1499 306 1544 metu
330 1485 468 1565 agitantur
475 1507 486 1562 3
504 1483 595 1543 animo
610 1483 769 1557 volventes,
787 1483 899 1563 quinam
915 1483 982 1544 rixae
1001 1485 1018 1533 θ
1035 1481 1152 1546 νοοῦντας
1165 1476 1217 1560 ἄρα
1227 1476 1296 1546 τίνες
1309 1481 1334 1539 οἱ
1347 1476 1475 1559 παρόντας
1485 1468 1553 1549 ἦσαν
1568 1475 1649 1549 ἡνίκα
1662 1474 1815 1558 ὠργίζοντο.

232 1590 376 1657 presentes
400 1574 511 1636 fuerint.
539 1576 686 1655 Postquam
703 1574 776 1634 enim
801 1595 850 1634 ceu
865 1575 983 1634 furientes
1035 1569 1166 1653 Καθάπερ
1176 1569 1266 1652 γδροί
1283 1570 1479 1651 παραπαίοντες
1492 1569 1552 1638 τοῦς
1565 1568 1698 1652 παρόντας
1712 1571 1817 1647 ιἀγνο-

234 1668 269 1728 (ίσ
284 1668 468 1749 spectantibus
491 1666 563 1727 nihil
579 1667 780 1747 cogitaverant,
796 1665 981 1748 resipiscentes
1035 1667 1131 1738 οῦντες,
1143 1663 1206 1724 ύταν
1215 1662 1415 1745 σωφρονήσωσι,
1428 1651 1819 1742 τύτεταῦταλογίζονται,δρα

233 1774 326 1840 postea
343 1781 434 1820 secum
449 1772 585 1841 reputant,
602 1779 670 1818 num
685 1757 778 1836 amici,
795 1778 862 1816 uum
877 1757 983 1817 inimici
1037 1755 1075 1837 μὴ
1090 1755 1178 1838 φίλοι,
1192 1748 1243 1837 δρα
1259 1755 1297 1835 μὴ
1313 1755 1437 1834 πολέμιοι
1447 1756 1493 1816 καὶ
1505 1756 1594 1837 ἐχθροί
1604 1759 1629 1815 oi
1643 1753 1817 1832 θεασόμενοι,

233 1864 396 1931 spectatores
412 1850 522 1911 firerint.
546 1851 617 1910 Nam
640 1849 755 1931 perinde
778 1863 906 1928 utrosque
926 1869 983 1908 me-
1035 1848 1152 1931 Καλγδρ
1163 1848 1261 1928 ὁμοίως
1273 1847 1339 1928 ῦπίρ
1355 1847 1512 1930 ἀμφοτέρων
1527 1847 1676 1908 δεδοίκασι·
1691 1851 1745 1906 τῶν
1758 1843 1820 1925 μίν,

234 1955 330 2019 tuuut;
348 1941 427 2016 illos,
445 1956 476 2001 ut
492 1962 520 2002 se
535 1940 718 2024 improbantes
742 1942 925 2022 majoremque
940 1939 983 2000 in·
1036 1945 1073 2011 ίος
1089 1940 1333 2023 καταγνωοομίνων
1351 1941 1397 2000 καί
1412 1941 1519 2020 μαίζονα
1532 1940 1696 2014 ποιησόντων
1710 1937 1759 2012 τὴν
1776 1941 1821 1998 αῖ-

233 2033 347 2093 fereutes
359 2033 513 2116 pudorem;
523 2034 583 2110 hos,
592 2048 623 2093 ut
633 2033 669 2094 de
680 2054 729 2094 sua
738 2032 909 2115 turpitudine
917 2053 983 2114 gau·
1036 2034 1150 2116 σχύνην·
1161 2038 1214 2094 τῶν
1226 2033 1272 2108 δί,
1286 2038 1322 2101 ὥς
1335 2033 1565 2114 ἐφησθησσμίνων.
1579 2032 1625 2093 Ἂν
1638 2032 1666 2092 δὲ
1680 2032 1728 2092 καὶ
1740 2034 1816 2105 πλη-

235 2124 337 2185 deutes.
357 2125 439 2198 Quod
454 2126 478 2185 si
501 2124 538 2184 ad
561 2125 656 2206 plagas
681 2145 766 2204 usque
791 2140 898 2184 mutuas
921 2124 984 2184 rixa
1036 2126 1086 2207 γδις
1105 2126 1237 2195 τείναντες
1252 2125 1388 2207 ι’τύχωσιν
1412 2125 1552 2199 ἀλλήλοις,
1576 2123 1762 2206 χαλεπώτεραι
1785 2124 1817 2184 rb

235 2217 402 2299 proruperit,
419 2232 478 2277 tum
494 2231 581 2277 metus
598 2217 718 2298 gravior,
729 2239 763 2277 ne
780 2217 848 2296 quid
865 2217 984 2278 deterius
1036 2219 1110 2293 δέος,
1125 2209 1179 2279 οἷον
1194 2219 1231 2298 μή
1242 2242 1269 2278 τι
1284 2223 1337 2278 τῶν
1351 2217 1549 2299 χαλεπωτάτων
1561 2215 1680 2296 συμύαίη
1695 2216 1758 2298 περί
1770 2217 1815 2277 ets

235 2309 377 2369 verberato
393 2309 516 2384 accidat,
532 2330 566 2368 ne
581 2309 747 2388 subsequens
771 2309 855 2368 febris
870 2323 984 2368 mortem
1034 2312 1167 2383 παθόντα,
1180 2311 1198 2384 ἢ
1220 2312 1332 2393 πυρετὸς
1347 2310 1529 2383 ἀκολουθήσας
1541 2311 1678 2390 ἐπενέγκοι
1692 2309 1815 2385 θάνατον,

237 2400 344 2478 instrat,
362 2400 407 2463 vel
424 2415 514 2460 tumor
530 2413 625 2460 curam
641 2398 765 2467 difficilis
787 2399 985 2460 imitanum
1035 2405 1162 2485 ἢοίδημα
1179 2403 1295 2466 δναστδν
1308 2405 1427 2465 δυσίατον
1444 2407 1480 2472 είς
1491 2403 1536 2463 τδν
1551 2402 1613 2485 περί
1624 2407 1677 2462 τῶν
1692 2403 1815 2483 ἐσχάτων

236 2491 389 2573 periculum
402 2493 537 2574 conjiciat.
549 2492 626 2566 Quid
642 2492 715 2553 eninr
730 2492 800 2553 mihi
809 2513 903 2574 pugna
916 2515 984 2575 opus
1001 2507 1020 2556 c
1036 2498 1209 2579 κασταοπίσῃ
1223 2497 1350 2558 κίνδυνον.
1364 2496 1435 2571 Καὶ,
1447 2495 1474 2555 τί
1483 2496 1536 2577 γάρ
1550 2518 1595 2575 μοι
1610 2494 1698 2577 μάχης
1710 2495 1781 2569 ίδεις
1789 2494 1817 2554 τί

236 2586 316 2666 erati
334 2586 403 2666 quid
418 2582 592 2646 contumeliis¹
604 2599 636 2655 el,
647 2584 740 2644 rixis?
751 2599 868 2666 'pereant
883 2598 910 2645 et
925 2585 985 2645 1120
1037 2591 1065 2653 δί
1076 2591 1177 2674 θύρσων
1198 2589 1245 2650 καί
1263 2588 1436 2669 φιλονεικίαςς
1451 2587 1576 2648 ἀπόλοιτο
1594 2586 1630 2648 ah
1641 2587 1689 2647 καί
1702 2587 1747 2648 τί.
1760 2585 1817 2646 Ιίαλ

237 2695 264 2741 et
280 2681 338 2742 illa.
359 2681 635 2762 Tuneque‘orunihus
648 2680 723 2741 hisce
737 2680 821 2740 fluxis
833 2681 914 2740 rebus
927 2701 985 2740 ma-
1037 2692 1104 2743 πᾶσι
1119 2685 1287 2765 καταρῶνται
1302 2689 1356 2749 τοῖς
1372 2679 1514 2762 πράγμασι
1532 2679 1623 2741 λοιπδν
1641 2687 1696 2747 τοῖς
1716 2678 1817 2751 ίπική-

138 2817 185 2847 nn
194 2774 369 2851 ,0,ledicunt,
386 2797 447 2854 quar
462 2772 575 2834 rixandi
590 2794 669 2834 mursa
685 2774 771 2833 fuere.
785 2771 986 2855 insipientiores
1039 2800 1092 2858 ραις
1105 2775 1220 2851 ταύταις,
1236 2774 1283 2836 καί
1301 2779 1483 2857 παρασχοῦσιν
1502 2777 1589 2842 αιἰτοῖς
1604 2769 1654 2845 τὴν
1668 2773 1763 2857 ἀρχήν.
1780 2776 1819 2834 Ol

87 2866 305 2972 ¹rppoesuopp'vero
316 2881 348 2957 ⁸et
362 2867 497 2948 malignos¹
511 2867 660 2940 daemonas,
672 2880 699 2926 et
715 2866 812 2925 horam
827 2879 987 2947 tempusque
1037 2867 1231 2950 δίάλογώτεροι
1239 2867 1286 2928 καί
1294 2866 1421 2946 δαίμονας
1431 2865 1561 2949 πονηρούς
1571 2864 1700 2948 καλεδραν
1710 2869 1818 2926 oiseii*

104 3004 165 3034 ono
182 3006 229 3035 m.
240 2959 428 3020 criminantur.
446 2962 550 3022 Verum
563 2979 617 3018 non
626 2958 693 3017 hora
709 2958 780 3019 mala
792 2957 822 3017 ln
833 2977 913 3017 causa
928 2970 986 3035 θείς
1037 2987 1083 3024 τας
1106 2962 1193 3035 κακὴν
1215 2964 1268 3022 τῶν
1290 2961 1480 3041 γεγενημένων,
1496 2963 1565 3021 Ἀλλ’
1590 2963 1638 3021 οὐχ
1654 2959 1727 3021 (περ
1745 2958 1819 3040 ὥρας

102 3066 149 3097 ⁸⁰·
240 3055 316 3113 nulla
341 3053 443 3134 quippe
460 3052 528 3112 horn
544 3051 616 3111 malo
628 3074 635 3110 ι
647 3071 734 3130 neque
759 3049 818 3110 bec
833 3071 850 3110 a
867 3051 987 3131 maligno
1037 3061 1138 3130 κακῆς·
1154 3054 1212 3117 οὐδὲ
1223 3055 1357 3137 γίρίστιν
1371 3052 1429 3136 ὥρα
1441 3053 1512 3126 κακή
1526 3075 1608 3113 ποτε·
1623 3051 1681 3114 οὐδὲ
1692 3051 1819 3131 δαίμονος

239 3145 361 3206 daemone
370 3145 589 3228 proficiscuntur,
599 3144 691 3204 sedex
698 3142 819 3223 nequitia
827 3144 990 3223 rixantium,
1036 3156 1121 3209 ταῦτα
1136 3154 1269 3230 πονηροῦ,
1286 3146 1356 3207 ἀλλὰ
1372 3151 1421 3218 τῆς
1435 3145 1633 3229 πονηρίας-τῶν
1650 3145 1817 3207 ίαλωκύτων.

238 3238 276 3298 lli
299 3259 415 3316 numque
430 3250 458 3297 et
473 3236 610 3296 daemonas
634 3235 792 3311 attrahunt,
809 3249 837 3296 et
851 3234 904 3296 sibi
920 3233 987 3316 ipsis
1037 3232 1120 3303 Οὗτοι
1135 3239 1188 3324 γὰρ
1202 3238 1249 3300 καί
1263 3238 1322 3308 τοῦς
1336 3238 1463 3318 δαίμονας
1476 3241 1654 3314 ἐπισπῶνται,
1664 3238 1711 3298 καί
1728 3239 1819 3299 πάντα

239 3330 311 3389 mala
327 3329 455 3389 inferunt.
475 3327 530 3389 Sed
544 3349 590 3388 ουτ
606 3325 772 3399 intumescit,
788 3325 912 3406 inquies,
928 3343 986 3391 eta
1038 3339 1139 3402 ἑαυτοῖς
1161 3332 1290 3413 ίπσίγουσι
1311 3330 1345 3391 τδι
1368 3330 1449 3392 δεινοί.
1464 3330 1534 3392 Ἀλλ’
1552 3330 1677 3405 οίδαίνει,
1692 3332 1783 3413 φησίν,
1799 3337 1818 3405 ἡ

237 3421 408 3483 mniumtffis
426 3419 589 3491 Μθῐᾶθίῑῑῐί
603 3420 672 3481 idel
690 3439 741 3500 03⁰
758 3418 824 3485 noti
845 3443 852 3477 =
872 3419 987 3501 ideoque
1037 3425 1151 3510 καρδία,
1165 3424 1211 3485 καί
1231 3433 1291 3493 ταῖς
1309 3423 1402 3505 θύρασι
1420 3424 1559 3498 δαίκνιταις
1575 3414 1646 3485 olea
1666 3421 1758 3504 κάγώ·
1773 3425 1819 3487 διδ

237 3514 322 3576 miror
337 3537 382 3576 eos
407 3513 456 3594 qui
475 3513 575 3574 malam
598 3512 670 3572 hanc
692 3512 778 3572 ieram
803 3527 935 3574 ooercent.
955 3515 986 3576 Si
1035 3518 1088 3600 χδρ
1102 3525 1179 3580 τοῦτο
1196 3515 1256 3586 τοῦς
1278 3520 1438 3599 κρατοῦντας
1458 3521 1505 3578 τοῦ
1520 3519 1605 3578 δεινοῦ
1617 3515 1711 3578 τούτου
1725 3516 1819 3600 θηρίον

236 3609 309 3670 enim
326 3608 452 3692 velimus,
468 3627 612 3690 possumus
627 3604 754 3666 morbum
769 3603 913 3686 depellere.
929 3607 988 3675 Cur
1002 3615 1023 3662 D
1036 3610 1172 3691 θαυμάζω.
1186 3606 1233 3669 Ἂν
1244 3608 1298 3691 γδρ
1309 3608 1437 3689 θίλοιμεν,
1447 3610 1556 3670 δυνατδν
1570 3600 1778 3692 διακρούσασθαι
1787 3611 1819 3671 rb

237 3703 310 3762 euim
320 3723 384 3764 cum
396 3701 533 3785 principes
546 3700 601 3762 viri
614 3720 662 3761 nos
675 3697 837 3759 contumelia
852 3700 985 3779 afficiunt,
1036 3705 1128 3772 πάθος.
1144 3699 1224 3763 Διατί
1237 3700 1305 3784 γδρ,
1325 3700 1460 3783 ἀρχόντων
1474 3706 1545 3780 ἡμᾶς
1557 3702 1726 3784 θύριζύντων,
1740 3710 1820 3765 τοῦτο

237 3795 269 3856 id
291 3817 344 3856 non
364 3795 493 3877 agimus?
514 3813 604 3854 noune
623 3790 688 3874 quia
704 3791 797 3872 timor,
822 3810 876 3853 non
897 3793 986 3855 minor
1038 3797 1077 3877 μὴ
1092 3796 1249 3877 πάσχομενς
1260 3784 1321 3878 ‘dp’
1336 3797 1387 3876 οὐχ
1400 3793 1442 3854 δτι
1452 3794 1531 3876 φύῦος
1548 3793 1703 3875 δντίρροιτος
1720 3793 1818 3869 ἔστηκε

238 3912 319 3970 quam
331 3890 370 3950 ira
375 3936 384 3967 ,
399 3910 448 3949 nos
468 3888 595 3965 deterret,
614 3907 663 3947 uec
677 3885 749 3947 vela
763 3885 902 3968 principio
916 3887 986 3948 iram
1035 3889 1193 3960 τοῦπείθους,
1203 3891 1275 3967 ἡμᾶς
1286 3889 1458 3966 ἐκδειματῶν,
1468 3886 1579 3949 καλοθδί
1589 3886 1721 3969 φῦναιτλν
1731 3887 1818 3969 ἀρχὴν

237 4007 378 4068 erumpere
389 3984 473 4046 sinit?
483 3985 539 4043 Cur
547 4003 628 4064 porro
640 3979 712 4041 servi
723 3979 826 4040 anobis
837 3980 912 4040 mille
921 4001 985 4041 oon-
1036 3986 1198 4065 συχχωρῶνς
1215 3979 1268 4040 Aris
1281 3978 1308 4038 τί
1325 3978 1353 4040 δί
1366 3980 1446 4041 καλοί
1462 3981 1562 4042 οίκίται
1574 3984 1637 4062 παρ’
1649 3984 1726 4058 ἡμῶν
1742 3980 1819 4063 θύρι-

237 4078 357 4140 tumeliis
371 4076 486 4149 onerati,
499 4073 591 4136 omnia
603 4071 679 4133 taciti
695 4071 804 4131 ierunt?
819 4093 907 4132 noune
922 4072 986 4152 quia
1037 4076 1142 4154 ζόμενοι
1154 4071 1252 4155 μυρία,
1266 4075 1328 4151 σιγῇ
1336 4071 1424 4132 πάντα
1434 4072 1570 4154 φέρουσιν,
1582 4063 1647 4154 ‘dp'
1662 4075 1713 4153 οὐχ
1720 4071 1761 4132 ύτι
1771 4072 1818 4132 καί

236 4185 263 4231 et
276 4170 329 4252 ipsi
342 4169 437 4230 eodem
459 4167 571 4228 vinculo
594 4162 738 4245 ligantur?
757 4164 804 4223 Tu
815 4186 882 4225 vero
896 4186 930 4224 ne
942 4185 986 4225 so·
1038 4166 1112 4229 αθτοί
1130 4165 1175 4226 τδν
1200 4163 1278 4223 αθτδν
1295 4167 1382 4233 αθιοῖς
1401 4163 1565 4244 ίπικείμανον
1587 4164 1677 4245 ἔχουσι
1700 4164 1819 4244 δεσμύνς

237 4262 296 4320 lum
306 4261 357 4321 Dei
369 4262 494 4321 umorem
507 4256 617 4339 cogites,
633 4254 682 4316 sed
693 4254 775 4315 etiam
788 4268 813 4315 tc
824 4270 889 4317 tunc
900 4279 916 4316 a
928 4259 986 4318 Deo
1038 4259 1077 4322 Σδ
1091 4257 1120 4319 δί
1136 4256 1174 4336 μὴ
1193 4254 1270 4336 μόνον
1288 4255 1413 4337 ίννοήσῃς
1430 4256 1475 4317 τδν
1489 4256 1565 4339 παρδι
1583 4263 1630 4317 τοῦ
1643 4260 1713 4318 Θεοῦ
1726 4256 1819 4338 φύύσν,

237 4352 408 4414 contumeliis
424 4350 515 4424 affici,
539 4349 586 4429 qui
601 4349 681 4430 jubet
706 4361 731 4407 te
745 4359 843 4422 tacere,
857 4361 883 4407 et
896 4349 988 4410 omnia
1039 4353 1097 4413 ἀλλ’
1108 4349 1149 4411 θτι
1164 4373 1195 4410 σε
1209 4346 1255 4407 καὶ
1271 4349 1373 4417 αδτδςύ
1387 4348 1455 4418 θεὸς
1473 4347 1573 4432 ύῦρίζει
1584 4347 1658 4424 τότε,
1673 4355 1687 4410 δ
1703 4349 1819 4411 κελεύων

238 4445 371 4530 patienter
383 4444 461 4503 ierus.
479 4440 570 4501 Dicte
582 4439 722 4500 lacessenti
733 4463 740 4497 :
751 4438 828 4511 Quid
840 4440 939 4500 faciam
951 4441 987 4501 ti·
1039 4453 1126 4525 σιγᾷν,
1139 4442 1186 4502 καὶ
1199 4440 1288 4503 πάντα
1298 4441 1377 4510 οίσεις
1384 4442 1485 4522 πράως.
1496 4442 1550 4502 Καί
1564 4441 1621 4502 είπί
1632 4443 1697 4524 πρὸς
1704 4442 1750 4503 τδν
1762 4447 1821 4504 δτι·

238 4539 287 4616 bi;
301 4537 372 4598 alius
382 4534 451 4595 mihi
460 4547 487 4594 et
500 4543 612 4592 manum
621 4531 777 4612 etlinguam
786 4532 910 4593 cohibet:
923 4534 988 4594 erit-
1004 4548 1024 4597 Ε
1039 4536 1118 4597 ύντα·
1128 4535 1156 4595 τί
1169 4560 1210 4597 σοι
1223 4536 1316 4608 πάθοις
1330 4535 1409 4604 ἄλλος
1424 4559 1474 4614 μω
1489 4534 1596 4616 κατέχει
1608 4534 1654 4596 καί
1670 4534 1718 4608 τὴν
1731 4534 1821 4604 δεξιίιν

239 4654 292 4712 que
303 4630 409 4700 dicmur
424 4625 505 4701 illud,
519 4638 546 4685 et
557 4622 609 4684 tibi
626 4623 721 4705 stipsi
736 4624 916 4708 philosophie
932 4649 989 4688 ma·
1040 4629 1087 4689 καί
1098 4627 1147 4701 τὴν
1166 4632 1300 4709 γλῶτταν·
1311 4628 1358 4688 καί
1369 4628 1508 4710 γενύσαται
1518 4628 1566 4688 καί
1586 4627 1628 4689 σοί
1645 4627 1761 4709 κάκείνῳ
1775 4651 1822 4711 φι-

238 4723 316 4785 teria.
331 4723 411 4781 Nunc
426 4732 516 4779 autem
533 4715 677 4777 homiuum
695 4715 782 4797 gratia
797 4717 880 4778 etiarn
892 4718 989 4780 intole-
1040 4721 1165 4803 λοσοφίας
1188 4721 1310 4791 ὑπόθεσις
1326 4721 1358 4780 εδ
1377 4727 1460 4802 ῥῆμα.
1480 4723 1535 4783 Νῦν
1551 4721 1580 4780 δὲ
1603 4719 1748 4804 ἀνθρώπων
1770 4721 1821 4801 μίν

239 4815 338 4878 rabilia
350 4814 472 4887 serimus,
487 4824 513 4871 et
525 4810 560 4871 iis
574 4807 622 4888 qui
636 4829 684 4868 nos
706 4809 840 4870 lacessunt
859 4832 931 4894 saepe
944 4810 989 4872 di·
1041 4813 1128 4875 ίνεκεν
1143 4815 1190 4876 καί
1203 4814 1238 4876 ab
1251 4812 1372 4895 ἀφόρητα
1385 4814 1508 4898 φέρομεν,
1526 4815 1572 4875 καί
1588 4814 1654 4895 πρδς
1666 4813 1727 4882 τοὺς
1742 4815 1821 4899 θύρι-

274 5016 286 5044 *
302 5015 459 5080 [διανιατᾶται
469 5005 564 5062 Savttn
1054 5022 1080 5062 ct
1090 5013 1150 5063 Μαι.
1164 5009 1279 5079 plurimis
1290 5007 1370 5061 abest.

274 5111 284 5134 ι
296 5090 390 5159 [Savil.
401 5101 427 5141 et
436 5084 519 5139 Codd.
533 5087 592 5151 705,
600 5087 649 5136 ⁷0⁶
660 5091 821 5153 ἡγεὸαον,αλλ’
833 5089 938 5155 ὅταν...]
1088 5090 1099 5122 ¹
1110 5097 1150 5163 ἄρ’
1161 5097 1202 5158 οὐχ
1212 5101 1323 5155 utsupra
1337 5088 1426 5157 legitur
1437 5091 1462 5140 in
1475 5088 1563 5141 Morel.
1577 5090 1655 5141 Secos
1665 5091 1691 5141 in
1702 5089 1784 5143 savit.
1793 5103 1821 5144 et

276 5175 289 5213 b
302 5168 415 5235 Quidam
428 5171 556 5235 ίντύχυειν.
568 5163 649 5230 [lutra
661 5163 741 5218 Savil.
753 5168 927 5232 καταστήσεις]
1054 5170 1130 5235 llos,
1144 5167 1187 5220 aed
1201 5170 1297 5219 utrovis
1315 5166 1393 5218 modo
1409 5168 1475 5234 legas
1490 5167 1594 5237 perinde
1606 5167 1723 5237 quadrat,
1735 5182 1759 5221 ct
1775 5173 1820 5223 ln-

278 5255 338 5318 νᾶμ’
349 5255 390 5316 οὐχ
399 5258 457 5314 post
469 5255 586 5313 πάσχομεν
594 5242 684 5312 legitur
696 5241 722 5296 in
733 5243 821 5298 λίοεαί.
836 5244 887 5298 Sed
899 5263 914 5297 ε
925 5245 1004 5299 Saril.
1056 5259 1152 5315 terprcr
1164 5257 1236 5301 vetus
1249 5252 1287 5319 ἄρ’
1299 5251 1340 5316 οὐχ
1351 5245 1454 5314 legerat,
