3750 5940
55 463 58 480 .
88 431 206 482 cxxvi.
234 409 282 480 al.
312 430 415 486 cxxv.
657 390 674 411 ⁸
776 409 848 485 515

59 557 177 650 ⁴⁸⁰enim
197 556 220 615 si
245 556 313 616 asini
341 570 433 616 contra
462 576 510 615 nos
534 555 672 633 cuderent,
693 559 876 638 graculique'

68 664 88 711 Α
104 649 292 727 acclamarent,
306 647 438 730 sapientes
451 669 515 709 vcro
528 647 668 708 laudarent
681 671 783 729 omncs,
795 649 848 710 boc

103 744 185 804 misso
196 765 330 821 consessu,
340 743 377 802 ad
385 744 528 802 brutorum
534 743 662 802 clamores
675 764 723 802 nos
735 757 847 805 vertere·

103 857 172 895 mus.
187 836 258 895 Sunt
271 835 343 894 eninr
362 834 479 916 graculis
503 833 605 893 similes
632 848 659 893 et
677 834 759 894 asinis
772 837 847 917 pejo-

104 950 145 988 res
164 930 184 987 ii
198 928 245 1007 qui
268 927 409 1010 praesentia
431 927 611 987 admirantiu.
626 925 708 987 ‘Certe
722 927 747 986 si
767 941 848 988 terre·

103 1042 154 1080 nus
168 1042 218 1081 rex
231 1035 257 1080 te
276 1020 376 1097 laudet,
390 1019 468 1099 vulgi
484 1018 688 1079 multitudinem
708 1019 779 1079 nibil
799 1041 847 1080 cu·

102 1115 184 1193 rabis,
202 1114 306 1174 etiamsi
325 1128 351 1173 te
371 1135 464 1173 omnes
482 1112 621 1173 derideant
640 1135 648 1169 ε
669 1126 696 1172 et
709 1133 772 1172 cum
786 1114 848 1172 uni·

102 1227 240 1266 versorum
255 1207 387 1266 Dominus
401 1219 427 1265 te
437 1205 543 1281 laudet,
555 1204 645 1265 adhuc
657 1205 849 1265 cantharorum

101 1314 127 1360 et
144 1300 263 1360 culicum
276 1299 369 1359 laudes
381 1300 504 1378 quaeris?
519 1299 600 1359 Tales
613 1298 686 1358 enim
706 1313 771 1359 sunt
789 1298 846 1377 isti,

101 1393 123 1451 si
138 1415 200 1452 cunr
213 1396 270 1453 Deo
295 1407 501 1474 comparentur,
517 1393 571 1452 imo
589 1392 633 1452 his
647 1413 755 1472 quoque
767 1392 848 1454 vilio-

100 1506 142 1544 res
160 1499 232 1544 sunt.
253 1485 403 1563 Quousque
427 1485 455 1544 in
479 1505 553 1544 coeno
573 1483 763 1544 versabimur?
776 1506 848 1564 quo-

101 1597 186 1655 usque
197 1577 328 1658 parasitos
343 1591 370 1636 et
385 1577 456 1656 gulae
473 1575 580 1636 deditos
595 1590 757 1658 spectatores
770 1576 850 1637 nubis

67 1687 85 1733 n
101 1669 271 1727 statuemus?
285 1669 330 1728 llli
346 1669 474 1729 aleatores
489 1668 604 1750 probare
622 1683 745 1750 possunt,
762 1668 849 1729 ebrio·

100 1784 152 1838 sos,
175 1764 297 1824 lurcones
318 1788 324 1821 :
344 1765 475 1824 virtutem
488 1779 579 1824 autem
601 1778 627 1824 et
652 1765 751 1826 vitium
773 1764 849 1825 nein

101 1854 210 1915 somniis
223 1856 334 1935 quidem
347 1857 489 1936 imaginari
501 1857 598 1918 valent.
618 1856 695 1916 (Ierte
708 1855 804 1936 siquis
823 1868 850 1916 te

100 1947 222 2007 derideat
245 1948 320 2028 quod
337 1964 412 2009 terra
432 1950 522 2010 sulcos
545 1948 644 2009 ducere
660 1949 770 2025 nescias,
794 1969 850 2008 non

101 2062 170 2119 agre
184 2041 264 2118 seres,
280 2041 335 2100 imo
349 2041 469 2100 vicissim
496 2039 632 2101 deridebis
645 2062 717 2117 eum,
737 2041 784 2120 qui
798 2039 850 2100 tibi

101 2129 259 2209 hujusmodi
284 2129 448 2211 imperitiam
475 2130 619 2211 exprobret
642 2153 649 2187 ε
678 2150 741 2189 cum
759 2142 850 2203 autem

101 2221 230 2281 virtutem
243 2222 286 2282 vis
299 2242 433 2296 exercere,
445 2242 491 2282 eos
502 2221 549 2301 qui
559 2220 636 2282 illam
650 2243 761 2303 prorsus
774 2221 850 2301 igno·

101 2337 128 2373 ra
133 2329 172 2392 nt,
184 2328 345 2397 spectatores
358 2314 410 2374 tibi
419 2312 586 2375 constituis?
601 2314 754 2396 Eapnopter
769 2335 851 2374 num·

100 2430 183 2486 quam
208 2409 380 2489 pervenimus
405 2407 443 2467 ad
472 2407 549 2467 illam
575 2421 671 2468 artem.
689 2409 750 2468 Non
777 2407 851 2467 enim

101 2502 205 2582 peritis,
221 2502 270 2562 sod
282 2502 382 2581 ignaris
396 2515 486 2561 nostra
504 2501 709 2561 committimus.
725 2500 771 2561 llli
784 2522 850 2564 vero

101 2617 154 2655 non
183 2595 331 2655 seeundum
363 2594 431 2656 artis
464 2594 596 2675 regulas,
621 2594 669 2654 sed
701 2592 850 2654 seeundum

101 2686 281 2766 ignorantiam
307 2710 385 2748 suam
411 2688 459 2746 illa
482 2688 635 2768 explorant.
661 2686 846 2768 Quapropter,

67 2780 210 2850 cobsecro
222 2827 231 2858 ,
256 2780 458 2841 multitudinem
488 2780 691 2861 despiciamus,
716 2779 771 2839 imo
800 2800 850 2839 nec

101 2873 193 2933 laudes
217 2874 421 2952 desideremus,
443 2895 496 2934 uon
525 2873 673 2954 pecunias,
696 2893 748 2932 non
773 2871 848 2934 divi-

103 2966 153 3025 tias
176 2991 182 3023 :
208 2988 256 3025 nec
276 2966 379 3025 malum
398 2966 467 3045 quid
489 2964 676 3024 existimemus
705 2977 848 3046 pauperta-

102 3072 166 3117 tem.
185 3062 255 3119 Nam
275 3059 445 3141 prudentiae,
462 3057 606 3139 patientiae,
623 3057 763 3136 omnisque
787 3056 997 3157 Phi'rauperuu·

104 3152 231 3232 losuplriae
243 3153 369 3232 magistra
386 3165 529 3232 paupertas
542 3164 590 3210 est.
608 3149 752 3228 Siquidem
765 3150 849 3209 Laza-
858 3161 943 3205 laude.

103 3267 150 3302 rus
169 3245 196 3303 in
212 3259 369 3326 perspectam
387 3244 470 3322 vixit,
487 3257 513 3302 et
532 3256 674 3303 coronatus
687 3255 726 3302 est
743 3243 851 3305 :Jacob

102 3358 198 3417 panem
210 3338 298 3396 solum
312 3337 453 3418 expetebat
468 3360 474 3393 :
492 3335 632 3417 Josepbin
642 3349 761 3395 extrema
777 3357 849 3416 pau·

103 3443 203 3509 portate
216 3452 268 3488 non
284 3429 481 3506 modoserens,
492 3427 540 3488 sed
554 3427 635 3487 etiam
647 3427 771 3509 captivus
780 3441 849 3504 erat,

103 3521 217 3600 ideoque
232 3523 312 3581 illum
329 3522 416 3601 magis
431 3519 587 3597 laudamus;
608 3541 695 3600 neque
708 3519 748 3579 ita
769 3519 851 3579 ruira-

102 3641 163 3678 mur
175 3642 235 3678 cum
253 3607 418 3679 bumeutuiu
432 3618 609 3700 dispensaret,
627 3630 657 3675 ut
671 3637 734 3676 cum
748 3616 777 3675 in
792 3637 850 3675 car·

102 3733 160 3771 core
167 3713 283 3792 degeret,
297 3734 349 3772 non
364 3714 400 3771 ita
415 3734 478 3771 cum
491 3711 644 3770 diademate
659 3723 689 3768 ut
704 3730 767 3769 cum
779 3723 850 3768 cate·

102 3827 135 3864 na
158 3807 335 3885 cingebatur,
352 3826 404 3863 uon
420 3803 528 3883 quando
548 3803 576 3862 in
590 3802 657 3861 solio
672 3801 790 3878 sedebat,
803 3800 850 3860 sed

67 3905 85 3949 D
102 3898 210 3974 quando
231 3896 336 3956 insidiis
350 3896 529 3977 impetebatur
548 3908 574 3953 et
587 3892 768 3954 vendebatur.
785 3891 850 3951 Hac

102 3989 190 4066 itaque
211 3989 300 4047 omnia
314 3989 472 4066 cogitantes,
488 4007 590 4045 necnon
611 4004 721 4043 coronas
735 3982 779 4043 bis
793 4004 850 4043 eer-

101 4082 246 4141 taminibus
257 4094 381 4160 paratas,
397 4101 430 4138 ne
440 4078 561 4155 divitias,
576 4076 715 4151 honorem,
728 4074 849 4149 delicias,

101 4175 259 4255 potentiam,
285 4173 331 4232 sod
362 4186 556 4253 paupertatem,
585 4184 703 4248 catenas,
728 4169 849 4248 vincula,

101 4267 257 4347 patientiam
270 4289 319 4346 pru
336 4267 437 4326 virtute
452 4277 603 4345 susceptam
616 4262 768 4322 laudemus.
785 4262 851 4322 Illo·

101 4381 161 4417 rum
176 4358 247 4417 enim
262 4358 324 4417 finis
341 4357 461 4417 tumultu
472 4379 503 4416 ac
519 4353 769 4437 perturbationibus
790 4355 851 4436 ple·

102 4476 152 4513 nus
166 4469 215 4531 est,
230 4469 254 4514 et
267 4455 294 4513 in
306 4455 356 4512 hac
370 4453 426 4514 vita
439 4453 498 4512 baec
511 4451 637 4511 desinunt
650 4473 658 4507 ε
674 4450 774 4509 borum
784 4471 850 4511 vero

101 4548 212 4617 fructus,
232 4547 327 4605 caelum
344 4560 369 4605 et
382 4545 496 4605 calestia
510 4545 592 4621 bona,
614 4564 673 4622 quae
688 4564 738 4602 nec
757 4542 853 4603 oculus

102 4638 183 4711 vidit,
200 4659 247 4697 nec
258 4638 332 4697 auris
346 4637 454 4696 audivit
471 4660 476 4692 :
495 4658 555 4715 quae
567 4657 615 4712 nos
635 4655 729 4694 omnes
748 4633 852 4713 assequi

68 4727 249 4809 Econtingat,
277 4730 362 4810 gratia
387 4744 413 4787 et
437 4728 604 4808 benignitate
631 4725 741 4786 Domini
767 4726 853 4785 nostri

102 4826 162 4882 lesu
189 4823 308 4896 Christi,
329 4820 371 4880 eui
401 4820 485 4900 gloria
509 4822 536 4880 in
563 4819 658 4881 sarcula
677 4819 849 4879 saeculorurn.

111 4923 131 4973 Α
143 4937 213 4974 men.

137 5220 205 5269 l'Alii
217 5243 252 5271 rer
266 5232 361 5287 τρυφήν.
