3750 5940
147 410 221 504 426
517 432 546 481 s.
574 431 718 500 tonitru
741 399 928 484 mursosr.
956 437 967 484 t

146 530 893 618 uuttuuoemnnmumusmsssnueascum
946 566 966 616 s

42 669 52 676 ’
145 648 219 714 enim
242 662 282 709 tot
304 661 430 728 tantaque
448 647 576 718 tudima,
595 647 686 708 adhuc
709 661 798 726 tumen
816 647 892 726 dicit,
947 673 965 708 o

146 743 219 809 Jam
217 742 319 824 soetet;
326 741 542 823 quatriduanus
555 753 599 801 est
609 739 756 800 enthtla
767 760 840 816 vero,
853 753 891 800 et-
947 733 966 815 ἦ

144 833 169 893 si
183 831 320 893 nihildum
331 831 458 907 ouuiisset,
465 831 535 891 nibil
542 830 699 913 hujusmodi
710 831 822 912 loquuta
835 845 875 891 est
880 854 890 909 ;
946 832 966 894 'l

144 925 192 987 sed
205 925 298 986 stetim
304 923 415 987 credens
427 923 500 985 dixit
514 948 521 982 ι
536 927 587 985 st.
603 927 739 997 Domine,
751 926 891 1007 stsuisses
946 949 966 1005 μ

144 1017 577 1101 Rie,sratermeusnonsuisset
587 1031 727 1078 mortum.
946 1021 966 1078 εἰ

186 1206 215 1265 5.
235 1203 337 1268 Videte
359 1217 460 1283 qtuntu
479 1202 516 1263 sit
535 1202 681 1263 mulierum
700 1202 929 1285 pbilosopbia‚c

146 1293 252 1355 etiami
278 1294 415 1354 imbecille
440 1309 528 1355 mente
553 1294 659 1354 essem?
688 1294 757 1356 Viso
780 1315 894 1372 namque

138 1387 257 1447 vChristo
278 1407 332 1447 non
350 1385 442 1446 statim
464 1385 493 1445 iu
513 1385 635 1459 luctum,
650 1385 678 1444 in
691 1384 851 1466 planctum,
866 1385 894 1444 in

146 1472 278 1560 gemitum
291 1490 455 1561 erumpunt,
470 1491 499 1537 ut
513 1498 562 1537 nos
576 1477 709 1553 solemus,
726 1475 835 1558 quando
849 1497 895 1535 no·

146 1583 189 1632 tos
201 1570 344 1653 quospiam
362 1569 398 1630 sd
418 1569 524 1630 luctum
541 1569 677 1630 uenientes
697 1569 895 1650 conspicimus;

145 1663 195 1726 sed
219 1663 311 1725 stetim
331 1664 385 1724 illae
405 1663 567 1743 magistrum
586 1663 729 1724 mirantur.
746 1662 895 1723 Credebant

131 1757 241 1836 ¹utique
253 1757 340 1818 umbre
363 1757 392 1817 in
410 1756 562 1832 Christum3
576 1754 690 1816 sednon
713 1770 744 1816 ut
762 1778 812 1838 prr
829 1771 894 1817 erat.

147 1848 277 1912 Nondum
287 1849 360 1911 enim
374 1851 490 1932 perdocte
501 1848 638 1923 sciebant,
653 1869 702 1908 nee
718 1851 807 1909 Deum
820 1870 892 1925 osse,
951 1853 965 1919 ἶ

147 1963 234 2022 neque
249 1963 298 2002 suu
322 1955 454 2023 potestate
477 1955 504 2001 et
523 1939 682 2000 auctoritate
704 1940 763 2000 hec
782 1941 893 2000 facere:
963 1997 965 2012 ,

146 2033 375 2114 quodutrumque
386 2033 457 2114 ipses
476 2031 594 2093 edocuit.
611 2030 691 2105 Quod
708 2047 797 2091 autem
818 2033 894 2111 igno-
913 2044 933 2091 It

146 2139 250 2204 rorent,
276 2139 350 2208 patet
369 2146 404 2185 ex
425 2145 457 2185 eo
481 2123 557 2204 quod
567 2123 610 2183 bis
625 2123 733 2199 verbis,
745 2124 777 2185 Si
787 2126 894 2204 fuisses

147 2220 322 2302 Ric,·sroter
334 2231 432 2278 noster
445 2238 505 2277 nou
526 2229 599 2277 esset
620 2230 767 2288 mortuus,
782 2216 895 2276 eddide-

147 2309 218 2385 rint,
244 2314 295 2370 29.
324 2313 517 2390 Quaecumque
531 2312 650 2388 petieris
671 2329 692 2367 a
706 2310 795 2380 Deo,
812 2311 894 2368 dabit

148 2404 203 2460 tibi
205 2425 218 2472 ,·
231 2402 309 2482 quasi
322 2401 357 2463 de
375 2401 477 2464 virtute
495 2399 611 2481 praedito
633 2413 659 2459 et
680 2400 823 2480 conspicuo
834 2401 894 2460 rim

145 2492 291 2572 loquentes.
308 2492 379 2558 Vide
390 2506 481 2552 eutem
495 2491 563 2571 quid
581 2491 705 2552 Christus
717 2492 892 2573 respondente
963 2549 964 2552 ,

145 2589 195 2648 25.
207 2589 346 2669 Resurget
348 2589 452 2670 freter
462 2598 528 2645 tum
533 2608 547 2659 ;
558 2584 630 2644 illud
641 2586 795 2661 confutans,
811 2588 893 2663 Quce·
958 2591 964 2610 '

147 2698 272 2761 urumque
282 2682 411 2761 petieris.
430 2679 523 2756 Neque
536 2676 609 2737 cuim
621 2675 709 2753 dixit,
724 2678 832 2754 Petam,
847 2678 894 2738 sed
958 2680 964 2702 ³

145 2769 234 2850 quid?
249 2773 388 2852 Resurget
398 2771 503 2855 sruter
517 2783 594 2831 tuus.
612 2770 642 2829 Si
661 2769 775 2831 dixisset
794 2769 865 2829 enim
883 2795 890 2827 z

68 2853 73 2860 ⁵
144 2854 294 2926 Omulier!
308 2863 399 2923 adhue
413 2875 512 2923 terrem
525 2861 655 2943 respicis?
665 2861 754 2923 alieno
764 2884 816 2922 non
828 2884 892 2942 egeo

143 2953 264 3030 auxilio,
277 2976 294 3015 a
306 2955 410 3036 meipso
422 2954 513 3014 omniu
525 2953 611 3028 seci03
626 2953 684 3014 brec
697 2946 807 3014 molesta
826 2954 892 3015 fuis·
912 2957 929 3003 Ε
949 2976 964 3034 p

143 3060 218 3124 sent,
233 3060 262 3108 et
271 3046 414 3107 mulierem
427 3044 608 3106 offendissent.
622 3046 702 3105 Nunc
713 3067 777 3106 vero
788 3045 890 3121 dicens,
949 3043 964 3104 ’t

144 3141 293 3219 Resurget,
309 3136 431 3198 medium
442 3136 530 3198 tenuit
541 3135 669 3215 modum,
682 3151 709 3196 et
723 3159 770 3218 per
780 3159 890 3216 supten-
900 3174 936 3213 ,72
948 3160 964 3195 κ

143 3230 181 3291 tie
196 3252 226 3291 eu
245 3253 306 3310 que
320 3230 380 3289 dixi
402 3229 592 3290 subindicavit.
611 3228 722 3288 Dicente
741 3230 813 3289 cuim
833 3229 890 3305 illu,
909 3233 927 3275 A
947 3254 964 3288 n

143 3324 192 3382 2⁴.
207 3324 273 3383 Seio
287 3327 359 3404 quia
381 3334 509 3402 resurget
530 3326 733 3381 innovissimo
753 3325 820 3396 die,
836 3325 890 3384 cln—
946 3328 962 3394 ἠ

142 3415 200 3475 rius
211 3436 287 3475 suam
301 3412 418 3473 ostendit
430 3412 628 3487 auctoritatem,
640 3411 748 3485 dicens,
760 3416 809 3474 25.
825 3420 889 3497 Ego
945 3442 962 3495 γ

142 3528 206 3567 sum
228 3511 399 3567 resurrectio
413 3519 442 3565 et
461 3510 527 3564 vita
535 3530 547 3575 ;
564 3518 776 3565 commonstrans
795 3531 888 3572 senon

141 3599 253 3660 alterius
274 3598 379 3658 auxilio
402 3619 493 3678 egere,
520 3597 653 3677 siquidem
677 3596 733 3678 ipse
755 3599 811 3659 vita
837 3618 886 3663 est.
944 3607 955 3633 ¹

141 3690 224 3765 Quod
236 3692 260 3752 si
274 3689 386 3767 ulterius
399 3703 488 3769 egeret
501 3709 595 3770 opera,
608 3688 744 3769 quomodo
763 3690 821 3771 ipse
834 3695 889 3754 fue
944 3718 961 3754 κ

141 3783 346 3845 ritresurrectio
362 3783 476 3846 etrite?
499 3780 554 3842 Sed
573 3802 627 3841 noo
640 3795 697 3840 tum
717 3783 787 3842 clere
799 3785 888 3859 dixit,
945 3788 963 3845 δ;

141 3876 326 3938 subindicavit
344 3889 442 3935 temen.
459 3875 580 3934 Rursum
593 3873 640 3932 ille
659 3872 781 3950 dicente,
805 3879 888 3956 Quoe.
944 3904 961 3937 α

140 3990 265 4052 eumque
274 3972 458 4051 poposceris,
475 3967 522 4026 itte
536 3967 660 4049 reponit:
680 3971 737 4046 Qui
750 3973 842 4044 eredit
856 3977 888 4030 in
944 3977 963 4030 οι

142 4084 188 4123 me
197 4110 207 4137 ,
229 4067 346 4123 etiamsi
358 4076 489 4122 mortuus
494 4064 593 4144 suerit
598 4107 608 4134 ‚
632 4066 732 4132 νέμει,Ι
747 4064 887 4124 ostendens
944 4067 962 4122 ἀ

141 4175 170 4214 se
182 4155 315 4215 bonorum
331 4152 453 4213 datorem
468 4173 541 4229 esse,
558 4166 583 4211 et
597 4174 612 4210 a
628 4172 655 4210 se
667 4153 812 4234 petendum
822 4178 886 4215 esse.
942 4180 962 4213 so

141 4247 190 4305 26.
207 4248 248 4306 Et
262 4249 363 4306 ‘omnis
377 4249 429 4326 qui
441 4247 531 4315 vivit,
548 4256 576 4302 et
590 4246 683 4303 eredit
698 4249 731 4304 iu
743 4267 805 4317 me,
828 4270 887 4306 non
908 4260 926 4306 Β
942 4246 963 4301 “t

142 4340 281 4395 morietur
295 4341 328 4394 in
349 4348 499 4394 eternum.
519 4333 592 4395 Vide
618 4336 753 4414 quomodo
772 4353 886 4399 mentem
943 4342 962 4407 ζι

140 4426 198 4507 ejus
211 4426 303 4505 eriget.
323 4427 384 4485 Non
399 4426 470 4484 enim
492 4439 597 4485 tantum
617 4428 786 4506 querebatur
799 4453 887 4490 resur-
942 4454 962 4488 >o

141 4516 223 4576 rectio
237 4515 332 4575 Lateri
341 4560 350 4593 ,
365 4516 413 4576 sed
425 4517 564 4596 oportebat
579 4531 604 4576 ct
620 4518 705 4596 hanc,
722 4521 805 4599 etqui
819 4545 886 4602 prae-
943 4548 962 4583 o

141 4621 228 4668 sentes
249 4628 311 4666 cum
334 4607 382 4667 itta
406 4621 496 4684 crunt,
516 4610 738 4670 resurrectionem
761 4612 886 4674 ediscere.
942 4640 962 4674 o

142 4703 284 4780 Propterea
297 4712 440 4778 antequam
449 4700 557 4759 suscitet
574 4722 635 4760 eum
645 4747 653 4776 ,
664 4703 753 4762 verbis
765 4706 885 4785 pbiloso-
942 4711 962 4767 ἕ(

141 4788 370 4873 phetonQuodsi
380 4791 539 4850 resurrectio
548 4792 583 4850 sit
594 4807 619 4852 et
628 4793 695 4870 vito,
704 4815 756 4853 non
766 4796 824 4855 loco
834 4799 882 4858 cir·
941 4827 960 4881 χ

174 4998 186 5023 e
203 4980 250 5034 Atti
261 4981 330 5051 [cum
342 4979 426 5033 Codd.
440 4982 499 5047 705,
512 4984 572 5048 709]
584 4982 636 5037 ἀλλ’
649 4992 763 5041 triremes
775 4995 878 5056 λέγουσι.
953 5009 962 5043 t

174 5061 189 5101 <l
206 5059 253 5112 Alii
266 5064 351 5116 οὐδέπω
363 5068 408 5130 γάρ
420 5068 560 5131 γνωρίζουσι.
953 5081 961 5122 t

173 5138 288 5192 ‘Horeb
307 5144 414 5202 Ιδίδαξιν.
436 5146 471 5193 ὅτι
488 5144 511 5192 di
527 5145 566 5192 οὐκ
587 5145 676 5209 ᾔδεσαν,
689 5147 756 5203 δῆλον
768 5155 805 5200 καὶ
821 5155 845 5199 ir
863 5158 903 5203 τοῦ

143 5228 218 5282 ussto,
232 5227 280 5273 si...
294 5227 367 5287 ἡμῶν,
379 5226 416 5273 καὶ
429 5226 452 5271 ir
465 5226 504 5273 τοῦ
516 5227 650 5286 ὶπαγαγιῑν,
661 5229 703 5274 tou
714 5231 741 5276 ἂν
754 5233 842 5294 αἰτήσῃ.
856 5227 900 5278 Su·
950 5242 961 5298 p
