3750 5940
232 420 267 465 Vt
917 425 1104 476 enmrnrto.

231 542 333 604 Filium
347 541 496 605 substantia
509 543 626 605 similem
635 563 691 604 esse
702 542 793 624 Patri,
808 544 987 607 similitudine
999 547 1154 630 imperfecta
1166 550 1255 631 qualis
1270 567 1359 635 posset
1369 574 1427 614 csse
1439 569 1568 618 ereatura
1583 556 1620 620 ud
1637 558 1801 642 Creatom,

230 639 358 719 imaginis
366 637 401 699 ad
412 652 518 721 typum.
531 637 681 719 imaginem
692 657 788 720 nempe
797 651 823 698 et
832 639 1040 703 similitudinem
1050 643 1127 704 illam
1142 659 1219 706 extra
1235 647 1333 723 Deum,
1345 669 1362 708 a
1375 651 1433 709 Deo
1443 650 1543 710 laetam
1552 672 1608 712 esse
1616 652 1760 733 dicebant,
1771 671 1799 718 et

230 735 281 796 Dei
296 734 451 794 substantiae
465 733 581 793 similem
597 754 663 810 esse,
678 747 808 813 quatenus
821 748 909 815 potest
924 757 966 796 res
979 751 1055 797 extra
1076 741 1165 799 Deum
1177 754 1279 819 creata,
1291 742 1426 803 Creatoris
1444 744 1601 806 substantia
1618 769 1676 809 esse
1691 749 1800 810 similis.

230 829 266 888 lli
276 851 340 891 vero
349 830 456 890 nomine
468 843 572 890 tanturm
581 843 658 889 tenus
667 829 703 888 ab
712 828 819 888 Arianis
830 831 954 911 perfectis
963 832 1132 894 differebant.
1146 837 1204 895 Non
1217 836 1289 897 enim
1298 851 1421 919 poterant
1431 840 1525 900 Ariani
1538 861 1636 921 negare
1648 844 1696 924 qui
1707 844 1799 907 Evau-

229 924 329 1005 qelium
344 925 534 1004 admittebant,
548 925 671 1005 aliquam
677 922 884 985 similitudinem
895 926 1078 1009 imperfectam
1090 951 1146 990 esse
1155 952 1235 1012 posse
1248 932 1318 993 iuter
1333 947 1469 996 creaturas
1484 948 1512 995 et
1527 937 1700 999 Creatorema
1714 960 1801 1020 quau·

228 1019 374 1100 doquidero
389 1021 417 1081 in
431 1021 581 1102 Evangelio
595 1021 720 1098 habetur,
737 1023 775 1082 Ut
790 1023 853 1083 sitis
867 1024 978 1084 similes
990 1026 1090 1087 Patris
1101 1031 1203 1102 vestri,
1213 1040 1266 1088 etc.

270 1116 315 1177 Ex
325 1117 498 1178 semiarianis
515 1139 580 1179 vno
592 1117 656 1195 alii,
673 1138 789 1197 quorum
807 1117 998 1198 antesignanus
1013 1134 1070 1180 erat
1084 1121 1203 1182 Basilius
1223 1125 1398 1205 Ancyranus,
1414 1125 1445 1186 rh
1458 1126 1632 1206 ipouoo‘atos,
1647 1150 1744 1213 nempe
1756 1132 1800 1192 si-

212 1209 215 1212 ’
228 1211 410 1272 militudinem
424 1212 588 1288 substantia,
598 1212 677 1292 louge
685 1212 740 1272 alio
754 1211 835 1273 modo
848 1213 1099 1295 inteqsretabantur.
1112 1217 1304 1278 Omuimodam
1316 1219 1417 1301 quippe
1427 1221 1633 1284 similitudinem
1642 1226 1801 1286 substantie

226 1304 254 1365 in
265 1307 344 1365 Patre
353 1320 433 1386 atquc
444 1306 514 1365 Filio
528 1305 720 1365 admittebant:
730 1307 761 1366 τὸ
771 1307 909 1386 ὁμοούσιον
924 1330 999 1386 vcro,
1019 1309 1077 1370 sive
1096 1311 1389 1373 consnbtantialitatem
1400 1314 1489 1375 Patris
1500 1328 1526 1375 et
1540 1317 1604 1376 Filii
1623 1320 1780 1401 rejiciebant
1785 1344 1795 1398 ;
1860 1353 1866 1365 ·

226 1401 372 1481 etquidem
386 1402 479 1463 miultis
488 1401 523 1461 de
533 1401 620 1462 caatsis
633 1423 701 1480 ‹puas
711 1415 827 1462 recenset
840 1416 866 1462 ct
879 1405 999 1463 confutat
1014 1404 1177 1466 Athanasius
1196 1406 1268 1466 bbro
1280 1405 1316 1466 de
1329 1407 1458 1490 Synodis,
1472 1431 1500 1491 p.
1520 1412 1588 1488 764,
1607 1426 1634 1472 ιι
1654 1414 1682 1474 in
1702 1415 1798 1476 eodem

224 1499 305 1574 libro,
316 1520 345 1579 p.
357 1499 426 1573 757,
440 1497 489 1573 ait,
502 1495 562 1556 idco
575 1496 652 1555 illam
667 1517 771 1572 vocem,
793 1497 942 1576 spaciatus,
960 1498 996 1556 ab
1014 1497 1059 1557 his
1077 1497 1112 1558 de
1129 1499 1228 1580 tpribns
1242 1499 1381 1580 loquimur
1403 1504 1577 1565 senniarianis
1593 1507 1678 1588 rejici,
1692 1509 1757 1588 qnia
1768 1509 1797 1568 in

225 1594 339 1655 concilio
354 1591 535 1662 Antiocheno,
550 1591 597 1650 ιι1ι1
612 1589 714 1650 Paulus
732 1591 921 1651 samosatenus
935 1591 1079 1652 damnatus
1100 1593 1166 1670 suit,
1180 1595 1508 1677 proscriptasneca13etsi
1528 1620 1582 1660 non
1598 1621 1629 1661 co
1643 1622 1723 1662 sensu
1739 1625 1796 1684 quo

224 1702 316 1771 postea
329 1687 356 1745 in
367 1685 475 1745 Nicaena
490 1683 593 1766 synodo
607 1696 633 1744 et
647 1683 764 1743 admissa
778 1697 805 1744 et
816 1686 999 1767 promulgata,
1012 1699 1039 1746 et
1052 1686 1079 1748 in
1099 1687 1164 1749 fidei
1178 1691 1342 1751 confessione
1355 1692 1443 1772 posita
1456 1693 1516 1752 suit.
1533 1696 1602 1754 Nam
1613 1697 1688 1775 quod
1698 1697 1727 1757 in
1743 1702 1798 1758 An-

223 1782 347 1843 tiochena
362 1778 467 1861 synodo
481 1779 513 1840 rh
527 1777 666 1858 ὁμοούσιιν
678 1798 730 1836 nou
742 1777 865 1838 absolute
873 1778 1033 1839 damnatum
1043 1781 1136 1857 inerit,
1151 1782 1234 1862 liquet
1248 1805 1284 1842 ex
1295 1785 1387 1846 verbis
1400 1786 1527 1868 Dionysii
1538 1787 1732 1866 Alexandrini,
1748 1791 1798 1871 qui

224 1877 394 1938 Antiochense
408 1869 513 1954 synodo
529 1869 684 1929 interfuerat
695 1883 721 1929 et
732 1871 936 1951 stdtscripserat.
953 1873 1100 1933 Accusatus
1110 1874 1183 1934 enim
1196 1875 1271 1957 apud
1280 1877 1446 1960 Dionysium
1459 1881 1613 1940 Romanum
1626 1881 1798 1962 Pontificem,

222 1971 296 2051 quod
305 1990 371 2032 voce
383 1965 522 2047 ὁμωύσιον
536 1975 719 2022 concuteretur
732 1963 758 2022 in
771 1964 946 2023 concionibus
957 1965 1023 2042 suis,
1034 1965 1173 2047 respmttdit
1183 1967 1230 2027 ille
1242 1989 1271 2028 se
1284 1968 1441 2051 hujusmodi
1451 1992 1545 2032 vocem
1566 1987 1593 2032 et
1607 1972 1759 2051 admittere,
1770 1990 1799 2037 ιι

222 2079 254 2125 ut
272 2064 382 2124 omnino
396 2057 556 2120 catholicam
572 2055 679 2116 habere.
696 2058 739 2116 Ab
756 2058 802 2117 illa
814 2072 905 2118 autem
916 2072 981 2119 tuuc
994 2059 1159 2138 abstinebat,
1173 2061 1238 2140 quia
1256 2062 1310 2122 sibi
1328 2085 1392 2124 cum
1410 2066 1572 2127 sabellianis
1590 2089 1632 2128 res
1651 2082 1715 2128 erat
1730 2069 1798 2148 llam

224 2179 290 2221 vero
303 2156 428 2238 pluribus
440 2150 573 2231 ‹lescripta
585 2148 669 2208 habes
685 2149 714 2208 in
726 2150 866 2210 Athanasii
883 2153 953 2211 labro
963 2151 998 2213 de
1010 2154 1139 2214 sententia
1154 2154 1299 2237 Dionysii:
1314 2156 1362 2215 ubi
1378 2157 1426 2217 ille
1438 2157 1497 2240 ipsa
1516 2160 1642 2243 Dionysii
1659 2163 1743 2223 verba
1753 2185 1798 2223 re-

222 2253 287 2330 fert,
304 2249 438 2330 exscripta
449 2267 485 2305 ex
496 2242 616 2325 ejusdem
627 2242 750 2323 epistola.
766 2247 890 2305 Attamen
907 2246 937 2304 hi
956 2246 1075 2308 mitiores
1090 2247 1249 2308 semiariani
1260 2250 1291 2310 rh
1304 2249 1442 2329 lpocu'atou
1449 2252 1615 2333 rejiciebant,
1628 2254 1725 2333 illique
1735 2257 1798 2316 voci

221 2342 421 2424 ahhpatootiatcc
428 2338 634 2400 scdutituebant.
642 2341 746 2400 Verum
756 2336 784 2397 in
795 2339 989 2421 eacxplieanda
997 2361 1063 2401 voce
1070 2341 1104 2400 ita
1114 2341 1303 2422 procedebant,
1313 2357 1366 2404 uta
1375 2365 1439 2406 vera
1449 2345 1653 2407 catholicorum
1664 2350 1796 2410 sententia

221 2440 291 2500 nihil
303 2439 452 2512 differrent,
463 2436 524 2494 licet
532 2434 561 2493 in
575 2432 666 2493 verbis
676 2432 743 2515 ipsis
756 2449 915 2515 pugnarent.
930 2437 1004 2495 Inter
1013 2436 1190 2499 substantiam
1205 2437 1278 2498 enim
1291 2439 1381 2499 Patris
1394 2453 1420 2499 et
1430 2440 1494 2499 Filii
1505 2442 1651 2522 perlectam
1665 2441 1797 2502 similitu·

220 2532 313 2593 dinem
328 2531 494 2606 statuebant,
507 2541 534 2587 et
556 2527 658 2586 Filium
672 2525 747 2585 Patri
767 2528 897 2606 aequalem
914 2529 1121 2610 profitebantur,
1133 2529 1197 2589 licet
1208 2552 1288 2611 pono
1302 2530 1372 2590 illud
1384 2532 1546 2610 ὁμοιοιύιιον
1562 2532 1727 2614 impietatem
1737 2557 1795 2617 prae

222 2630 343 2688 scierat:
359 2648 422 2686 nam
434 2625 457 2684 si
471 2622 568 2684 similis
581 2621 732 2681 substantia
746 2622 821 2681 Patri
831 2622 866 2682 sit
880 2624 903 2683 F
904 2622 1011 2701 ilius,si
1025 2645 1087 2684 vere
1099 2626 1182 2701 Deus,
1198 2638 1228 2684 ut
1242 2624 1283 2684 illi
1297 2626 1508 2704 confitebantur,
1518 2627 1629 2688 alterius
1640 2642 1666 2688 et
1679 2627 1795 2691 diversas

221 2722 377 2783 substantiae
391 2720 490 2780 inerit:
507 2717 578 2777 idem
595 2717 666 2777 enim
681 2715 771 2798 ipsum
789 2738 930 2797 nunquam
943 2718 1033 2779 simile
1051 2719 1104 2779 sibi
1125 2718 1179 2778 dici
1199 2721 1293 2801 possit.
1309 2723 1339 2782 si
1361 2743 1425 2783 vero
1438 2721 1552 2782 diversae
1569 2723 1725 2784 substantiae
1740 2726 1796 2787 sint

221 2819 301 2878 Pater
310 2832 336 2876 et
350 2816 445 2890 Filius,
462 2814 485 2874 si
498 2814 578 2872 Pater
591 2815 675 2886 Deus,
688 2825 715 2871 et
728 2813 751 2871 F
754 2812 817 2871 ilius
828 2835 935 2892 qnoque
946 2815 1036 2890 Deus,
1050 2815 1177 2894 ergoduo
1190 2814 1229 2874 dii
1239 2831 1333 2893 erunt,
1346 2837 1408 2877 nam
1420 2817 1569 2878 stdtstantia
1584 2818 1635 2878 Dei
1652 2821 1727 2879 Deus
1738 2821 1796 2902 ipse

220 2926 269 2975 est.
280 2912 326 2973 sic
336 2912 422 2971 Filius
435 2909 511 2969 Patri
521 2908 669 2968 substantia
683 2907 791 2982 similis,
807 2908 858 2967 erit
871 2910 946 2968 Dens
959 2911 1017 2969 Dco
1028 2909 1141 2984 similis,
1154 2930 1219 2990 ergo
1234 2909 1290 2971 duo
1305 2910 1354 2971 dii.
1368 2914 1474 2974 Verum
1488 2911 1559 2971 banc
1576 2916 1794 2993 consequentiam

221 3028 276 3068 non
288 3006 466 3067 adruittebant
478 3004 524 3080 bi,
538 3003 572 3062 de
585 3003 686 3082 quibus
700 3003 847 3083 loquimur,
861 3003 1037 3081 semiariani,
1050 3005 1112 3064 licet
1125 3026 1155 3064 ca
1165 3019 1257 3086 aperte
1270 3027 1305 3067 ex
1319 3027 1385 3068 voce
1395 3006 1558 3085 ὅμοιοιύσιον
1573 3007 1648 3087 saqui
1658 3008 1794 3070 videatur.

222 3102 260 3162 Hi
273 3115 345 3161 certo
357 3100 406 3160 etsi
416 3099 452 3159 ad
462 3098 622 3159 catholicam
636 3097 794 3156 sententiam
810 3097 973 3176 accederent,
985 3098 1057 3158 male
1066 3113 1154 3159 ιιιιιιιι
1168 3101 1239 3160 hanc
1251 3100 1414 3162 inducebant
1420 3121 1524 3176 vooem,
1533 3113 1559 3160 et
1572 3100 1700 3182 culpandi
1711 3102 1795 3162 etiam

220 3213 296 3258 mant
308 3195 384 3276 qnod
396 3217 489 3254 vocem
500 3195 638 3272 cautuae
651 3193 680 3252 in
694 3215 769 3252 sacra
783 3194 891 3253 Nicaena
905 3193 1011 3275 syuodo
1022 3193 1161 3254 inductam
1175 3216 1229 3256 non
1244 3195 1425 3256 admitterent.
1439 3199 1562 3257 Attamen
1576 3217 1705 3276 magnum
1723 3197 1796 3258 illud

220 3292 349 3353 Ecclesiae
363 3292 452 3350 lumen
472 3289 635 3348 Athanasius
647 3288 698 3348 hos
710 3308 763 3348 non
779 3289 838 3350 uult
848 3289 925 3368 quasi
939 3289 1109 3351 adversarios
1121 3291 1226 3350 baberi.
1244 3291 1328 3351 Libro
1343 3312 1458 3370 namque
1470 3291 1505 3350 de
1523 3290 1658 3372 Synodis,
1676 3314 1704 3373 p.
1720 3293 1795 3370 755,

220 3386 259 3446 ita
269 3386 369 3445 habet:
384 3386 469 3445 Viros
482 3395 578 3442 atatem
596 3386 648 3461 qni
667 3383 731 3443 alia
746 3385 865 3462 quidem
883 3387 984 3443 οιηιιίιι
1002 3385 1110 3444 Nicaea
1127 3387 1237 3468 scripta
1254 3387 1413 3463 recipiunt,
1428 3385 1542 3444 desolo
1560 3397 1659 3443 auton
1672 3391 1795 3446 consub-

221 3478 371 3538 stantialis
382 3476 529 3536 vocabulo
545 3477 710 3555 ambigunt,
726 3495 785 3534 aon
797 3487 829 3534 ut
843 3478 976 3535 inimicos
993 3479 1119 3554 spectati
1132 3495 1190 3554 par
1207 3478 1262 3539 lsi.
1278 3478 1382 3557 Neque
1392 3479 1471 3535 enim
1488 3477 1572 3536 velut
1587 3477 1794 3542 Ariamanitas

221 3585 273 3632 aut
286 3573 410 3632 Patrnm
424 3572 608 3629 adversarios
622 3572 754 3629 homines
768 3571 960 3652 aggredimur,
974 3571 1028 3630 secl
1043 3572 1225 3649 disputamus
1239 3571 1335 3631 veluti
1344 3573 1464 3654 fratres
1480 3570 1718 3652 cumfratribus,
1739 3578 1795 3654 qui

220 3669 323 3728 cariem
336 3688 396 3747 qua
406 3686 460 3725 nos
469 3677 538 3725 sunt
549 3668 705 3740 sententia,
719 3667 782 3726 scio
795 3670 912 3724 nomine
923 3668 955 3723 in
968 3668 1198 3726 controversiam
1214 3667 1353 3727 adduae.
1368 3668 1443 3727 Cum
1461 3667 1537 3725 enim
1547 3666 1743 3744 confiteantur
1755 3690 1793 3728 ea

219 3765 385 3824 saihstantia
400 3762 512 3831 Patris,
523 3768 551 3819 et
562 3780 624 3818 non
632 3781 669 3818 ea
683 3760 746 3818 alia
758 3764 924 3819 susbstantia
938 3781 1000 3819 esse
1011 3759 1135 3836 Filium,
1151 3782 1205 3820 nec
1214 3774 1377 3822 creaturam
1391 3762 1444 3821 cel
1455 3761 1601 3841 opificium
1618 3762 1702 3822 illurn
1714 3782 1792 3838 esse,

219 3858 273 3917 sed
284 3861 443 3939 genuinam
462 3855 689 3933 naturalemque
696 3855 821 3933 prolem,
842 3868 870 3913 et
886 3858 923 3913 ab
938 3868 1048 3916 aeterno
1060 3877 1123 3916 una
1142 3876 1207 3916 cum
1222 3858 1315 3916 Patre
1330 3858 1457 3916 Verbum
1474 3869 1503 3916 et
1517 3855 1699 3934 Sapientiam
1716 3861 1793 3916 easi-

221 3964 306 4030 stare,
319 3972 379 4012 non
390 3952 477 4031 longe
490 3951 598 4009 absunt
611 3971 631 4008 a
640 3949 808 4029 recipienda
819 3949 1054 4010 consubstantialis
1067 3972 1149 4010 voce.
1163 3953 1243 4012 Talis
1257 3964 1301 4010 est
1315 3951 1447 4011 Basilius
1460 3951 1605 4027 Ancyra,
1620 3954 1671 4031 qui
1683 3952 1720 4010 de
1729 3952 1793 4031 fide

219 4051 347 4129 scripsit.
368 4047 445 4106 Nam
459 4046 486 4106 si
496 4044 601 4104 similis
621 4056 736 4104 tanturn
750 4045 1037 4105 dicatrtrsecundum
1051 4049 1262 4120 substantiam,
1279 4048 1313 4105 id
1332 4067 1392 4105 non
1414 4046 1491 4105 idern
1507 4066 1625 4124 prorsus
1643 4049 1793 4127 significat

206 4156 313 4225 ‚atque
324 4142 412 4218 illud,
426 4163 462 4202 ex
475 4139 633 4215 substantia,
650 4161 709 4219 quo
720 4143 811 4199 verbo
831 4144 935 4220 magis,
951 4153 983 4200 ut
995 4144 1049 4220 ipsi
1061 4143 1172 4214 dixere,
1186 4143 1288 4201 Patris
1301 4162 1473 4222 germanum
1486 4141 1594 4204 Filium
1617 4142 1710 4218 ipsum
1728 4162 1793 4202 esse

220 4238 412 4321 significatur,
429 4251 478 4297 etc.
496 4235 543 4295 Ex
554 4234 598 4295 his
611 4233 688 4297 vides
701 4234 750 4294 bos
769 4234 949 4295 semiarianos
961 4236 1073 4296 vocibus
1086 4251 1219 4297 tantuma
1233 4236 1382 4296 Catholicis
1393 4235 1562 4343 dissensisse,
1573 4257 1602 4295 re
1615 4249 1706 4295 autem
1719 4238 1792 4317 ejus-

219 4331 283 4393 dem
296 4332 431 4392 sententiae
443 4331 535 4391 finisse.
550 4329 630 4392 Unde
642 4328 751 4392 videtur
767 4329 930 4390 Athanasius
944 4351 1051 4412 sperare
1065 4331 1127 4391 illos
1141 4330 1247 4392 tandem
1261 4331 1297 4392 ad
1310 4330 1473 4393 catholicam
1486 4353 1538 4391 non
1553 4330 1633 4390 modo
1650 4331 1792 4408 sentiendi,

220 4426 360 4489 sedetiam
372 4424 499 4507 loquendi
517 4425 647 4486 rationem
660 4446 814 4485 accessuros
829 4446 894 4502 esse,
911 4446 974 4484 cum
989 4425 1036 4502 ait,
1051 4425 1123 4507 ipsos
1144 4448 1196 4487 non
1211 4427 1292 4509 longe
1310 4427 1402 4487 abesse
1415 4426 1594 4507 acccipienda
1609 4426 1793 4486 Consttbstan-

220 4522 293 4584 tialis
304 4543 376 4584 voce.
387 4521 424 4582 Et
433 4543 496 4583 rere
507 4520 566 4599 illi,
581 4534 610 4580 ut
622 4520 732 4600 quidem
743 4520 864 4598 videtur,
877 4535 969 4602 postea
988 4520 1135 4581 Catholicis
1149 4521 1271 4604 adjuncti
1285 4536 1364 4582 sunta
1381 4542 1434 4581 non
1447 4520 1495 4579 din
1511 4520 1583 4580 enim
1594 4520 1721 4599 loquendi
1735 4523 1790 4582 sor·

220 4617 308 4677 mulas
319 4615 354 4676 ab
368 4614 424 4675 illis
436 4627 577 4696 usurpatas
590 4612 716 4674 videmus
730 4613 758 4673 in
773 4612 892 4674 metlium
906 4612 1006 4672 afferri.
1019 4614 1058 4673 Ut
1071 4634 1135 4674 vero
1146 4613 1176 4672 hi
1187 4612 1347 4675 semiariani
1362 4634 1392 4672 re
1408 4612 1467 4693 ipsa
1488 4632 1551 4671 eum
1565 4611 1712 4671 Catholicis
1727 4633 1793 4673 con-

220 4708 386 4787 sentiebant,
402 4711 439 4769 ita
452 4729 559 4789 qnoque
571 4708 619 4768 alii
632 4709 802 4788 semiariani,
815 4709 861 4788 qni
881 4707 983 4767 Filium
996 4728 1053 4767 rem
1073 4709 1171 4768 saetam
1186 4731 1242 4769 esse
1256 4730 1304 4768 nec
1317 4721 1478 4767 coaeternum
1494 4705 1568 4764 Patri
1587 4705 1724 4781 dicebant,
1742 4708 1793 4767 etsi

219 4803 300 4866 illum
313 4804 486 4884 ὁμοιοσύσιιι,
500 4802 529 4862 id
543 4815 591 4880 est,
606 4801 694 4862 Patris
709 4803 858 4863 substantia
883 4801 999 4861 similem
1013 4800 1143 4880 dicerent,
1155 4803 1200 4863 vel
1217 4823 1325 4884 quartum,
1339 4800 1385 4863 vel
1400 4800 1468 4860 nibil
1488 4798 1651 4861 differebant
1663 4800 1700 4859 ab
1713 4801 1792 4860 Aria·

219 4901 264 4963 nis
276 4915 302 4962 et
328 4899 363 4959 ab
378 4898 411 4958 iis
424 4897 472 4977 qui
487 4898 620 4976 ἀνόμοιον,
634 4896 664 4955 id
678 4910 732 4975 est,
745 4896 906 4957 dissimilem
916 4896 990 4956 Patri
1008 4895 1111 4956 Filium
1129 4897 1294 4973 asscrebant,
1310 4909 1474 4977 quapropter
1489 4895 1518 4954 bi
1533 4895 1614 4954 etiam
1630 4895 1792 4957 semiariani

220 5018 273 5058 non
291 4995 340 5055 diu
354 4994 389 5054 ab
402 4993 512 5053 Arianis
527 5007 553 5053 et
565 4993 600 5051 ab
618 4992 753 5053 Anomoeis
764 4992 894 5072 segregati
908 4991 1038 5052 mansisse
1054 4991 1197 5069 videntur,
1217 5005 1243 5052 et
1261 4991 1301 5051 sic
1312 4989 1424 5051 demum
1438 4991 1493 5050 iere
1505 5011 1612 5068 omnes,
1624 4989 1664 5049 uti
1678 4988 1791 5068 quidem

220 5089 355 5163 existimo,
371 5091 561 5147 Anomoeorum
577 5086 684 5146 nomine
697 5099 761 5146 suut
774 5085 913 5167 appellati.

261 5183 380 5244 Auomoei
396 5204 458 5241 uero
477 5179 518 5240 itti
540 5180 634 5241 eodem
649 5181 752 5241 suborti
765 5186 885 5261 tempore
900 5181 1007 5242 Aetium
1020 5193 1156 5242 auctorem
1179 5179 1308 5241 habuisse
1322 5177 1498 5261 perhibentur
1505 5223 1515 5256 ,
1530 5174 1647 5253 Aetium,
1666 5175 1788 5255 inquam,
