3750 5940
61 432 244 485 resumens
266 432 381 483 nemi.
895 415 966 516 789

72 560 167 635 σῶμα,
222 557 350 618 celorum
376 555 553 618 stabulentur.
568 557 804 630 Quemadmodum
821 558 895 621 enim
915 560 970 623 boc

61 639 104 694 νῶν
118 641 167 716 βα·
176 678 213 717 2³,
222 649 342 718 tempere
352 636 376 696 si
388 636 492 697 venerit
506 636 589 718 lupus
602 637 630 697 in
642 638 725 714 ovile,
736 653 818 717 atque
829 660 909 700 ovem
922 662 967 701 ra·

61 738 104 782 τος
117 715 165 774 λύ-
184 736 205 781 Α
221 717 321 797 puerit,
333 716 444 796 reliquae
461 737 525 776 oves
543 714 753 797 disperguntur,
770 738 800 776 se
813 719 968 800 proripiunt

61 792 167 854 lloeel
221 809 248 854 et
260 795 423 875 aufugiunt:
435 795 509 873 quod
517 794 541 854 si
551 809 658 855 tantem
666 794 821 857 sibilantem
833 810 968 879 pastorem

78 873 167 953 eiquo·
220 874 367 951 audierint,
379 896 474 934 rursus
490 888 646 952 accurrunt,
659 888 687 934 et
703 875 784 935 sind
803 876 968 958 congregan-

61 896 166 1027 ileeeoe,
218 965 265 1013 tur
276 976 284 1011 e
296 953 336 1014 sic
352 967 379 1013 et
397 953 526 1035 discipuli
544 954 668 1031 Domini,
684 976 747 1015 cum
764 968 903 1036 tamquam
924 956 968 1016 lu-

61 1032 167 1090 ὕτωκαλ
219 1053 286 1113 pum
309 1054 416 1093 crucem
439 1055 468 1092 as
488 1033 626 1110 exissent,
646 1033 825 1126 aufugerunt,
848 1034 969 1097 ‹eleriter

60 1112 87 1171 ὸν
102 1117 166 1170 deu·
220 1112 422 1188 abscesserunt,
445 1056 495 1171 uli
521 1134 586 1172 uero
614 1113 726 1173 Domina
746 1116 968 1176 resurrectionem

61 1190 166 1261 ἱκουσαν
219 1204 325 1250 tantum
345 1191 503 1267 audierunt,
520 1193 612 1252 statim
633 1207 821 1267 iocinerum,
851 1214 968 1275 eumque

61 1270 166 1349 κέδροι·
219 1292 234 1328 a
255 1285 396 1347 noverunt,
406 1293 456 1332 nec
468 1293 484 1330 a
495 1272 594 1331 celesti
608 1273 685 1333 caula
699 1272 831 1354 segregati
844 1273 964 1335 sumunt.

61 1352 166 1431 ν’νρανῶν
220 1291 286 1408 lieo
296 1349 381 1430 igitur
390 1351 508 1411 Domino
518 1350 662 1432 discipulis
672 1354 730 1413 suis
738 1351 852 1429 dicente,
861 1356 967 1415 Ornnes

61 1428 167 1506 έγοντος
219 1431 396 1489 scandalum
406 1435 561 1511 patiemini
577 1445 662 1491 nocte
675 1434 734 1491 ista
749 1436 782 1491 in
795 1454 857 1504 me,
872 1433 967 1493 Petrus

61 1509 167 1581 αλισθνὶ-
219 1508 305 1567 alium
315 1509 344 1569 in
354 1530 462 1569 sensum
472 1509 617 1591 accipiens,
630 1532 692 1569 cum
703 1511 742 1571 sei
761 1532 966 1573 sumcommen-

61 1588 165 1668 .ηγορή·
219 1586 389 1662 darevellct,
403 1610 435 1648 ac
450 1588 561 1668 reliquis
573 1588 718 1670 discipulis
760 1590 844 1650 omini
859 1592 965 1652 studio·

65 1669 165 1726 λοιπῶν
218 1667 274 1725 sior
293 1680 319 1726 et
341 1668 473 1728 amantior
497 1668 625 1748 inveniri,
646 1669 691 1729 vel
713 1670 811 1760 potius,
829 1683 859 1729 ut
875 1670 967 1731 dicam

61 1747 116 1805 λλον
138 1745 166 1806 δὲ
218 1745 293 1824 quod
307 1768 349 1806 res
362 1762 413 1823 est,
425 1748 593 1826 negationem
605 1770 682 1808 suam
693 1747 849 1829 divulgare,
856 1749 897 1811 sic
908 1752 965 1812 Do-

83 1825 166 1904 ἄρνη-
219 1826 325 1885 minum
336 1826 491 1906 alloquutus
502 1834 542 1887 est
553 1828 645 1901 :Quid
657 1828 708 1899 ais,
719 1829 854 1889 Domine?
874 1851 966 1891 omnes

61 1903 164 1977 Icrcru3
218 1905 376 1965 scandalum
389 1920 498 1988 propter
512 1920 538 1966 te
552 1908 705 1988 patiemur?
717 1921 743 1967 et
757 1930 819 1969 cum
837 1909 966 1970 omnibus

61 1985 164 2043 πάντων
184 2002 202 2047 ts
218 2004 262 2043 me
300 2006 388 2103 troque
403 1988 607 2046 annumerasti?
618 1987 716 2047 siccine
729 2009 795 2048 mete
809 1990 965 2050 constantim

61 2064 164 2143 do'rqrq
219 2064 287 2122 coosr
311 2064 349 2123 is.
379 2065 495 2125 etiamne
516 2087 566 2145 ego
589 2080 615 2126 te
638 2067 757 2146 negabo,
776 2069 822 2147 qni
844 2067 873 2128 in
894 2069 963 2129 mari
979 2123 1005 2166 U
1038 2123 1052 2165 h

61 2144 163 2218 ereinuc
217 2141 407 2203 inambulavi?
430 2145 525 2223 quiin
552 2159 642 2206 monte
663 2146 898 2227 transfiguratione
920 2131 1061 2243 di-39‘f“,{
1079 2121 1116 2246 {3

67 2223 164 2302 ἀγέλην
218 2242 286 2301 gnus
298 2245 358 2282 sum
370 2224 496 2284 habitus?
511 2224 557 2303 qui
574 2225 728 2286 demeum
739 2247 847 2308 gregem
858 2226 962 2308 iugavi,
977 2259 998 2292 ι.
1010 2262 1060 2306 sqq.

61 2325 88 2374 s,
104 2303 164 2406 orl-pl
217 2301 265 2380 qni
278 2302 403 2364 morbum
415 2325 522 2364 omnem
532 2306 645 2366 sanavi?
654 2326 741 2365 nonne
749 2328 800 2387 ego
807 2320 833 2365 te
841 2306 964 2367 omnium

61 2405 102 2453 ru,
125 2384 164 2441 Συ
217 2382 322 2462 primus
342 2384 441 2463 agnovi
464 2398 491 2444 et
512 2384 687 2445 exclamavi:
705 2388 750 2447 l'u
768 2406 799 2446 es
815 2388 961 2464 Christus,
974 2428 1028 2476 ,m
1050 2431 1077 2479 ¹6

63 2461 165 2521 ule'uro-
218 2463 317 2522 Filius
328 2465 387 2523 Dei
400 2467 465 2524 eici
471 2464 688 2537 .²Quanrobrem,
702 2478 800 2525 etmeu
811 2465 964 2526 testimonio
979 2465 1035 2541 ,ps
1080 2462 1086 2475 ’

61 2541 103 2600 καὶ
118 2541 164 2601 πέ-
218 2543 404 2603 commendato
423 2544 533 2603 beatum
556 2565 600 2604 me
619 2543 787 2626 praedicasti,
807 2566 839 2604 ac
861 2558 964 2626 petram

79 2622 118 2680 Σὺ
142 2612 167 2681 el
219 2621 345 2682 Ecclesiae
354 2624 515 2704 nuncupasti
526 2623 618 2683 dicens
629 2647 636 2681 ε
651 2626 694 2683 Tu
705 2645 736 2684 es
747 2626 864 2696 Petrus,
875 2637 904 2683 et
911 2646 965 2685 su·
975 2653 1067 2701 1514,
1078 2651 1115 2700 13·

61 2724 105 2760 ceu
116 2701 165 2775 τὴν
215 2723 269 2780 per
281 2705 360 2762 banc
371 2717 486 2782 petrem
502 2703 655 2784 edificabo
673 2705 840 2763 Ecclesiam
855 2725 961 2782 mam,

75 2783 164 2852 αὐτῆς.
218 2794 245 2838 et
252 2795 343 2860 porte
351 2784 441 2862 inseri
451 2803 511 2840 non
516 2783 721 2862 prevalebunt
728 2783 870 2842 adversus
885 2804 961 2843 eam.

61 2862 166 2921 teme
217 2859 241 2918 E
261 2881 311 2920 one
332 2861 417 2940 igitur
434 2875 461 2921 te
476 2861 599 2937 negabo,
646 2861 751 2942 rinceps
768 2862 963 2943 apostolorum,

61 2943 164 2998 νέααυ-
217 2880 342 2999 columna
362 2939 507 2999 Ecclesiae?
522 2882 706 3014 Quamobrem
731 2955 757 3000 et
782 2941 851 3000 mihi
875 2941 964 3001 fidens

61 3001 109 3098 lqdu
134 3023 164 3079 οὐ
216 3019 366 3079 vociferor:
379 3021 447 3079 Etsi
459 3041 559 3078 omnes
570 3021 771 3081 scandalizati
774 3022 900 3102 fuerint,
911 3042 964 3102 ego
975 3053 1034 3096 ma,
1047 3050 1087 3098 ,6,

61 3122 65 3135 ·
81 3099 108 3157 τί
118 3099 164 3158 λέ·
183 3122 201 3170 0
218 3119 277 3156 non
302 3100 539 3159 scandalizabor.
556 3099 630 3157 Tum
651 3097 687 3157 ad
708 3097 790 3158 illum
812 3098 938 3160 Christus
954 3115 1014 3160 2³³.

61 3178 162 3259 :trdus-q
217 3178 292 3249 Quid
310 3177 380 3237 dicis
397 3192 422 3237 et
443 3176 617 3251 contradicis,
631 3177 727 3238 Petne?
742 3179 833 3240 verbis
851 3180 908 3239 Deo
922 3201 963 3238 re-

61 3267 78 3323 ῑς
99 3281 163 3328 στη-
215 3257 308 3315 sistis?
329 3256 518 3317 mendacemne
539 3278 583 3316 me
597 3255 817 3337 deprehendisti?
838 3278 891 3318 non
914 3258 963 3318 ob-

67 3337 126 3417 οὐχλ
145 3343 162 3410 ἡ
215 3358 312 3413 secras,
330 3350 359 3395 ut
378 3335 559 3411 confirmeris,
574 3335 770 3417 sedpromittis
787 3337 852 3414 lore,
865 3350 963 3399 utnon

65 3406 163 3497 χεῖρω;
216 3416 394 3476 concutiaris?
409 3437 496 3475 nonne
509 3415 556 3475 hic
572 3415 630 3497 ipse
647 3416 738 3476 servor
752 3429 816 3477 tuus
835 3416 921 3477 multo
937 3432 964 3478 te

61 3499 163 3574 νηςβα-
214 3495 373 3555 deteriorem
393 3495 504 3556 effecit?
527 3510 602 3554 tuam
628 3495 708 3555 istam
732 3495 910 3557 temeritatem
934 3497 963 3557 in

61 3576 160 3642 ζέτεινα.
215 3576 283 3634 mari
298 3576 379 3634 etiarn
394 3574 520 3635 incedens
535 3573 705 3651 ostendisses,
720 3574 773 3636 nisi
789 3596 838 3656 ego
852 3597 963 3637 meum

62 3678 121 3734 ρτες
135 3657 162 3714 ἐν
214 3655 294 3714 citius
307 3654 493 3714 extendissem.
509 3657 603 3715 Nonne
617 3655 645 3713 in
659 3670 749 3715 monte
762 3677 868 3794 quoque
877 3670 964 3716 trans·
973 3696 1034 3740 ,pn-d·
1048 3694 1113 3752 Μ,

61 3735 85 3792 el
109 3743 163 3802 τοῖς
214 3734 385 3813 figurationis
403 3735 432 3794 in
446 3756 490 3794 me
505 3735 631 3814 peccasti,
640 3754 703 3794 cum
713 3735 765 3793 tria
779 3756 813 3794 ve
835 3735 961 3795 estaber·
1062 3723 1071 3756 ‘

61 3816 162 3882 resilere
215 3814 310 3873 nactrla
329 3814 467 3889 fabricari,
483 3815 552 3873 etin
568 3813 663 3873 eodem
676 3812 771 3872 ordine
784 3835 846 3873 cum
867 3814 961 3874 amicis

61 3918 71 3950 ν
88 3901 162 3953 deer-
214 3914 258 3951 mc
278 3895 426 3952 Dominum
441 3893 603 3951 collocares?
617 3912 705 3951 nonne
719 3905 749 3951 ut
763 3894 961 3974 lerosolymam
972 3925 1032 3967 md,
1046 3922 1082 3968 ,6,

61 3974 117 4032 ελόν
133 3997 162 4034 σε
214 3993 266 4030 non
285 3972 453 4031 ascenderem
474 3972 579 4046 orabas,
597 3970 671 4050 quod
694 3970 853 4033 Judaeorum
872 3973 960 4031 minas
971 3998 1009 4030 ar.

61 4054 100 4111 νὸν
114 4057 162 4123 τῆς
213 4072 266 4109 non
277 4051 378 4110 serres?
389 4050 526 4129 Equidem
538 4050 675 4131 publicare
689 4064 715 4109 te
724 4050 858 4127 nolebam,
870 4051 958 4126 Peme,

61 4156 89 4198 εις
101 4133 161 4190 δια·
213 4144 241 4188 at
254 4144 283 4190 tu
301 4131 445 4211 praescium
463 4129 616 4189 divinitatis
630 4149 695 4189 meae
709 4130 818 4189 oculum
829 4129 956 4210 rejecisti.

61 4212 117 4278 oete
130 4203 161 4271 el.
214 4209 284 4268 Ecce
297 4232 356 4289 quae
376 4223 579 4291 perpetraturus
594 4230 632 4281 es,
646 4209 697 4268 tibi
712 4207 786 4285 dieo,
800 4208 890 4288 utqui
911 4208 959 4281 sis,

61 4315 91 4362 u,
105 4290 162 4370 τρὶς
181 4301 199 4347 Ι)
214 4310 248 4348 ex
264 4290 343 4348 rebus
357 4290 413 4348 tuis
427 4310 580 4369 cognoscas.
594 4290 803 4367 Amen,amen
817 4291 883 4349 dico
894 4292 958 4364 tibi,
971 4312 1031 4358 rnre,
1042 4312 1081 4359 ,6,

61 4369 87 4442 ὴν
103 4370 161 4427 διά·
214 4382 375 4449 antequam
384 4369 484 4450 gallus
498 4381 607 4441 cantet,
617 4381 661 4427 ter
671 4371 853 4451 menegabis.
865 4368 1010 4430 Pereunt&

70 4448 162 4520 ἕξεως,
214 4462 304 4508 autem
322 4470 415 4508 rursus
435 4462 520 4507 mente
537 4449 677 4527 deceptus,
692 4461 718 4507 et
730 4447 856 4507 bumanae
869 4448 962 4509 condi·

61 4528 161 4608 podem
216 4528 300 4587 donis
329 4528 538 4587 mutabilitatem
557 4527 698 4608 ignorans,
717 4527 881 4589 Dominoin
902 4527 961 4593 hee

61 4608 163 4687 ερνήσο-
215 4608 299 4667 verba
319 4606 480 4688 respondit:
495 4606 570 4679 Quid
595 4627 637 4665 mc
657 4606 759 4668 teres?
771 4606 828 4667 acio
847 4621 962 4669 mortem

61 4687 107 4764 μὲν
119 4678 163 4746 οὖν
215 4701 395 4765 contemnere,
411 4707 498 4766 neque
512 4700 538 4744 te
551 4686 620 4744 abne
638 4687 702 4746 aba.
716 4686 851 4747 Domintm
870 4701 962 4748 autern

74 4788 120 4826 και
137 4768 164 4835 ὸς
215 4766 250 4824 ad
271 4767 401 4828 Petrum:
417 4769 498 4825 Recte
518 4779 547 4825 tu
572 4705 682 4844 quidem
702 4764 777 4848 apud
796 4780 822 4825 te
839 4762 962 4827 decrem-

123 4792 163 4918 iri
216 4846 250 4905 sti
266 4866 381 4908 :verum
396 4844 469 4904 haud
483 4844 570 4904 multo
594 4857 653 4925 post
675 4865 816 4926 cognoscas
830 4868 837 4903 e
853 4858 961 4927 tempus

65 4925 164 5007 ἑσπέρα
216 4925 290 4985 enim
301 4940 340 4985 est
352 4926 378 4984 in
391 4924 494 5006 januis,
512 4938 543 4982 nt
554 4924 737 4984 manifestetur
759 4938 786 4984 et
803 4938 882 4983 tuum
919 4944 961 4985 re·

66 5007 162 5072 καλεῖς
219 5005 348 5086 positum,
361 5020 387 5064 et
405 5025 463 5063 mea
483 5003 687 5084 praenotio.Sed
700 5003 761 5083 quis
778 5002 886 5062 tandem
938 5003 962 5065 is

61 4871 122 4920 ,κα

61 5201 98 5249 flu
112 5201 153 5248 el·
230 5194 243 5221 ⁸
260 5194 308 5323 lelio
319 5193 452 5262 legendum
466 5205 559 5263 potant
573 5198 670 5259 δούλοις,
681 5190 724 5245 ted
740 5201 825 5259 potest
837 5190 913 5242 etlam
924 5199 960 5263 pl.

199 5279 268 5332 lorea
289 5274 364 5324 mitet.
