3750 5940
61 443 102 494 u.
128 445 225 497 svart.
251 425 299 497 al.
326 445 408 498 suti.
796 419 867 517 389

61 598 229 656 Filium
248 600 305 659 Dei
314 607 327 658 Ρ
337 601 376 660 Ut
389 599 478 660 discas
499 597 571 659 illud
592 618 657 672 esse,
671 596 737 656 dare
750 595 865 676 gloriam

61 692 181 753 ›BDeo
198 691 321 765 Quod
300 714 323 751 st
344 692 401 774 ipse
423 713 476 752 non
497 704 564 751 esset
582 689 693 768 equalis
709 688 792 764 Patri,
806 686 866 748 baeo
947 703 1019 748 ruins

61 816 65 828 ·
116 780 202 858 gloria
216 804 268 840 non
284 798 360 843 esset.
369 783 422 843 Sed
429 804 558 862 quoniam
571 803 617 861 qur
610 780 731 840 Filium
741 780 906 873 honorat,ln
876 767 965 841 '‘3⁰¹¹'‘
976 768 1020 810 ¹³¹·

61 908 65 920 ·
116 874 223 931 Patrem
237 895 344 954 quoque
362 876 508 948 honorat,'
496 896 558 956 Jure
579 895 631 934 non
652 874 867 954 increpaturcae·

115 985 170 1022 cus.
186 965 255 1023 Cum
267 986 330 1044 ergo
344 967 533 1047 exspectabant
545 979 575 1025 ut
587 977 710 1046 parentes
719 978 867 1025 annuerent

61 1096 65 1105 =
114 1069 140 1115 et
155 1072 291 1136 negarent,
301 1059 369 1117 nihil
383 1059 510 1118 dicebant
520 1059 565 1118 isti
579 1082 586 1115 :
600 1079 663 1116 cum
675 1077 740 1117 sero
754 1077 782 1115 se
795 1055 866 1115 nihil

61 1187 64 1196 ·
114 1148 179 1207 hinc
197 1164 374 1228 consequutos
392 1151 526 1223 viderunt,
536 1152 593 1231 jam
607 1150 672 1208 huic
686 1149 792 1222 dicunt,
805 1151 865 1208 Hic
939 1200 944 1210 .

61 1269 65 1312 ;
112 1257 252 1323 peccator
262 1260 314 1305 est.
329 1250 377 1307 25.
389 1248 547 1327 Respondit
560 1248 612 1305 ille
623 1259 651 1306 et
662 1247 748 1317 dixit,
761 1245 793 1304 Si
798 1264 866 1325 pec-

61 1359 65 1392 ι
114 1351 198 1396 ector
207 1352 260 1410 est,
275 1344 371 1399 nescio
384 1363 393 1396 :
407 1361 498 1399 unum
517 1344 588 1411 scio,
603 1339 759 1419 quodcum
772 1357 866 1396 cecus

61 1452 63 1492 ;
114 1450 215 1502 essem,
227 1452 304 1490 nnnc
318 1434 415 1491 video.
430 1431 571 1511 Numquid
586 1432 677 1491 timuit
693 1429 797 1489 cecus?
809 1429 864 1489 nti·

61 1565 64 1584 .
114 1521 193 1580 nime.
209 1522 245 1581 Et
259 1544 308 1581 cur
321 1546 368 1602 qur
360 1523 498 1597 dixerat,
511 1525 663 1604 Propheta
675 1539 729 1599 est,
744 1542 815 1582 nunc
824 1519 867 1580 di-

114 1613 159 1683 cit,
168 1615 200 1673 Si
206 1629 342 1694 peccator
354 1629 407 1687 est,
425 1621 521 1675 uescio
532 1622 545 1674 Ρ
557 1615 640 1674 Non
632 1629 669 1674 ita
684 1615 797 1673 allectus
806 1625 865 1672 erat

61 1733 64 1758 ι
61 1657 97 1760 'c
114 1727 198 1808 neque
212 1706 241 1765 id
254 1707 383 1786 putabat;
375 1707 446 1767 ·sed
458 1708 533 1786 quod
543 1707 622 1768 vellet
633 1706 671 1765 rei
684 1707 769 1786 ipsius
781 1704 863 1764 testi-

61 1819 64 1859 :
113 1796 213 1869 monio,
228 1818 280 1856 non
294 1819 360 1856 voce
379 1820 437 1872 sua,
453 1798 530 1856 illurn
545 1818 560 1855 a
576 1797 689 1856 crimine
700 1795 823 1871 liberare,
838 1807 866 1854 et

61 1932 63 1944 .
113 1888 167 1948 fide
177 1888 287 1969 diguam
302 1891 397 1949 efferre
406 1889 595 1966 defensionem,
608 1911 643 1948 ex
657 1887 800 1947 benefieii'
792 1908 865 1968 ipsos

61 2017 63 2025 r
112 1980 265 2040 damnantis
284 1983 445 2042 testimonio.
457 1984 526 2042 Nam
545 1982 646 2062 sipost
669 1979 756 2039 multa
768 1978 862 2055 verba,

61 2107 63 2128 ·
112 2072 216 2132 dicente
225 2075 282 2150 illo,
297 2078 364 2134 otri
376 2089 449 2134 esset
464 2077 522 2135 Dei
532 2076 637 2146 cultor,
650 2094 709 2132 non
721 2075 865 2154 potuisset

61 2204 62 2212 κ
113 2168 187 2225 talia
200 2170 405 2251 signasaccre,
420 2167 456 2227 ita
472 2166 606 2246 indignati
620 2180 682 2226 sunt
692 2179 721 2224 ut
728 2164 858 2254 dicerent,

61 2304 63 2322 .
111 2261 149 2315 In
157 2264 285 2338 peccatis
304 2274 390 2319 natus
407 2281 437 2320 es
456 2272 544 2331 totus,
558 2272 586 2317 et
601 2271 632 2317 tu
645 2259 730 2318 doces
750 2263 823 2318 nos?
837 2255 861 2316 si

61 2384 63 2393 ·
111 2350 146 2407 ab
162 2350 239 2409 initio
256 2351 314 2410 brec
333 2350 458 2428 dixisset,
473 2349 541 2430 quid
562 2370 616 2409 non
638 2349 779 2409 fecissent?
791 2352 861 2430 quid

112 2466 164 2502 non
176 2443 325 2503 dixissent?
338 2445 369 2504 Si
380 2457 518 2525 peccator
531 2456 584 2516 est,
594 2447 703 2514 nescio·
710 2442 738 2502 id
751 2456 800 2520 est,
811 2446 862 2505 Ni·

61 2564 64 2573 *
112 2535 152 2594 hil
163 2559 193 2594 ca
203 2535 237 2594 de
250 2557 280 2595 re
296 2558 366 2596 nunc
379 2535 453 2613 dico,
468 2557 554 2615 nolae
565 2535 723 2595 sententiam
738 2536 793 2595 lero
805 2560 811 2594 ε
824 2538 863 2597 il-

113 2626 159 2685 lud
171 2628 254 2708 probe
266 2628 320 2687 scio
330 2642 356 2686 et
370 2627 523 2709 pronuntio,
540 2627 562 2686 si
580 2639 701 2707 peccator
714 2641 794 2706 esset,
809 2649 863 2692 non

61 2759 63 2771 .
112 2719 177 2777 talia
203 2720 314 2778 lecisset.
339 2719 449 2794 Quibus
469 2717 560 2777 verbis
580 2738 609 2776 sc
629 2730 654 2776 et
679 2717 864 2780 testimonium

61 2825 193 2871 ‚usuum
218 2813 291 2871 omni
314 2811 467 2892 suspicione
488 2810 622 2882 liberavit,
634 2822 664 2868 ut
683 2809 731 2888 qui
755 2831 807 2870 non
828 2811 864 2872 ad

61 2924 63 2940 ’
114 2904 228 2983 gratiam
243 2925 299 2961 rem
308 2916 408 2982 gestam
419 2914 546 2959 narraret.
562 2899 634 2974 Quia
646 2920 709 2979 ergo
723 2921 776 2960 non
786 2915 863 2982 pote-

61 3015 65 3058 :
114 3009 174 3053 rant
189 2996 264 3054 illam
279 3008 397 3055 evertere
407 2993 449 3052 vel
465 2991 582 3066 abolere,
597 3013 691 3051 rursus
700 2990 735 3051 ad
750 2992 864 3053 modum

61 3120 64 3129 ›
115 3090 261 3148 curationis
285 3086 483 3169 explorandum
502 3084 633 3158 redeunt,
658 3085 733 3145 velut
759 3086 783 3144 si
802 3087 865 3166 qui·

61 3203 64 3225 ν
115 3181 188 3262 piam
211 3182 293 3240 leram
315 3179 433 3260 undique
457 3177 679 3259 pervestigantes,
695 3176 775 3238 modo
795 3179 863 3259 buc,

61 3301 66 3313 ·
115 3276 195 3334 modo
212 3275 277 3334 illue
292 3286 440 3333 accurrant.
459 3271 502 3330 Ad
519 3271 623 3351 priores
642 3292 706 3351 ergo
729 3293 867 3334 sermones

61 3387 66 3429 ῑ
116 3367 236 3442 redeunt,
250 3367 278 3426 id
293 3380 417 3426 curantes
428 3378 458 3423 ut
475 3363 537 3423 illos
550 3383 599 3445 per
622 3364 729 3422 crebras
753 3364 866 3426 interro-

61 3497 65 3523 .
116 3462 234 3541 gationcs
258 3460 408 3532 infirment,
424 3448 656 3536 dicuntque226.
689 3457 768 3536 Quid
784 3460 866 3540 jecit

61 3559 66 3604 l
117 3554 344 3633 tibi?quomodo
366 3555 480 3631 aperuit
499 3553 552 3608 tibi
574 3549 695 3608 oculos?
708 3547 784 3620 Quid
800 3571 865 3631 ergo

61 3662 66 3704 ῑ
116 3648 181 3705 ille?
195 3648 253 3705 lllis
273 3645 387 3704 devictis
398 3659 424 3703 et
438 3644 588 3725 prostratis,
604 3664 656 3701 non
672 3643 741 3702 ultra
755 3645 866 3705 remisse

61 3755 64 3768 ·
116 3740 245 3818 loquitur.
260 3741 351 3796 Donec
365 3738 436 3796 enirn
449 3759 490 3795 res
500 3735 624 3794 examine
636 3748 662 3792 et
672 3735 865 3814 perquisitione

61 3822 67 3879 1
83 3831 101 3876 Ε
117 3854 185 3912 opus
199 3831 305 3906 habuit,
321 3829 456 3888 moderate
472 3851 528 3887 rem
544 3827 691 3886 declaravit
704 3850 711 3883 τ
722 3842 864 3907 postquam

61 3938 66 3972 t
117 3937 206 3980 autem
216 3922 277 3979 illos
288 3918 598 4000 cepit,splendidamque
608 3917 751 3977 victoriam
761 3919 863 3996 retulit,

61 4041 65 4049 ·
118 4014 243 4071 aiulacter
262 4012 323 4070 illos
340 4009 504 4089 aggreditur,
521 4009 631 4087 aitque:
646 4010 695 4066 97.
712 4010 787 4066 Dixi
809 4031 863 4068 oo-

61 4122 66 4150 t
118 4109 161 4163 bis
176 4106 274 4175 semel,
292 4117 320 4161 et
338 4124 397 4159 non
413 4103 547 4176 audistis,
564 4101 636 4180 quid
653 4103 758 4158 iterum
770 4102 864 4161 uultis

60 4211 68 4245 ῑ
118 4199 241 4255 uredire?
268 4194 396 4256 Vidistin’
412 4191 528 4252 mendici
553 4190 682 4250 adversus
711 4191 812 4251 scribas
838 4207 864 4252 et

61 4313 66 4323 ·
118 4288 267 4346 Pharisaeos
282 4284 490 4344 confidentiam?
505 4284 574 4340 Tam
592 4283 726 4342 firmares
741 4298 780 4344 est
793 4285 864 4344 reri·

60 4393 167 4454 tmtas,
184 4393 238 4436 tam
253 4377 391 4435 infirmum
402 4373 581 4432 mendacium.
595 4373 646 4431 Illa
660 4374 731 4433 enim
740 4375 814 4436 viros
829 4397 863 4436 ex

61 4487 67 4519 t
84 4472 102 4513 l
119 4473 210 4530 iusuna
226 4471 303 4550 plebe
317 4469 401 4526 claros
415 4466 511 4540 cllieit3
523 4467 575 4524 hoc
587 4487 652 4526 vero
671 4464 760 4527 sortes
772 4467 865 4549 depri-

61 4579 67 4626 3
119 4562 218 4620 naitld
239 4583 319 4642 porro
340 4558 400 4618 vult
422 4579 508 4616 caecus
524 4557 676 4637 significare
689 4582 696 4615 ε
709 4560 798 4618 Dictis
811 4581 864 4620 non

61 4694 67 4707 .
118 4653 254 4712 attenditis
259 4677 267 4727 ;
279 4652 338 4711 ideo
358 4672 410 4710 non
426 4650 495 4709 ultra
510 4650 613 4728 loquar,
624 4672 710 4730 neque
723 4652 824 4711 crebris
838 4667 865 4712 ct

61 4785 69 4811 ‚
120 4747 196 4807 vanis
208 4743 459 4824 interrogationibus
479 4741 654 4823 respondebo,
666 4765 729 4802 cum
748 4766 801 4803 non
821 4742 865 4803 di-

61 4866 67 4899 i
119 4837 209 4898 scendi
229 4859 308 4896 causa
330 4834 463 4913 audiatis,
483 4834 528 4894 scd
548 4848 577 4894 ut
592 4835 665 4894 dicta
683 4835 860 4896 insectemini.

136 5048 146 5084 s
164 5043 210 5093 liii
223 5050 277 5102 rui,-
289 5048 347 5102 κύνες
366 5050 436 5112 θήραν
448 5047 552 5112 ἀσφαλῶς
569 5046 773 5107 συγκικλιισμένην.
794 5039 861 5089 llud.

102 5134 257 5192 epompio-p.
272 5119 382 5184 Quidum
395 5125 504 5185 κεὶμένην.
