3750 5940
749 412 779 456 ts
809 411 936 458 Pascua
961 412 997 458 ll.

81 533 123 611 pal
136 533 266 614 σαρκικιψ,
283 533 351 592 ἀλλὰ
364 539 381 604 ἡ
394 532 463 591 κατὰ
485 533 607 611 Χριστὸν,
621 532 689 591 ὥστε
703 538 857 615 νικροῦοθαι

33 661 41 668 .
80 614 134 691 μίν
148 618 220 692 ἡμᾶς
238 636 272 672 πε
289 612 356 670 leba
371 612 496 693 σαρκικθν
512 619 571 670 νοῦν
594 605 646 671 οἷον
663 612 856 685 ἀποθανόντας,

79 697 240 770 κοσμεῖσθαι
261 635 289 751 δέ
311 695 347 770 τῷ
362 695 541 770 πνευματικῷ.
555 690 636 750 Οθτω
656 691 708 772 γὰρ
731 690 790 750 οὔτε
813 691 856 750 διὰ

78 775 137 830 τῶν
151 771 253 850 ἀλόγων
267 775 369 841 παθῶν,
380 771 439 830 obre
458 769 501 828 διδι
522 775 573 828 τῶν
589 773 708 850 ἀφρόνων
722 773 854 850 λογισμῶν

78 847 213 923 Ἶπίησιν
226 855 291 927 ἡμῖν
306 855 322 921 ἠ
339 852 396 928 ἅμα
414 850 471 921 τία,
486 849 545 909 οὔτε
559 850 777 910 καταδυναστεύει
790 855 854 928 ἡμῖν

78 929 230 998 ὁθάνατος.
244 931 368 989 Τοιοῦτον
380 874 428 1007 pir
448 929 480 1001 δὴ
503 931 534 989 τὸ
555 934 602 1001 τῆς
622 929 733 1010 χρίσεως
749 930 853 1007 μυστη-

81 1033 149 1090 ριον.
158 1009 236 1068 Μετά
248 1008 275 1067 δὲ
284 1007 333 1080 rbi
342 1008 429 1090 γρῖσίν
441 1014 510 1068 ἐστιν
523 1015 539 1080 ἡ
556 1012 665 1089 βρῶσις,
680 1008 854 1077 είσοικίζουσα

77 1087 112 1146 τὸ
123 1093 204 1166 σῶμα
217 1090 247 1148 τὸ
257 1094 324 1147 θεῖον
340 1078 375 1156 είς
386 1092 458 1166 ἡμᾶς
474 1088 518 1146 καί
535 1090 699 1188 ἀναμιγνῦσα
714 1089 779 1169 πρὸς
791 1088 854 1146 ένω-

77 1190 134 1227 σιν.
149 1167 197 1227 bat
243 1192 303 1238 ται,
315 1168 395 1247 φησὶ,
409 1167 442 1226 ιδ
464 1167 528 1246 κρέα
541 1190 624 1246 ταυτη
644 1172 676 1246 τῇ
693 1169 768 1226 νυκτὶ
784 1169 853 1228 ἀπτά

77 1248 155 1326 πυρί.
177 1246 232 1314 Νύξ
249 1253 263 1307 b
280 1246 372 1328 παρὼν
395 1240 467 1312 οὗτος
489 1247 565 1305 αἰών.
590 1245 624 1305 ‘ll
644 1246 687 1316 νθξ
709 1248 852 1328 προέκοψε,

78 1325 190 1393 flatile<
206 1350 280 1407 φησι.
300 1327 433 1408 Διάπυρος
445 1332 462 1396 ἡ
476 1333 521 1384 τοῦ
542 1325 616 1405 ἁγίου
639 1326 785 1405 μετάληψις
801 1327 852 1386 σώ·

78 1429 182 1481 ματος,
194 1407 327 1477 τουτέστι,
348 1407 380 1464 δι’
406 1405 523 1487 ἐμπύρου
539 1407 584 1465 καί
600 1405 705 1478 ζεούσης
726 1408 849 1478 σπουδῆς.

1581 397 1655 492 939

912 533 1012 592 Christi
1024 535 1181 610 amicimur,
1197 558 1281 613 ιιιηιιι·
1295 537 1321 594 iu
1339 537 1489 627 voluptates
1515 536 1654 612 dissoluti,

911 633 995 690 neque
1016 614 1044 672 in
1066 615 1119 673 iras
1133 616 1291 695 exasperati.
1315 616 1388 674 Bona
1401 630 1465 675 rtem
1478 630 1518 676 est
1539 618 1652 678 ratioci-

910 691 962 749 niis
979 691 1070 752 uuctio
1090 708 1116 753 et
1131 695 1227 767 vestis,
1242 695 1372 786 sapientia
1390 715 1443 754 uon
1463 696 1591 772 carnalis,
1606 699 1652 759 sod

909 790 939 828 ea
959 791 1019 848 quae
1043 773 1192 832 seeundum
1215 773 1355 832 Clrrrstum
1378 788 1438 851 est;
1462 774 1499 834 ita
1523 789 1554 835 ut
1581 778 1652 839 eirca

908 851 1042 910 carnalem
1051 853 1172 912 animum
1182 854 1390 925 mortificemur,
1407 875 1439 912 ac
1451 853 1472 911 si
1481 854 1537 932 jam
1552 860 1650 916 mortui

907 928 1005 1005 simus,
1019 953 1146 990 ornemur
1156 948 1244 991 autem
1259 932 1392 1012 spirituali
1405 947 1509 991 ornatu.
1521 934 1567 993 Sic
1580 935 1652 995 enim

907 1029 992 1085 neque
1003 1032 1050 1089 per
1061 1011 1154 1070 brutos
1165 1013 1289 1086 allectos,
1301 1032 1385 1089 neque
1395 1033 1442 1090 pet·
1459 1012 1559 1073 insulsa
1570 1017 1652 1074 ratio·

906 1088 977 1147 cinia
993 1105 1132 1168 peccatum
1155 1112 1202 1149 nos
1225 1091 1352 1167 invadet,
1371 1113 1457 1168 netpte
1481 1093 1559 1151 nobis
1578 1116 1650 1153 mors

906 1166 1097 1229 dominabitur.
1119 1171 1281 1250 Hujusmodi
1294 1192 1357 1230 sane
1383 1184 1422 1228 est
1439 1171 1571 1231 unctionis
1586 1195 1613 1232 m
1637 1209 1648 1219 ·

905 1247 1028 1306 sterium.
1048 1250 1112 1308 Post
1126 1251 1278 1309 unctionem
1292 1249 1367 1308 adest
1380 1251 1517 1328 comestio,
1530 1274 1589 1330 qua
1628 1254 1649 1298 '-

905 1326 1000 1385 vinnm
1020 1349 1118 1409 corpus
1136 1330 1164 1388 in
1186 1329 1264 1390 nobis
1284 1330 1372 1405 locat,
1394 1344 1419 1387 et
1442 1332 1595 1391 commiscet
1613 1331 1649 1393 ad

904 1405 1038 1466 unionem.
1060 1409 1232 1480 Comedent,
1253 1410 1357 1487 inquit,
1375 1413 1550 1470 carnesboc
1567 1425 1649 1471 nocte
1657 1450 1735 1495 Em,
1752 1463 1788 1496 ,2⁸

76 1486 132 1547 Τῶ
144 1485 290 1563 πνεύματι,
301 1485 380 1566 φησί,
392 1485 504 1553 ζέοντες·
520 1486 574 1557 καὶ,
595 1487 654 1564 Πῦρ
668 1477 746 1557 ἦλθον
761 1488 850 1562 βαλεῖν
869 1492 886 1537 t:
903 1505 985 1544 assas
994 1490 1065 1567 igni.
1079 1489 1157 1557 Nox,
1168 1509 1282 1568 praesens
1293 1489 1420 1547 saeculnm
1431 1503 1480 1547 est.
1499 1492 1567 1549 Nox
1576 1513 1646 1570 pra·-
1656 1509 1680 1559 ιι,

78 1543 127 1624 tvl
142 1563 190 1636 την
202 1570 263 1663 γῆν,
276 1564 362 1644 λέγει,
371 1566 416 1622 καὶ
429 1566 455 1623 τί
466 1565 547 1637 θέλω,
559 1568 581 1622 εἰ
594 1565 645 1636 ἤδη
656 1565 757 1644 ἀνήφθη
765 1591 773 1636 ;
785 1565 851 1625 Ὥσ-

77 1642 175 1724 πιρδλ
192 1666 222 1702 το
241 1651 294 1724 πῦρ
307 1645 494 1725 έμρανιστικθν
508 1651 554 1716 τῆς
566 1644 673 1716 ζεούαης
690 1645 805 1716 σπουδῆς
816 1649 851 1708 εἷς

75 1721 130 1794 τὴν
135 1722 280 1783 ἀπόλαυσιν
286 1728 338 1782 τῶν
348 1728 430 1806 κρεῶν
438 1725 721 1802 παραλαμθανόμενον,
729 1721 810 1792 οθτως
818 1725 852 1783 τὰ

76 1802 168 1880 ἄζυμα
183 1806 230 1873 τῆς
240 1803 400 1877 ἁπλότητος,
415 1805 460 1862 καὶ
477 1808 504 1862 αἱ
515 1804 632 1883 πικρίδες
642 1808 694 1862 τῶν
710 1806 853 1863 ἐπακολου-

77 1885 181 1940 θουσῶν
199 1882 319 1962 θλίψεων.
335 1881 435 1960 Ἄζυμα
459 1882 523 1964 γὰρ,
550 1884 639 1962 φησὶν,
655 1883 698 1942 ἐπὶ
725 1884 852 1964 πικρίδων

78 1959 193 2022 ἔδονται.
205 1960 335 2029 Ἁπλοῦςό
346 1963 442 2041 τρόπος
453 1963 498 2021 καί
517 1961 691 2034 ἀκακοττοιὸς,
701 1964 731 2022 τὸ
741 1961 854 2022 παλαιὸν

78 2043 168 2100 έκεῖνο
182 2041 227 2100 καί
246 2050 390 2122 πανοῦργον
410 2041 602 2118 ἐπιτιθέμενος,
622 2041 737 2123 ώσπερεί
755 2041 852 2118 ζύμην·

78 2119 113 2180 cb
126 2119 154 2178 δέ
168 2121 224 2181 νέον
240 2121 286 2180 καί
309 2121 472 2203 ἀπάνουργον
488 2120 658 2200 ἀνειληφώς,
672 2119 716 2179 ἵνα
735 2120 853 2200 ζυμώσῃ.

79 2199 125 2259 Τὸ
144 2199 238 2280 πάσχα
252 2200 303 2279 γὰρ
323 2205 410 2277 ἡμῶν,
426 2201 514 2281 φησὶν,
535 2201 613 2270 ἐτύθη
636 2201 762 2280 Χριστός·
786 2201 854 2259 ὥστε

78 2270 249 2376 ἑορτάζωμεν
261 2281 298 2358 pl,
314 2284 340 2340 έν
352 2280 419 2360 ζύμη
435 2283 549 2359 παλαιᾷ,
561 2280 627 2356 μηδὲ
640 2283 666 2339 ἐν
679 2279 748 2359 ζύμῃ
761 2279 854 2345 κακίας

79 2381 129 2418 και
141 2360 282 2441 πονηρίας,
297 2362 355 2419 ἀλλ’
374 2362 401 2418 ἐν
417 2360 524 2436 ἀζύμοις
538 2360 703 2439 εἰλικρινείας
722 2361 766 2418 καί
788 2362 854 2431 ἀλη-

79 2438 164 2506 θείας.
176 2441 276 2521 Πικρὸν
293 2440 320 2498 δέ
335 2443 361 2498 αἱ
385 2440 498 2519 θλίψεις·
516 2439 594 2498 Ἀλλὰ
608 2440 652 2498 καὶ
673 2443 699 2498 ἐν
719 2449 776 2507 ταῖς
801 2439 855 2499 θλί-

78 2520 163 2599 ψεσι,
177 2519 257 2598 φησί,
274 2517 450 2598 καυχώμεθα,
467 2519 579 2585 εἰδότες,
595 2517 635 2577 ότι
659 2526 675 2590 ἡ
691 2521 777 2599 θλῖψις
791 2524 856 2578 btru-

904 1569 1008 1638 cessit,
1024 1567 1063 1625 ait
1079 1567 1189 1627 Paulus.
1207 1568 1294 1658 Ignita
1311 1582 1351 1626 est
1364 1568 1432 1627 sacri
1446 1570 1565 1648 corporis
1583 1593 1646 1659 par-
1659 1577 1727 1621 nom.
1752 1576 1787 1620 ¹3·

903 1643 1037 1723 ticipatio;
1050 1646 1100 1703 boc
1108 1659 1157 1721 est,
1171 1647 1343 1728 perrgnitum
1353 1669 1384 1705 ac
1399 1648 1505 1706 fervens
1515 1649 1646 1709 studium.
1662 1652 1696 1684 '²'

904 1724 1028 1802 Spiritu,
1042 1724 1141 1803 inquit,
1152 1729 1316 1806 servantem
1331 1741 1373 1798 et,
1387 1730 1489 1806 Ignem
1502 1734 1574 1786 veni
1583 1735 1648 1788 mit·
1659 1770 1694 1813 1,,-
1695 1771 1717 1812 ,Ι
1735 1783 1769 1812 η,

906 1815 966 1860 tere
979 1808 1011 1861 in
1024 1817 1146 1874 terram,
1164 1820 1192 1864 et
1211 1807 1283 1885 qaid
1297 1807 1382 1876 oola,
1399 1810 1496 1886 sijum
1510 1828 1648 1868 accensus
1662 1845 1696 1873 tt.

907 1889 971 1940 est?
989 1885 1027 1942 Ut
1043 1897 1134 1943 autem
1148 1885 1232 1962 ignis,
1246 1885 1268 1942 si
1281 1885 1315 1942 de
1327 1885 1515 1944 commestione
1527 1888 1649 1946 carnium
1659 1895 1714 1936 tric.
1723 1888 1799 1949 ¹249·

907 1961 1086 2039 intelligatur,
1105 1965 1210 2022 ferreus
1224 1963 1345 2023 studium
1362 1964 1463 2024 indicat
1477 1988 1483 2021 :
1497 1966 1535 2024 sic
1550 1981 1576 2025 et
1587 1990 1617 2026 aa
1639 2004 1649 2013 ι

907 2062 951 2098 ma
962 2042 1177 2122 simplicitatem,
1193 2058 1217 2103 et
1229 2044 1320 2102 herba
1330 2066 1427 2102 amarae
1441 2067 1573 2105 aerumnas
1586 1989 1650 2105 sub-

907 2135 1054 2198 sequentes.
1078 2124 1148 2182 Nam
1171 2123 1314 2198 Λεγιιιιι,
1338 2123 1440 2213 inquit,
1464 2145 1530 2182 οιιιιι
1554 2128 1651 2186 herbis
1662 2163 1738 2206 arod.
1752 2159 1768 2202 1¹
1781 2176 1800 2201 ,,

908 2205 1018 2259 amaris
1033 2204 1191 2261 comedent.
1205 2202 1348 2282 Simplices
1356 2217 1419 2283 ‚siut
1431 2224 1534 2276 mores,
1550 2226 1598 2264 nec
1609 2207 1650 2264 lu·

908 2279 977 2353 cati,
996 2280 1080 2339 reteri
1094 2299 1168 2340 more
1183 2305 1214 2340 ac
1235 2278 1355 2343 versutia
1368 2280 1492 2359 lementi
1509 2283 1594 2344 instar
1606 2284 1652 2344 de·

909 2358 1010 2438 posita,
1027 2379 1148 2438 novoque
1172 2383 1202 2418 ac
1223 2359 1341 2441 simplici
1360 2364 1469 2442 accepto
1491 2384 1577 2438 more,
1599 2386 1653 2442 quo

907 2438 1076 2498 fermentatio
1110 2441 1168 2498 liat.
1197 2441 1266 2498 Nam
1293 2440 1352 2515 ait,
1378 2444 1498 2500 Pascha
1523 2457 1653 2504 nostram
1669 2494 1687 2525 ,ι
1709 2484 1765 2524 rm,
1782 2481 1807 2524 5·

909 2518 1077 2577 immolatus
1101 2533 1143 2577 est
1174 2521 1317 2579 Christro.
1346 2523 1452 2600 Itaque
1482 2523 1724 2601 epulernur‚7.ss.

80 2597 170 2674 μονὴν
194 2602 428 2700 κατεργαζεται,ἡ
454 2600 481 2658 δὲ
504 2598 622 2674 ὑπομονὴ
643 2597 764 2675 δοκιμὴν,
787 2604 803 2668 ἡ
829 2598 855 2655 δὲ
910 2618 971 2655 ιιοιι
989 2601 1021 2654 in
1038 2601 1191 2678 ferraento
1213 2603 1320 2666 veteri,
1347 2621 1439 2679 neque
1455 2604 1488 2657 in
1502 2604 1655 2681 sarmento

80 2677 183 2755 δοκιμὴ
197 2679 305 2750 ἐλπίσαι,
323 2677 379 2750 ἡδὲ
396 2677 469 2744 ἐλπίς
494 2680 523 2736 οὐ
536 2676 714 2756 καταισχύνει.
729 2677 780 2736 Διά
794 2680 857 2736 πολ·
876 2679 893 2721 1)
910 2678 1032 2734 malitiae
1047 2691 1073 2736 et
1089 2681 1225 2757 neqnitioe
1244 2703 1251 2732 .·
1267 2680 1363 2735 sedin
1376 2684 1492 2752 azynsts
1505 2685 1654 2741 sincerita-

80 2759 139 2816 λῶν
153 2756 265 2837 θλίψεων
285 2759 323 2816 δεῖ
344 2762 415 2835 ἡμᾶς
438 2759 560 2816 εἰσελθεῖν
583 2759 619 2822 είς
640 2757 687 2826 τὴν
712 2756 856 2834 βασιλείαν.

80 2836 171 2896 Ὥστε
185 2838 346 2916 προσιέμεθα
360 2837 407 2910 τὴν
424 2838 511 2915 θλῖψιν
533 2839 558 2894 ἐν
573 2836 733 2912 ἡδυσμάτων
754 2835 856 2914 τρόπῳ,

81 2913 130 2974 διδ
141 2914 189 2988 τὴν
202 2916 296 2977 ἐλπίδα
306 2915 354 2987 τὴν
364 2917 391 2986 ἐξ
404 2920 483 2986 αὐτῆς
500 2914 543 2973 καί
556 2914 603 2983 rin
619 2915 763 2992 βασιλείαν.
779 2913 858 2973 bm-

136 2995 189 3054 εύει
208 2995 235 3055 δέ
250 2997 281 3055 τὸ
292 2996 451 3077 πρόσταγμα
467 2995 504 3072 μὴ
520 2995 615 3053 ἐσθίειν
635 2994 688 3053 ἀπὸ
702 2999 754 3053 τῶν
775 2999 858 3072 κρεῶν

79 3075 169 3150 ωμόν.
182 3077 208 3134 Τ
208 3081 268 3136 ebro
277 3074 304 3134 δὲ
318 3084 372 3141 τοῖς
386 3074 432 3152 μὲν
448 3078 606 3140 σωματικῶς
618 3072 754 3133 ἀκούουσιν
769 3073 860 3132 οὐδένα

81 3154 164 3234 λόγον
178 3154 209 3212 ἀν
223 3156 292 3235 ἔχοι,
305 3157 337 3213 δι’
354 3146 391 3212 ὧν
403 3133 568 3233 ἀπηγόρευσε
577 3154 646 3220 Θεὸς
657 3154 687 3213 τὸ
702 3153 739 3230 μὴ
754 3154 786 3212 ἀν
797 3176 862 3212 ποτε

82 3232 242 3312 γενόμενον·
257 3235 339 3301 οὐδεὶς
352 3233 403 3313 γάρ
420 3234 450 3291 ἀν
469 3234 541 3310 ὠμὸν
558 3232 649 3312 φάγοι·
666 3233 740 3313 παρά
753 3257 783 3310 γε
797 3234 861 3308 ἡμῖν

83 3315 134 3372 καὶ
148 3314 269 3393 μέγιστον
289 3314 435 3396 παρέχεται
451 3313 538 3391 λόγον,
552 3313 582 3370 τὸ
596 3311 632 3388 μὴ
648 3316 735 3394 ἀργῶς
755 3312 862 3390 προσιέ-

84 3416 132 3451 ναι
145 3399 178 3466 τῆ
200 3402 245 3454 τοῦ
267 3392 336 3453 θείου
360 3392 481 3469 σώματος
497 3393 655 3471 praelibet·
676 3391 862 3469 ἀμετάληπτον

84 3471 141 3576 γὰρ
159 3459 314 3534 ἀαθίοταται
329 3482 381 3538 τοῖς
402 3476 489 3553 ἀργῶς
504 3471 567 3530 αὐτὸ
591 3470 862 3569 μετα-ρειριζομένοις,

85 3574 134 3612 και
150 3552 187 3631 μὴ
200 3555 238 3611 δι’
252 3553 334 3634 έργων
351 3555 456 3628 ἀγαθῶν
469 3556 516 3621 τῆς
530 3550 594 3630 πρὸς
608 3552 673 3610 αθτο
694 3549 863 3630 συγκράσεως

84 3633 323 3710 ἀντιποιουμένοις.
342 3632 376 3691 ‘ll
393 3631 496 3702 πίστις,
516 3631 595 3709 φησί,
610 3630 691 3711 χωρίς
717 3631 799 3710 ἔργων
818 3654 860 3688 νε-

85 3712 141 3791 κροί
165 3715 229 3771 ἐστι.
252 3712 306 3772 llal
334 3710 376 3771 bed
397 3719 472 3771 τοῦτο
499 3720 553 3777 τοῖς
581 3714 667 3792 ἀργῶς
689 3708 862 3786 διακειμίνοις

85 3791 257 3872 ἐπιφέρονται
282 3791 381 3872 θλίψεις
405 3791 469 3869 πρὸς
490 3789 521 3849 τὸ
545 3790 687 3870 συμφέρον,
702 3793 737 3855 ὡς
759 3790 862 3847 blloii·

84 3872 132 3940 λός
159 3895 251 3971 φησιν·
267 3868 327 3930 Ἵνα
352 3870 578 3950 μεταλαμθάνωσι
595 3874 642 3940 τῆς
664 3867 801 3946 ἁγιότητος
815 3870 861 3926 αὖ·

911 2760 947 2813 tis
964 2768 992 2813 et
1012 2760 1157 2814 ueritatis.
1182 2757 1366 2815 .lee1·btesunt
1383 2757 1582 2835 tribulationes3
1599 2762 1657 2821 Sed
1666 2799 1723 2843 pom
1745 2796 1768 2842 5.
1783 2796 1808 2840 3¹

910 2848 938 2891 et
950 2838 982 2892 ia
992 2836 1247 2906 tribulatioru'bus,
1259 2835 1362 2912 inquit,
1374 2838 1549 2914 gloriamur,
1560 2844 1656 2899 scien·
1666 2861 1720 2904 -5.

911 2926 952 2970 tes
964 2918 1034 2992 quia
1044 2915 1196 2972 tribulatio
1204 2919 1378 2994 patientiam
1389 2930 1534 2994 operatur,
1541 2924 1656 2997 patien-

912 2997 955 3049 tia
973 3014 1044 3051 vero
1060 2996 1282 3072 probationem,
1297 2997 1430 3074 probatio
1445 3009 1544 3055 autem
1558 3020 1653 3077 spem,

912 3091 975 3150 spes
990 3093 1061 3130 vero
1078 3093 1138 3130 ιιοιι
1154 3075 1320 3152 confundit.
1335 3076 1393 3132 Per
1408 3071 1517 3135 malias
1534 3079 1657 3137 tribula·
1669 3115 1737 3154 As„

913 3154 1005 3209 tiones
1029 3165 1141 3230 oportet
1168 3174 1220 3212 nos
1237 3157 1350 3211 intrare
1372 3157 1404 3210 ia
1424 3158 1659 3244 regnumltaque

914 3229 1115 3289 tribulationem
1132 3230 1302 3291 admittimus
1317 3232 1394 3310 quasi
1408 3230 1532 3311 delicias,
1551 3251 1659 3317 propter

913 3330 987 3389 spem
1006 3323 1032 3368 et
1051 3331 1180 3389 reguum,
1201 3333 1260 3389 quae
1278 3332 1314 3369 ex
1333 3333 1361 3369 ea
1385 3313 1556 3392 proveniunt.
1580 3320 1660 3376 l'etat

913 3403 1078 3478 praeceptum
1100 3389 1241 3449 comedere
1267 3390 1364 3449 crudas
1389 3411 1489 3450 carnes.
1517 3393 1576 3454 Hoc
1597 3417 1660 3455 vero

914 3468 961 3539 tis,
972 3469 1018 3546 qui
1034 3469 1208 3549 corporaliter
1219 3468 1335 3528 audiunt
1352 3484 1447 3549 praeter
1462 3471 1592 3537 rationem
1605 3496 1661 3535 esse

913 3546 1036 3620 videtur,
1054 3569 1116 3606 cum
1134 3547 1205 3606 illud
1227 3548 1370 3629 prohibeat
1391 3551 1482 3625 Deus,
1497 3551 1571 3629 qnod
1592 3576 1660 3613 uun-

915 3648 996 3704 quam
1017 3627 1085 3686 sorte
1103 3628 1204 3685 saetnm
1221 3641 1278 3703 est;
1294 3650 1372 3686 nemo
1389 3629 1460 3689 enim
1476 3630 1588 3692 crudam
1603 3654 1658 3693 car·

915 3728 975 3766 uem
988 3706 1121 3766 comedit:
1138 3706 1212 3787 apud
1225 3728 1273 3766 nos
1289 3722 1379 3766 autem
1393 3707 1422 3766 id
1433 3710 1532 3769 rationi
1543 3713 1662 3771 maxime

914 3807 1061 3845 consonum
1075 3799 1128 3858 est,
1143 3807 1175 3843 ne
1196 3785 1297 3844 scilicet
1308 3787 1488 3865 perfunctorie
1501 3789 1660 3850 accedamus

913 3865 949 3923 ad
963 3865 1196 3944 participationem
1214 3863 1301 3925 divini
1319 3865 1439 3954 corporis
1455 3889 1461 3922 ε
1478 3888 1530 3926 nou
1549 3869 1659 3949 portici-

1743 3106 1810 3169 ψει.

86 3957 147 4012 τῶ.
165 3950 265 4032 Αργίαν
286 3951 313 4011 δὲ
341 3955 445 4029 ἐμποιεῖ
466 3948 527 4026 περὶ
548 3947 582 4006 τά
605 3945 772 4024 πνευματικὰ
797 3946 861 4024 ἔργα
881 3958 898 4002 t'.
914 3958 979 4023 pant
1005 3965 1076 4002 emm
1099 3943 1146 4021 qui
1170 3943 1349 4022 perfunctorie
1377 3943 1446 4002 illud
1469 3959 1595 4022 tractant,
1612 3970 1660 4008 nee

84 4034 118 4093 τὸ
140 4032 277 4111 φιλήδονον
302 4035 350 4101 τῆς
371 4030 476 4108 σαρκός.
500 4026 599 4106 Διόπερ
625 4027 706 4106 ἑτέρῳ
737 4024 861 4104 συμόολῳ

83 4116 167 4172 τοῦτο
190 4113 276 4182 δηλῶν
298 4114 312 4168 ὁ
331 4109 472 4185 νομοθέτης
487 4105 643 4187 ἀπαγορεύει
669 4104 714 4165 καλ
735 4103 860 4184 ἑψόμενον

51 4213 54 4216 ’
83 4190 166 4250 ὕδατι
180 4199 284 4271 φαγεῖν·
297 4190 361 4271 πρὸς
375 4188 471 4260 ἡδονὴν
485 4185 537 4266 γὰρ
551 4191 598 4257 τῆς
619 4184 740 4266 βρώσεως
758 4185 789 4242 τὸ
803 4185 862 4263 ἑψό-

84 4294 168 4350 μενον
180 4268 423 4350 παροισκευοίζεται·
435 4270 491 4346 μεθ’
503 4267 597 4337 ἡδονῆς
618 4265 644 4323 δὲ
656 4265 705 4336 τὴν
722 4262 792 4324 θείαν
805 4287 861 4344 τρο-

82 4350 141 4432 φὴν
158 4351 204 4408 obit
217 4350 288 4408 ἔστιν
304 4348 491 4416 ὑποδέξασθαι·
508 4345 536 4403 οὐ
554 4344 605 4425 γάρ
619 4344 792 4424 ἀναμίγνυται
803 4344 862 4424 τρό-

83 4453 132 4487 πω
155 4433 274 4508 σαρκικῶ
288 4429 396 4507 δύναμις
407 4425 584 4504 πνευματική.
596 4424 643 4495 Μὴ
662 4423 749 4483 τοίνυν
760 4422 823 4502 έψτι
834 4423 863 4481 τὸ

82 4489 169 4590 κρέας
182 4509 212 4567 τὸ
231 4491 314 4587 ἅγιον,
338 4509 426 4647 φησίν,
441 4505 606 4583 ἀναμιγνύων
620 4503 768 4581 ἡδύσμασιν
784 4503 862 4574 αὐτὸ,

83 4590 150 4648 ἀλλ’
164 4587 232 4647 ὀπτὰ
243 4589 307 4667 πυρὶ
319 4612 339 4665 μ
353 4611 397 4646 νον
407 4585 548 4656 ἐσθιέσθω,
560 4591 571 4616 ⁶
581 4583 646 4663 ὅπερ
657 4586 674 4652 ἡ
685 4580 786 4652 σπουδὴ
804 4582 861 4641 σόν-

83 4828 148 4887 ἔστι
161 4826 241 4893 tebet
255 4826 330 4893 Θεὸς.
345 4824 414 4884 Οὐδὲ
429 4830 452 4884 οἱ
474 4823 523 4894 τὴν
543 4820 711 4923 εὐχαριστίαν
726 4824 762 4886 είς
784 4823 863 4917 πολυω-

83 4909 173 4972 τελεῑς
197 4906 310 4986 εὐωχίας
338 4903 535 4983 μετατιθέντες,
558 4903 701 4961 ἀποδεκτοι
733 4900 806 4980 παρὰ
826 4925 864 4979 τῳ

84 4986 244 5066 ἀποστόλιρ,
261 4985 383 5066 βρώσεως
401 4986 501 5052 πολλῆς
514 4981 559 5041 καλ
575 4981 696 5053 ποικίλης
708 4980 753 5040 καὶ
765 4981 865 5045 πόσεως

124 5176 137 5212 Ι»
156 5171 233 5224 Soril.
250 5169 379 5240 legendum
392 5182 464 5238 pum
484 5178 571 5223 ῖιιιιιιν.
585 5168 660 5234 [ttox
674 5165 739 5219 sorte
751 5168 836 5233 ipae]

914 4044 962 4102 per
972 4023 1041 4082 boua
1053 4044 1133 4102 opera
1145 4044 1172 4080 se
1180 4021 1214 4079 ad
1225 4023 1304 4080 talem
1315 4023 1586 4085 communicationem
1596 4048 1659 4087 con-

913 4101 1031 4162 cinuant.
1049 4103 1154 4173 Fides,
1182 4101 1298 4179 inquit,
1311 4106 1374 4160 sine
1396 4107 1527 4181 operibus
1543 4121 1659 4167 mortua
1670 4143 1776 4186 pm„

913 4195 964 4241 est.
975 4180 1220 4261 ldeoquesegnibus
1230 4202 1261 4239 ac
1269 4182 1467 4260 negligentibus
1476 4183 1659 4246 immittuntur
1671 4215 1708 4248 ao.
1781 4176 1787 4186 ⁸

914 4262 1099 4321 tribulationes
1110 4261 1146 4320 ad
1158 4261 1277 4341 ipsorum
1288 4261 1445 4336 utilitatem,
1458 4275 1487 4320 ιιι
1496 4263 1536 4354 ait
1546 4266 1658 4345 Paulus,
1671 4297 1738 4344 pm„
1761 4314 1795 4344 ,,,

915 4356 944 4400 ιιι
958 4341 1106 4401 sanctitatis
1121 4342 1179 4422 ejus
1192 4340 1336 4421 participes
1350 4340 1411 4399 sint.
1433 4343 1467 4400 Se
1487 4342 1581 4404 nitrem
1595 4367 1659 4406 vero
1674 4373 1709 4405 ιο.

915 4421 984 4479 circa
1001 4420 1152 4501 spiritualia
1170 4441 1248 4500 opera
1267 4420 1337 4500 parit
1351 4441 1427 4478 amor
1440 4363 1588 4514 voluptatis
1603 4449 1660 4486 car·

916 4501 991 4559 nalis.
1006 4503 1177 4580 Quapropter
1192 4499 1246 4558 alio
1263 4499 1388 4580 symbolo
1402 4499 1431 4558 id
1446 4502 1602 4582 significans
1622 4506 1660 4565 le-

915 4580 1043 4658 gislator,
1055 4580 1180 4660 probibet
1192 4579 1219 4637 in
1230 4600 1300 4656 aqua
1312 4593 1419 4638 coetum
1429 4581 1584 4643 comedere:
1598 4606 1660 4644 nam

82 4690 178 4739 τονος,
197 4667 359 4748 ἀφιληδονος.
371 4667 412 4726 Τὸ
434 4664 571 4746 φιλήδονον
595 4665 625 4721 οὐ
646 4661 774 4742 φιλόθεον,
796 4664 831 4728 ὡς
850 4667 908 4728 tm
915 4658 949 4718 ad
963 4658 1131 4718 comestionis
1147 4659 1326 4737 voluptatem,
1344 4659 1383 4717 sic
1399 4675 1507 4721 coctum
1528 4679 1657 4743 paratur:

84 4747 197 4814 Παῦλός
210 4771 291 4828 φησι·
312 4747 358 4805 καί
376 4735 428 4804 Ὧν
442 4750 456 4804 b
471 4745 554 4813 θεδςὴ
579 4740 683 4812 κοιλία,
696 4740 797 4807 τούτοις
817 4743 863 4800 ούκ
882 4747 978 4797 Αοιιιιι
997 4740 1136 4819 voluptate
1154 4752 1244 4797 autem
1269 4737 1392 4796 divinam
1413 4760 1501 4799 eseam
1523 4743 1661 4803 comolerc

917 4818 1041 4877 nonlicet
1057 4841 1062 4874 :
1078 4838 1130 4875 non
1144 4817 1216 4875 enim
1230 4817 1329 4876 carnali
1342 4818 1421 4878 modo
1435 4821 1562 4880 miscetur
1574 4823 1660 4881 virtuts

916 4897 1075 4978 spiritualis.
1092 4900 1131 4956 Ne
1149 4897 1233 4975 igitur
1250 4918 1349 4974 coquas
1362 4920 1465 4957 sacram
1481 4921 1603 4977 caruem,
1618 4901 1659 4961 in·

918 4977 989 5056 quit,
1013 4977 1088 5036 illam
1107 4976 1236 5039 suavibus
1256 4975 1406 5036 admiscens
1416 5001 1425 5055 γ
1446 4977 1491 5037 sed
1512 4979 1568 5058 igni
1588 4995 1659 5040 cocta

919 5180 928 5202 r
947 5161 1038 5230 [Idem
1050 5172 1078 5217 ἴα.
1094 5169 1177 5231 decep.
1191 5164 1249 5212 llos
1263 5163 1309 5229 leg.
1325 5160 1449 5221 ridetura
1463 5168 1581 5231 σύντονος]

1451 5248 1485 5303 (il
1495 5291 1501 5304 .
