3750 5940
251 462 262 483 ,
297 416 332 463 ια
359 414 527 465 uumerus
550 416 623 479 Qun
648 416 851 482 uununurr,
878 416 957 464 erc.
1343 396 1416 496 819

65 538 112 595 καλ
127 544 248 616 γυναῖκες
268 536 315 599 σθν
327 542 361 619 τῇ
375 540 543 621 Μαγδαληνῇ
555 540 616 601 Μαι·
665 539 795 599 viritem
815 539 941 601 mulieres
961 560 1026 599 cum
1045 539 1134 599 blaria
1156 538 1332 621 Magdalene,
1355 541 1415 604 hare

76 626 130 685 τοῖς
146 620 354 695 μαθηταῖς,καλ
365 622 414 689 τῆς
435 618 530 698 μλνΜ
584 643 615 679 α·
666 619 852 679 renuntianrnt
872 618 1027 701 discipulis,
1052 640 1116 679 cum
1138 622 1228 680 Maria
1250 622 1413 703 blagdalene

67 696 99 757 τό
115 702 208 774 μνῆμα
222 697 514 779 θεωρησοίσης,τῶνδλ
598 724 612 759 ν
665 698 708 758 bis
716 698 1002 781 sepulcrumvidisset‚
1017 698 1065 758 alii
1078 721 1144 759 vero
1155 700 1244 760 semel.
1258 704 1330 762 lisa
1343 717 1561 767 summme.

61 776 138 850 ινδὲ,
151 778 232 857 φησὶ,
248 787 302 846 τοῖς
323 778 545 857 μαθηταῖς,θισεὶ
563 780 613 852 λῆ-
665 792 774 851 nutem,
801 778 901 858 inquit,
931 780 1082 859 discipulis
1104 784 1191 861 quusi
1215 782 1412 843 deliramenta

61 856 152 928 αὐτῶν,
163 857 210 917 καί
226 856 353 928 ἠπίστουν
369 860 468 925 αθεαῑς.
483 860 518 917 Et
532 858 562 919 δέ
571 882 612 925 τις
663 860 757 917 verba
765 880 875 929 eorum,
887 861 1127 918 ueccredebauti
1146 864 1194 919 sis.
1205 860 1237 919 Si
1248 861 1309 939 quis
1319 876 1412 922 autem

61 935 161 1015 ςχάριν
181 940 230 996 οὐκ
249 937 366 1015 ἐμνήσθη
387 940 401 994 θ
424 937 611 1018 εθαγγιλισιής
663 950 777 1017 querat,
790 938 1011 1015 cureraugelista
1023 939 1098 997 viros
1110 884 1172 999 illos
1184 961 1237 999 non
1247 942 1408 1021 nominavit,

61 1017 152 1098 ἱνδρῶν
168 1021 221 1076 τῶν
234 1016 400 1077 ἀπελθόντων
414 1016 462 1077 σὺν
488 1026 546 1085 ταῖς
567 1042 610 1098 γυ
663 1017 750 1096 quiin
765 1018 881 1077 secunda
897 1018 1060 1097 proiectione
1076 1040 1139 1078 cum
1155 1019 1317 1079 mulieribus
1331 1022 1409 1081 abie-

61 1096 205 1177 ρκαθόθιρ,
216 1101 335 1170 ὑπονοῶ,
346 1095 388 1157 ότι
407 1099 454 1156 οὐκ
474 1088 542 1169 ήσαν
556 1102 609 1157 τῶν
663 1110 745 1173 ωσι,
769 1118 814 1157 sus
835 1098 890 1157 icor
909 1117 960 1177 ego
978 1118 1031 1157 non
1055 1098 1136 1157 luisse
1155 1099 1191 1158 de
1214 1121 1326 1160 numero
1345 1102 1412 1161 iusi·

69 1174 87 1244 i,
103 1177 190 1236 δοῦλοι
208 1181 260 1235 τῶν
282 1176 456 1255 γοναικῶν,ή
475 1200 544 1243 τινες
556 1180 609 1237 τῶν
664 1176 770 1255 guium,
782 1120 887 1237 sedvel
900 1197 992 1235 servos
1007 1178 1168 1251 mulierum,
1183 1180 1227 1238 rel
1238 1181 1285 1259 qui
1295 1180 1347 1239 sub
1360 1203 1408 1240 ea-

61 1258 98 1313 λει
112 1262 157 1314 τοῦ
172 1254 274 1336 Πέτρου
285 1255 460 1337 διεγερθέντος
471 1256 498 1315 iu
506 1260 545 1337 τῷ
557 1253 611 1315 διό·
626 1266 645 1314 c
662 1276 725 1315 rum
745 1276 828 1315 mann
851 1270 948 1315 essent.
972 1258 1050 1315 Certe
1064 1280 1127 1316 eum
1147 1262 1243 1319 Petrus
1264 1261 1409 1338 excitatns,

61 1336 145 1407 οιπὸν,
158 1336 205 1394 καὶ
214 1333 288 1418 παρὰ
307 1335 446 1409 πλειόνων,
461 1334 502 1394 ότι
514 1332 609 1408 ἀνέστη
661 1334 737 1414 quod
755 1336 798 1395 bis
811 1350 837 1394 et
850 1358 866 1395 a
880 1336 1006 1417 pluribus
1027 1337 1144 1397 audisset
1163 1340 1341 1400 resurrexisse
1355 1343 1411 1400 Do·

61 1414 197 1483 callirroe
207 1416 280 1483 εὐθὺς
295 1415 374 1494 μόνου
389 1416 425 1481 τίς
438 1416 469 1475 τὸ
483 1423 611 1493 μνημεῖον
663 1414 779 1491 minum,
794 1415 922 1493 solusque
941 1416 1033 1475 statim
1046 1416 1081 1475 ad
1102 1432 1307 1478 monumentum
1323 1420 1408 1480 abiis-

61 1493 108 1566 τλς
125 1499 211 1574 ῥητῶς
224 1495 358 1572 ἐμνήσθη,
379 1494 425 1553 καί
447 1494 495 1569 τήν
509 1516 612 1574 προση-
663 1507 713 1569 set,
743 1494 830 1577 ipsius
861 1516 958 1555 nomen
983 1496 1146 1575 evangelista
1174 1496 1273 1557 diserte
1301 1500 1409 1579 posuit,

66 1573 149 1640 οὕτως
171 1574 271 1634 εἰπών·
286 1574 320 1634 ‘0
334 1574 361 1635 δὲ
378 1574 479 1657 Πέτρος
495 1574 612 1641 ἀναστὰς
661 1571 755 1634 dieetts
778 1598 786 1633 t
811 1578 917 1635 Petrus
945 1589 1044 1634 autem
1067 1597 1187 1657 surgens
1216 1582 1344 1638 cucurrit
1368 1583 1558 1642 adttruura.

75 1662 212 1731 μνημεῖον,
232 1654 279 1713 καί
291 1653 451 1749 παρακέείρας
466 1652 558 1733 βλέποι
576 1653 611 1713 τὰ
663 1657 1086 1727 mouumeutrtm,etirtcliuntn
1103 1661 1199 1736 capite
1213 1659 1409 1719 oidetlintea-

77 1734 159 1811 μόνα,
180 1734 226 1793 καὶ
240 1736 356 1806 cutte,
367 1756 432 1812 προς
446 1733 538 1794 ἑαυτὸν
552 1739 614 1793 θαυ-
662 1737 746 1793 ruiuu
760 1739 857 1815 posita
871 1736 947 1806 solu,
958 1746 985 1793 et
1002 1738 1076 1793 abiit
1089 1755 1187 1794 secum
1205 1742 1315 1797 mirans
1331 1743 1411 1828 quod

61 1812 101 1880 σ’ς.
114 1812 481 1892 Σημείωσαι,ἀγοιπητὲ,ὡς
497 1817 523 1873 ἐν
537 1812 613 1894 πρώ-
661 1813 778 1891 suctum
801 1818 918 1896 ‚suerat
948 1814 1084 1874 Obsertes
1120 1815 1217 1889 velim,
1252 1818 1409 1896 carissime,

62 1916 102 1971 ρτι
112 1892 156 1951 καὶ
169 1892 261 1970 μόνος,
272 1896 319 1951 οὐκ
334 1892 478 1971 ἐτόλμησεν
489 1896 613 1953 εἰσελθεῖν
663 1890 768 1972 ipsum,
783 1915 846 1953 eum
858 1894 917 1975 jam
930 1893 1019 1974 primo
1036 1893 1110 1953 solus
1122 1894 1249 1967 venisset,
1264 1896 1299 1955 ad
1313 1920 1410 1957 monu-

61 2000 78 2045 ι,
93 1972 161 2031 ἀλλὰ
179 1973 316 2055 παρέκυψε
337 1974 425 2052 μόνον,
443 1973 490 2033 καὶ
510 1964 563 2032 εἶδε
577 1970 611 2031 τὰ
665 1986 785 2032 mentum
798 1973 899 2032 intrare
918 1994 970 2032 non
992 1994 1090 2031 ausum
1106 1975 1197 2048 luisse,
1214 1976 1260 2035 sed
1280 1976 1409 2039 inclinato

61 2075 65 2087 ·
81 2053 139 2112 ἐπεὶ
156 2052 215 2111 οὐδὲ
231 2053 275 2112 τὸν
286 2051 374 2112 πόντοι
393 2052 473 2112 τόπον
495 2052 611 2134 ἀκριόιῗις
663 2063 768 2111 tantum
790 2052 878 2143 eapite
899 2053 1058 2133 respexisse,
1083 2068 1108 2111 et
1131 2054 1235 2113 uidisse
1253 2056 1409 2117 linteamina

61 2130 96 2211 θιρ
121 2132 183 2214 περὶ
207 2131 298 2192 τούτου
323 2131 460 2214 ὴοἰκριόιίἰς
491 2132 611 2212 θιτομνή-
662 2131 766 2211 posita,
780 2154 843 2211 quta
859 2134 948 2191 locum
963 2146 1050 2191 totum
1063 2132 1183 2193 nondum
1196 2149 1319 2195 accurate
1329 2137 1408 2198 vidc-

662 2226 722 2269 rat:
756 2232 790 2271 ua
802 2212 837 2271 de
849 2234 879 2271 re
890 2213 947 2293 jam
959 2212 1099 2293 speciatim
1114 2227 1223 2273 aeturus
1235 2236 1307 2275 surn.

61 2295 120 2358 Ξςθ
142 2290 397 2369 εθαγγελισσλς,τλ,ν
412 2290 535 2371 δευτέραν
549 2290 609 2372 ἄρα·
701 2290 730 2349 5.
777 2312 815 2351 aec
836 2294 923 2351 Lucas
938 2292 1101 2371 evangelista
1111 2291 1145 2351 de
1163 2292 1280 2353 secunda
1311 2295 1411 2356 mulie-

61 2398 78 2431 u
91 2373 260 2452 ἀναγράψας,
272 2369 353 2451 λέγει.
375 2361 442 2431 Elea
453 2371 520 2449 μετὰ
533 2375 609 2432 τοῦτο
660 2390 723 2429 rum
737 2371 899 2451 proiectione
913 2385 1012 2430 narrat.
1024 2370 1100 2441 Quid
1113 2394 1180 2431 sero
1189 2372 1308 2433 deinde?
1322 2374 1409 2435 Arde·

66 2455 113 2522 τῆς
128 2452 306 2551 Μαρδαληνῆς
319 2450 426 2532 Μαρίας
437 2450 608 2532 ἀνεφλέγετο,
659 2448 707 2508 bat
723 2451 815 2509 animo
833 2451 921 2511 Maria
938 2450 1111 2530 blagdalena,
1122 2451 1199 2529 quod
1217 2474 1251 2511 ne
1264 2474 1335 2513 nunc
1367 2454 1409 2514 ui-

61 2555 133 2589 ευσαν
145 2530 203 2591 οὐσὲ
215 2537 259 2588 νῦν
271 2532 295 2588 οἱ
310 2531 427 2609 μαθηταὶ
441 2528 502 2591 οὔτε
523 2534 607 2604 αὐτῆ,
659 2528 722 2588 dem
741 2529 870 2611 discipuli
887 2528 1035 2609 crederent,
1052 2552 1103 2590 non
1120 2531 1182 2604 sibi,
1196 2553 1250 2591 uon
1264 2477 1409 2595 comitibus

61 2615 114 2690 πῇ,
129 2612 186 2670 ἀλλ’
196 2610 258 2669 ὡσεὶ
269 2612 348 2712 λῆρον
364 2611 441 2691 ἔσχον
452 2609 487 2670 τὰ
499 2596 607 2693 ῥήματα
658 2609 728 2684 suis;
744 2608 790 2669 sed
809 2610 891 2669 rerba
913 2632 960 2669 sua
981 2611 1057 2689 quasi
1076 2610 1251 2672 deliramenta
1269 2612 1407 2675 baberent.

61 2700 145 2750 στᾶσα
158 2689 224 2767 μόνη
240 2712 342 2769 πρωιας
355 2689 510 2768 γενομένης,
520 2690 607 2750 τουτί·
623 2706 642 2754 ι)
659 2690 832 2769 Surgensque
841 2690 897 2751 sola
906 2690 1029 2761 mane,id
1038 2704 1092 2764 est,
1102 2690 1334 2763 illucescentedie‚
1344 2714 1407 2753 cum
1415 2709 1557 2757 Ioannou.

61 2774 130 2840 ςτῆς
149 2768 267 2849 ἡμέρας,
279 2771 324 2829 καὶ
336 2777 381 2829 τοῦ
402 2770 494 2867 όρθρου
515 2768 607 2829 λοιπὸν
656 2769 714 2849 jam
727 2770 916 2850 crepusculum
930 2770 1111 2850 praeteriisset,
1126 2769 1173 2827 sed
1188 2770 1279 2830 adbuc
1291 2774 1405 2833 tenebrae

61 2896 65 2917 ‚
76 2850 182 2917 σκοτίας
195 2850 223 2909 δὲ
233 2850 272 2908 ἔτι
285 2849 378 2922 οὔσης,
388 2854 424 2918 εἰς
437 2874 467 2909 το
478 2857 606 2928 μνημεῖον
659 2862 754 2919 essent,
764 2850 791 2907 in
802 2863 1005 2908 monumentum
1011 2850 1069 2929 jam
1080 2849 1158 2909 tertio
1167 2850 1242 2909 venit
1254 2875 1260 2907 :
1272 2854 1313 2911 Et
1327 2855 1407 2913 uidit

61 2928 106 3001 ήδη
122 2930 220 3010 τρίτον,
234 2930 287 2989 Καὶ
306 2930 400 3009 βλέπει
411 2931 456 2988 τὸν
471 2928 543 2987 λίθον
556 2932 607 3029 iffi-
660 2928 789 3009 lapidem
807 2930 957 2989 sublatum
975 2929 1011 2988 ab
1029 2929 1098 2988 ostio
1114 2931 1288 2991 monumenti.
1305 2934 1404 2993 Crurit
1414 2942 1473 2986 leid·
1485 2956 1538 2988 ιε.

61 3033 123 3089 υρας
133 3017 177 3069 τοῦ
189 3010 328 3087 μνημείου.
336 3008 435 3090 Τρέχει
445 2999 500 3081 οὖν,
512 3008 557 3068 καλ
565 3034 607 3090 ερ·
660 3028 738 3089 ergo,
747 3014 865 3069 etereuit
875 3011 917 3067 ad
922 3009 1068 3067 Simonem
1078 3012 1199 3069 Petrum
1207 3012 1401 3072 etJoaunem.

61 3089 227 3189 ωνκΠέτρον
238 3089 283 3149 καί
298 3088 433 3159 Ἰωάννην.
454 3087 506 3147 Καὶ
523 3088 606 3167 βλέπε
661 3087 697 3147 Et
710 3088 954 3181 vidcprudentiam
966 3088 1095 3179 mulieris,
1106 3089 1204 3148 Animo
1218 3092 1402 3183 torquebatur,

61 3168 94 3235 ός.
125 3168 253 3228 θζθλιόετο
278 3168 348 3228 κατὰ
371 3167 469 3250 ψυχήν,
490 3166 534 3269 ότι
559 3165 606 3227 σὺν
661 3166 832 3259 quodprrmo
846 3169 1033 3249 prosectarum
1044 3171 1173 3248 Bepara,
1188 3191 1251 3229 cum
1261 3170 1328 3229 diser
1351 3173 1405 3232 ulrs

61 3250 159 3328 ήγγειλε
173 3258 226 3316 τοῖς
238 3253 418 3329 μαθηταῑςιῇ
442 3273 535 3329 πρωιῃ
553 3273 605 3308 κα-
662 3260 809 3309 nuntiasset
821 3247 1042 3307 resurrectionem
1052 3248 1163 3322 Cbristi,
1174 3270 1226 3307 uon
1238 3250 1286 3309 eie
1335 3265 1405 3311 itum

61 3353 68 3395 ;
95 3329 221 3408 ἐγέρσεως
251 3334 298 3387 τοῦ
327 3331 461 3408 Χριστοῦ,
488 3329 535 3387 καὶ
560 3332 607 3389 οὐκ
661 3327 754 3387 luisset
768 3352 775 3385 ε
790 3349 822 3388 ae
834 3348 928 3387 rursus
940 3326 1020 3387 valde
1031 3326 1153 3387 diluculo
1163 3350 1225 3387 cum
1235 3330 1297 3388 aliis
1306 3330 1404 3390 mulie·

67 3408 147 3467 πόλιν
168 3410 262 3489 ὄρθρου
285 3408 376 3486 βαθέος
397 3407 464 3484 μετὰ
487 3411 541 3467 τῶν
554 3408 605 3468 ἄλ·
661 3406 739 3467 ribus
756 3422 781 3467 et
798 3407 866 3467 viris
882 3407 1008 3489 prolecta,
1021 3407 1098 3485 quasi
1113 3407 1289 3469 deliramenta
1300 3410 1405 3471 dixisse

74 3488 120 3547 καὶ
143 3492 261 3587 ἀνδρῶν,
284 3487 330 3546 καί
351 3487 410 3548 τότε
439 3486 502 3546 ὡσεί
525 3491 605 3569 λῆρος
660 3487 720 3547 visa
735 3488 839 3547 luisset.
851 3486 1041 3566 Torquebatur
1058 3508 1134 3561 retu,
1150 3510 1202 3548 non
1215 3490 1406 3570 tantumquod

61 3594 81 3626 α
93 3571 182 3639 αὐτῆς.
207 3566 334 3627 Εθλίόετο
345 3565 373 3627 δέ
386 3570 435 3647 οὐχ
445 3572 481 3633 ὡς
492 3571 606 3641 ducet-o-
660 3564 714 3625 sibi
726 3588 781 3627 nott
792 3565 954 3639 crederetur,
965 3568 1012 3627 scd
1028 3566 1104 3645 quod
1118 3567 1209 3629 nullus
1227 3590 1321 3629 eorum
1341 3593 1404 3651 pro·

61 3651 81 3706 λ’
97 3646 138 3706 iio
151 3647 210 3707 οὐδὲ
233 3649 356 3720 διανέστη
369 3673 409 3717 τις
425 3647 450 3716 ἐξ
463 3650 548 3706 αὐτῶν
559 3656 606 3709 τοῦ
660 3647 746 3707 fectus
761 3662 829 3707 esset
848 3646 884 3706 ad
903 3661 1117 3716 monumentum,
1133 3662 1163 3706 ut
1180 3650 1211 3709 id
1223 3649 1341 3727 t'ideret5
1357 3652 1405 3711 sed

78 3737 205 3806 μνημεῖον
230 3729 276 3787 καὶ
298 3731 348 3785 θεω
366 3731 445 3798 ἧσαι·
472 3728 531 3786 ἀλλ’
554 3728 606 3787 εἴτε
623 3734 641 3780 Ε
660 3726 718 3786 sive
732 3749 788 3809 prae
808 3740 881 3787 metu
901 3727 1070 3799 ludaeorum,
1086 3729 1144 3785 sire
1152 3750 1212 3818 Juae
1232 3750 1346 3789 murore
1360 3732 1403 3791 in·

61 3812 94 3866 ιῖιν
105 3807 249 3879 Ἰουδαίων,
259 3807 312 3866 εἴτε
325 3752 368 3867 διό
379 3806 427 3880 τήν
441 3806 543 3879 πολλήν
559 3807 605 3868 καὶ
661 3808 746 3885 genti,
756 3829 848 3867 omnes
866 3828 931 3887 pene
945 3806 1067 3865 sederent
1081 3829 1158 3884 qrrasr
1176 3809 1287 3876 mortui,
1305 3809 1404 3888 vixque

64 3888 178 3959 κάθηντο
192 3889 285 3968 σχεδὸν
300 3887 397 3955 πάντες
418 3886 482 3945 ὡσεί
501 3886 604 3968 νεκροὶ,
661 3887 756 3946 Petrus
772 3888 846 3946 solus
867 3886 1031 3945 excitaretur
1048 3908 1110 3945 cunt
1128 3885 1157 3943 id
1178 3887 1295 3945 secundo
1308 3890 1404 3949 mulie-

77 3967 179 4046 Πέτρου
192 3967 413 4045 διεγερθέντοςιῇ
429 3965 537 4047 δευτέρα
551 3971 603 4026 τῶν
659 3988 702 4026 res
722 3966 885 4039 nuntiarent,
898 3986 930 4024 ac
947 3966 1083 4046 profectus
1101 3980 1183 4046 mput
1201 3980 1306 4024 tantum
1320 3968 1400 4029 ineli-

63 4046 120 4128 ελίρ
130 4092 137 4117 ,
148 4047 194 4106 καὶ
206 4046 362 4113 ἀπελθόντος
375 4047 421 4105 καὶ
430 4045 605 4126 παρακόψαν-
660 4059 748 4105 nasset
761 4044 797 4103 ad
810 4057 1022 4117 monumentum,
1037 4042 1110 4122 quod
1127 4065 1179 4104 uon
1193 4045 1304 4105 auderet
1316 4069 1347 4106 eo
1360 4048 1402 4109 in-

71 4136 210 4205 μνημεῖον,
224 4126 281 4187 ἐπεὶ
293 4125 351 4186 οὐδὲ
364 4124 412 4185 κᾶν
421 4124 604 4203 τολμήσαντος
659 4124 747 4205 gredi,
760 4137 789 4183 ut
799 4123 929 4183 diximus.
939 4122 1004 4183 ldeo
1013 4122 1174 4203 Magdaleua
1188 4125 1285 4205 spiritu
1297 4127 1402 4189 fervens

61 4253 77 4277 ,,
91 4209 126 4271 ὡς
150 4205 267 4285 εἴπομεν.
292 4206 345 4265 Διό
364 4230 405 4265 τοι
417 4203 503 4265 τοίνυν
518 4211 603 4264 ταῦτα
659 4226 691 4265 ac
711 4204 807 4264 divino
828 4224 908 4264 sensu
928 4203 1018 4284 plena,
1037 4225 1131 4263 rursus
1149 4204 1228 4281 abiit,
1247 4220 1277 4264 ut
1297 4205 1402 4268 dietum

61 4291 80 4367 ῷ
94 4285 224 4363 πνεύματι
238 4285 344 4357 ζέουσα,
357 4285 403 4344 καὶ
425 4286 527 4365 πλήρης
537 4274 603 4344 edon
658 4299 714 4357 est;
728 4283 809 4364 idque
823 4305 900 4342 mane
916 4282 973 4343 sola
988 4297 1014 4342 et
1032 4283 1108 4342 tertia
1121 4283 1179 4343 sice
1191 4308 1198 4341 ι
1209 4298 1235 4343 et
1248 4307 1311 4345 curu
1327 4287 1402 4348 inre-

61 4392 94 4433 ις,
109 4369 211 4435 ἀπῆλθε
228 4367 318 4433 πόλιν,
333 4367 369 4433 ὡς
390 4365 509 4447 εἴρηται,
532 4363 604 4444 πρωί
658 4365 740 4424 nisset
755 4363 874 4445 lapidem
893 4363 1031 4422 sublatum
1055 4384 1070 4421 e
1090 4378 1274 4440 monumento,
1294 4388 1401 4429 reversa

61 4472 69 4504 ι
84 4446 226 4523 μόνη,καλ
244 4451 354 4524 εὑροῦσα
374 4446 418 4505 τὸν
432 4444 503 4504 λίθον
519 4444 602 4526 ἠρμέ-
657 4445 693 4503 ud
711 4443 869 4524 discipulos,
882 4442 940 4501 luec
960 4441 1033 4522 apud
1056 4463 1085 4501 se
1110 4442 1276 4504 deliberabat
1294 4470 1300 4503 ε
1319 4448 1348 4506 Si
1370 4449 1401 4509 id

61 4524 161 4603 ςμείου,
183 4525 229 4584 καὶ
249 4524 439 4605 θποσιρέψασα
460 4524 506 4583 rr*
542 4522 602 4593 τοὺς
657 4522 899 4594 omnibusdirero,
913 4544 1007 4581 rursus
1019 4521 1164 4581 clamorem
1176 4524 1403 4601 excitabuntur

61 4607 143 4665 όσατο
154 4608 181 4664 ἐν
203 4609 283 4677 ἑαυτῆ
295 4613 393 4664 ταῦτα·
407 4604 447 4663 ότι
469 4607 481 4663 i
500 4630 514 4664 ν
534 4604 601 4664 είπω
657 4604 831 4663 insanientem
844 4602 1056 4661 arbitrabuntur.
1067 4604 1138 4660 llam
1152 4602 1188 4677 si,
1206 4626 1268 4664 eum
1285 4606 1401 4685 lracego

61 4704 95 4743 tu
120 4684 237 4764 κραυγήν
263 4674 345 4767 ἐγερῶ
369 4684 415 4743 καί
440 4683 600 4762 μαινομένης
657 4698 683 4744 et
704 4684 752 4742 alii
774 4682 884 4742 comites
905 4680 1103 4755 nuntiaremus,
1122 4703 1174 4741 uon
1196 4685 1329 4746 creditum
1351 4704 1400 4762 est,

61 4770 168 4841 μαυτῆς,
183 4767 215 4823 Εἰ
230 4764 281 4863 ,tp
295 4772 351 4843 μετ’
366 4762 454 4825 ἄλλων
466 4765 600 4845 ἀπαγγεί-
655 4763 791 4844 quomodo
808 4762 860 4821 soli
881 4760 1022 4821 eruletur?
1041 4762 1204 4841 Insigniores
1221 4787 1285 4845 ergo
1307 4781 1333 4825 et
1350 4769 1400 4827 ser-

61 4847 130 4920 ίθην,
140 4854 273 4925 πῶςμονη
285 4846 599 4925 πιστευθήσομαιςΜᾶλ-
608 4894 644 4933 ¹„
656 4842 790 4903 ventiores
813 4841 946 4921 alloquar,
963 4842 1072 4899 Petrum
1092 4855 1118 4900 et
1133 4845 1273 4904 loannem.
1294 4848 1398 4908 Verum

61 4950 99 4985 σιν
115 4932 199 4987 αὐτῶν
219 4926 265 4985 καὶ
285 4926 450 5008 θερμοτέροις
471 4926 598 5001 λαλήσω,
617 4957 637 4999 A
654 4924 685 4983 bi
706 4944 813 5003 quoque
832 4923 889 5001 jam
915 4920 992 5001 prius
1014 4920 1158 4981 audierunt
1177 4925 1397 4987 resurrectionem

60 5031 116 5076 ννη.
127 5006 206 5066 ’titt
219 5007 265 5065 καί
275 4998 346 5066 οὗτοι
357 5007 525 5085 προήκουσαν
538 5006 600 5086 περὶ
655 5003 765 5063 Domini
778 5001 862 5061 nostri
874 5003 939 5062 ,lesu
955 5000 1066 5078 Christi,
1079 5023 1112 5061 ac
1123 5023 1180 5084 prae
1191 5025 1296 5063 summa
1310 5004 1396 5065 incre·

72 5076 119 5147 τοῦ
139 5086 235 5167 Κυρίου
259 5090 337 5165 ἡμῶν
359 5088 448 5159 Ἰησοῦ
471 5088 599 5167 Χριστοῦ,
654 5083 769 5144 dulitate
779 5082 815 5141 ob
828 5078 990 5163 stupendum
1003 5080 1042 5141 rei
1056 5081 1218 5143 miraculum
1232 5084 1268 5143 ita
1283 5087 1396 5146 suntal-

63 5270 140 5332 uripn
153 5278 177 5313 ν’.
191 5258 208 5313 Ι.
223 5278 263 5327 up.
277 5258 421 5325 Sardium]
