3750 5940
378 442 412 488 tu
439 442 468 490 s.
497 442 698 490 srsrutuuu
724 442 877 490 rnorou.
906 444 1032 491 saeuo.
1411 424 1481 497 633

65 561 207 642 μνημείῳ,
229 561 275 621 καί
292 553 366 631 οότος
386 565 462 624 αὐτὸν
483 568 513 625 ἐκ
537 565 625 634 δεξιῶν
639 572 685 625 τοῦ
699 563 723 602 ²⁰
741 585 805 642 eum
816 564 863 644 qui
877 565 979 646 positus
993 579 1032 624 est
1048 565 1074 623 in
1094 581 1273 643 monumento,
1286 568 1314 626 in
1336 570 1408 630 caelis
1427 591 1483 630 esse

61 641 166 711 τάζιπαι
187 641 326 722 ὑπάρχειν.
355 644 391 703 ot
409 643 526 721 μαθηταί
549 644 625 703 αιίτδν
639 647 684 724 lp
701 621 721 664 Α
741 644 888 722 confingit:
914 665 976 704 eum
998 645 1041 703 cui
1066 645 1166 705 milites
1189 645 1339 725 illusemnt,
1358 663 1482 710 autumat

61 724 95 786 θκ
119 723 280 792 ἀπατεῶνα,
305 721 351 781 καί
370 713 444 789 οὗτος
466 722 555 803 λέγει,
577 723 618 782 δτι
631 732 683 782 πά-
741 744 802 782 cum
813 722 911 782 militia
924 724 1021 783 caelesti
1035 725 1135 784 versari
1151 748 1158 781 ι
1173 744 1234 784 eum
1248 726 1295 805 qui
1315 747 1348 786 ne
1361 729 1480 810 seipsum

61 824 77 859 οι
104 801 175 882 αὐτῷ
202 799 438 880 ἐξομολογήσεται·
462 805 492 861 ἐκ
510 809 557 862 τοῦ
570 806 684 884 σταυροῦ
739 802 847 884 quidem
859 801 996 863 vindicare
1013 803 1110 884 potuit,
1134 817 1260 863 creature
1281 805 1399 887 judicem
1425 809 1481 868 sore

61 902 79 963 α
106 879 276 952 καταάῆναι,
307 881 353 939 καί
380 880 501 959 δευτέραν
527 885 605 940 αι’ποῦ
630 905 684 941 πα-
737 882 888 964 pollicetur.
902 882 990 962 Hujus
1001 903 1098 963 corpus
1107 883 1207 966 loseph
1219 884 1247 943 in
1259 899 1431 946 monumento
1440 909 1481 947 re-

61 981 108 1025 πος
129 960 160 1017 ἐκ
175 963 227 1018 τῶν
241 963 358 1041 οὐρανῶν
375 960 580 1040 ἐπαγγέλλεται·
595 966 619 1021 οἱ
639 985 684 1020 κα·
736 962 827 1043 posuit
843 986 850 1018 :
866 961 946 1021 ethic
959 982 1021 1020 eum
1038 983 1053 1020 a
1069 962 1170 1022 dextris
1192 963 1243 1022 Dei
1270 964 1361 1023 sedere
1379 967 1481 1026 conlin-

61 1038 108 1097 πδν
123 1037 208 1098 idlae
227 1038 311 1118 ήμουν
328 1039 365 1117 μὴ
380 1041 522 1117 δυνάμενον
559 1040 606 1112 ήτε
621 1043 684 1099 lau·
737 1042 795 1121 git:
811 1042 888 1121 cujus
899 1040 1027 1121 discipuli
1043 1055 1181 1121 tamquam
1199 1042 1368 1133 deceptorem
1391 1045 1480 1125 ipsum

61 1161 67 1188 ,
82 1117 151 1196 μήτε
165 1062 292 1186 ἐκείνως·
315 1120 361 1178 καὶ
375 1110 448 1186 οὗτος
461 1144 478 1178 τ
496 1143 610 1179 ανοτατα
622 1118 684 1200 κρά-
737 1134 879 1199 negarunt,
891 1120 971 1179 ethic
983 1121 1021 1180 ait
1036 1121 1092 1180 fore
1103 1135 1133 1180 ut
1147 1121 1234 1181 amuis
1251 1143 1275 1181 et
1293 1124 1385 1203 lingua
1397 1126 1481 1184 conli-

61 1196 126 1265 ιδτός
149 1201 220 1257 ἐστιν
239 1201 254 1258 ό
275 1197 372 1297 Σωτὴρ
392 1204 438 1257 τοῦ
452 1221 562 1276 κοσμου.
593 1197 686 1258 Εἴδετί
738 1213 841 1259 teatur:
866 1200 901 1258 dc
919 1221 997 1258 eruce
1021 1199 1179 1260 descendere
1202 1201 1312 1261 minime
1332 1205 1431 1283 potuit,
1455 1219 1481 1264 et

61 1282 113 1336 πον
126 1276 272 1356 τόλμημα;
297 1281 427 1348 ἠκουσατε
442 1276 470 1337 δὲ
482 1277 550 1345 δλως
562 1277 686 1350 τοιαύτης
737 1278 783 1338 hic
794 1281 852 1360 ejus
865 1278 1010 1338 seeundum
1032 1278 1178 1340 adventum
1189 1301 1206 1338 a
1229 1281 1300 1339 caelis
1317 1282 1479 1362 pollicetur:

61 1355 100 1414 ιαλ
115 1356 286 1437 βλασφημίας
299 1357 422 1437 ῥήματος
436 1356 620 1439 όπουργήσατε
633 1356 686 1416 τοί·
738 1359 762 1417 ci
782 1357 897 1418 malefici
913 1358 1143 1436 conviciabantur,
1162 1359 1235 1438 quod
1252 1382 1338 1439 neque
1362 1362 1481 1443 seipsum

61 1435 135 1516 aldai,
147 1436 193 1494 καὶ
204 1436 333 1497 ἐπίκοινον
344 1435 419 1518 παρδ
428 1441 480 1496 τῶν
492 1443 535 1495 νῦν
547 1435 687 1515 κομίσεσθε
739 1459 755 1496 n
790 1460 823 1497 uc
838 1437 899 1496 illos
920 1437 1023 1497 salvare
1035 1451 1133 1519 posset,
1154 1452 1181 1498 et
1202 1439 1246 1498 hic
1268 1453 1390 1505 contenta
1418 1464 1482 1502 voce

61 1538 89 1573 ια
110 1519 135 1574 ol
154 1514 279 1594 ἀπόγονοι
292 1519 344 1574 τῶν
358 1517 402 1577 ἐπὶ
416 1515 537 1576 Ναόουθδ
553 1539 685 1596 συκοραν-
738 1459 987 1578 Silvatoremhunc
1000 1517 1096 1576 mundi
1113 1539 1169 1576 esse
1187 1520 1343 1599 proclamat.
1365 1525 1407 1580 An
1429 1522 1483 1582 tale

62 1595 252 1674 ιςέχρήσαντο
263 1594 365 1675 λόγοις·
378 1595 530 1674 ἀκηκόαμεν
546 1596 685 1664 λαλοῦντος
738 1596 841 1656 lacinus
855 1617 984 1677 umquam
996 1595 1169 1656 vidistisian
1184 1620 1248 1658 vero
1265 1599 1374 1658 omnino
1401 1614 1481 1659 tanta¹

61 1697 117 1733 ατα
133 1673 278 1756 βλάσφημα
292 1678 329 1742 εἰς
343 1678 471 1748 illasione,
487 1674 533 1734 καί
547 1675 591 1734 τὸν
606 1674 684 1735 Θεόν.
738 1674 878 1735 dementia
888 1698 920 1735 ac
929 1675 1103 1756 blasphemiae
1114 1677 1196 1736 verba
1208 1678 1340 1738 audistis?
1360 1681 1418 1740 Vos
1431 1679 1482 1738 ita-

61 1758 84 1824 ῦ,
106 1753 181 1835 puel,
194 1759 241 1813 τοῦ
254 1753 394 1831 νομοθέτου
409 1753 579 1833 ἀπετόλμησε
591 1753 687 1836 λέγειν·
702 1759 720 1805 Β
737 1776 790 1833 que
802 1754 946 1837 praetextui
958 1776 1066 1846 operam
1081 1770 1185 1832 navate,
1207 1771 1233 1816 et
1256 1758 1386 1817 celebrem
1408 1759 1482 1839 apud

61 1831 183 1914 ἤγγειλεν
193 1838 259 1911 ἡμῖν
272 1831 365 1914 λέγων,
377 1833 469 1915 Προσί
487 1857 539 1908 ετε,
549 1833 612 1900 λαός
626 1858 685 1913 μου,
738 1854 791 1911 eos,
826 1835 853 1893 ni
868 1855 940 1894 nune
950 1849 1057 1910 vivunt,
1072 1835 1186 1915 gloriam
1210 1838 1289 1896 uobis
1312 1838 1480 1919 comparabi-

61 1936 130 1990 μου·
151 1911 196 1971 καὶ
209 1904 283 1980 οὗτος
297 1937 314 1971 ιι
331 1914 395 1986 άζει,
411 1914 451 1972 ότι
464 1858 566 1986 ’ίησοῦς
580 1912 687 1982 ἀλλάξει
740 1912 784 1974 tis.
799 1856 873 1973 ium
884 1935 947 1974 vero
962 1914 1059 1994 posteri
1074 1915 1307 1991 calumniatorum,
1322 1917 1369 1995 qui
1383 1919 1480 1976 Nabu-

61 1990 210 2072 παρέδωκεν
220 1997 284 2070 ἡμῖν
294 1937 421 2064 dalani.
430 1995 601 2064 ΕἰςΜωῦσῆν
609 1993 686 2052 esta-
738 1992 812 2052 them
841 1993 978 2085 quondam
1005 2008 1202 2074 oppresserunt,
1232 1995 1365 2077 ejusmodi
1392 1997 1482 2057 verbis

74 2072 120 2132 πδν
134 2071 218 2131 actea
242 2096 279 2131 ιον
292 2097 331 2131 πα
349 2071 424 2152 ’όλῳ
437 2077 476 2153 τῷ
490 2070 572 2146 ἔθνει,
591 2073 635 2132 τὸν
650 2076 686 2141 εἰς
738 2086 801 2131 sunt
816 2095 859 2132 usr
870 2098 876 2130 :
888 2072 1051 2132 Audivimus
1063 2093 1124 2132 eum
1143 2073 1294 2154 loquentem
1319 2076 1401 2135 verba
1423 2076 1482 2135 bla-

61 2149 151 2224 νόλην
173 2096 291 2211 ludim
310 2097 358 2224 τόν
381 2152 483 2226 κτίσιν,
503 2151 547 2211 τδν
569 2152 686 2221 δουλείας
739 2151 866 2232 sphemiar
880 2152 908 2212 in
924 2155 1037 2233 Moysen
1050 2165 1076 2210 et
1102 2154 1201 2212 Deum.
1225 2144 1359 2214 ¹Adversus
1381 2155 1481 2236 ipsum,

61 2229 268 2312 Daultpo'racsra
292 2231 322 2291 τὸ
335 2229 416 2305 ἔθνος,
430 2231 475 2292 τδν
489 2230 578 2313 ράόδῳ
591 2230 626 2291 τά
639 2235 687 2303 τῆς
739 2229 766 2288 in
786 2231 874 2308 uiunt,
888 2231 1068 2311 legislatorem
1089 2253 1170 2292 ausus
1188 2248 1227 2292 est
1246 2234 1334 2294 dioete
1351 2258 1358 2291 ι
1376 2234 1481 2294 denun-

61 2310 213 2392 τειχίσαντι
227 2309 320 2384 όδατα,
334 2310 378 2370 τδν
394 2311 538 2390 βυθίσαντα
551 2317 686 2392 προσευχῇ
739 2310 776 2369 tia
813 2311 1375 2394 tille'nobisdioens:Attendite,popula
1388 2326 1557 2390 meuserit.
1571 2337 1633 2387 77·¹·

61 2390 186 2470 [γυπτίων
203 2391 404 2470 στρατεύματα,
421 2391 465 2451 τδν
480 2394 506 2451 ἐν
519 2390 593 2450 νυκτί
607 2414 688 2472 προσ-
740 2389 832 2471 legem
842 2412 937 2450 meam
953 2416 962 2447 .·
977 2405 1003 2449 et
1016 2389 1061 2449 hio
1081 2391 1179 2451 elamat
1192 2393 1257 2464 fore,
1280 2407 1311 2452 ut
1327 2393 1483 2454 traditiones

61 2468 124 2530 ίνιον
148 2470 286 2550 ἀνάψαντα
303 2471 410 2542 στόλον,
431 2471 475 2530 τδν
497 2469 688 2548 μεθοδεύσαντα
740 2483 825 2529 mutet
838 2472 1001 2550 Jesus:quas
1013 2469 1125 2529 tradidit
1139 2472 1216 2531 nobis
1227 2475 1346 2554 Moyses.
1358 2475 1390 2532 ln
1400 2475 1483 2555 Moy·

61 2548 224 2649 ἀγεώργητον
249 2551 346 2632 άρτον,
368 2551 411 2610 τδν
436 2549 633 2622 ἀξαντλάσαντα
654 2554 688 2631 τῇ
740 2570 785 2610 sen
802 2549 875 2631 apud
884 2551 1039 2611 universam
1050 2564 1157 2628 gentem
1170 2551 1350 2612 venerabilem
1358 2553 1483 2634 blasphe-

61 2631 180 2707 ςάγονου
197 2627 232 2688 cla
254 2635 353 2711 ῥεῖθρα.
377 2631 426 2697 Εἰς
438 2633 567 2701 Matiana.
592 2629 647 2689 Kal
661 2631 688 2690 τί
741 2631 825 2690 mavit
838 2653 845 2686 ι
858 2630 886 2690 in
910 2651 974 2690 eum
1003 2629 1050 2710 qui
1066 2630 1094 2688 in
1107 2630 1243 2690 auxilium
1258 2632 1309 2693 sibi
1334 2647 1483 2692 creaturam

63 2711 195 2780 Μωῦοῆν,
216 2709 368 2792 παρατείνω
384 2708 428 2769 τὸν
447 2711 540 2790 λόγον;
569 2707 623 2769 Καὶ
643 2709 687 2770 τδν
740 2728 847 2769 omnem
857 2709 983 2787 adscivit,
992 2709 1148 2789 quiagravi
1163 2711 1292 2771 servitute
1302 2711 1483 2790 gentemlibe-

61 2789 153 2852 ιαθτδν
167 2786 210 2848 τδν
225 2792 254 2849 οθ
273 2790 334 2850 ανδν
347 2788 470 2862 ἠκόντισε
484 2790 517 2848 cl
532 2788 611 2869 βέλη·
626 2789 687 2848 κατ’
738 2789 820 2865 ravit,
832 2790 880 2869 qui
893 2789 970 2870 virga
984 2788 1067 2848 maris
1076 2787 1161 2848 undas
1171 2789 1198 2849 in
1212 2811 1321 2849 murum
1339 2790 1482 2869 convertit,

75 2869 236 2968 δημιουργοῦ
252 2814 360 2938 ίξίτεινε
373 2868 420 2941 τὴν
441 2872 578 2949 γλῶσσαν·
598 2869 688 2949 νεκρὸν
739 2868 1057 2951 quiorationeoopiasAE
1097 2868 1250 2949 ptiorumin
1263 2869 1483 2952 profundumde-

61 2989 81 3021 .,
99 2950 423 3016 meracissimam<
438 2951 572 3022 Μωῡσῆν,
591 2948 637 3008 καὶ
653 2952 689 3018 εἰς
739 2949 841 3021 mersit,
855 2948 1030 3029 quioratione
1039 2970 1075 3008 ca
1087 2962 1168 3007 estem
1180 2948 1215 3009 de
1233 2963 1310 3009 noete
1330 2950 1483 3009 columnam

65 3090 71 3094 ,
122 3026 341 3101 εκίνησάντετδν
354 3029 428 3100 λαδν,
443 3027 488 3088 καὶ
501 3027 560 3098 τοδς
573 3028 688 3109 πρεοόυ·
738 3027 869 3106 accendit,
880 3029 927 3108 qui
950 3029 1081 3088 caelestem
1103 3049 1198 3108 panem
1216 3028 1344 3107 nullaque
1363 3051 1380 3088 a
1399 3029 1484 3112 riculf

61 3105 81 3167 cl
99 3106 159 3176 τοὺς
192 3118 356 3188 ραμματεῖς·
375 3108 420 3167 καλ
435 3107 587 3177 ἐπιστάντες
600 3107 686 3187 ipera-
703 3121 721 3168 c
739 3120 806 3166 turae
817 3130 868 3197 ope
880 3109 1029 3168 confectum
1042 3108 1219 3189 comparavit,
1232 3108 1280 3188 qui
1290 3108 1368 3188 virga
1381 3049 1483 3168 luania

61 3215 79 3259 ι,
101 3187 148 3246 καί
164 3134 263 3268 νίγαγον
279 3190 316 3256 εἰς
329 3189 359 3248 τδ
379 3185 520 3268 συνέδριον.
543 3190 590 3256 Εἰς
605 3186 686 3269 όργὴν
738 3187 866 3247 exsterrli
880 3187 1058 3248 saxohausit.
1082 3188 1120 3246 In
1142 3189 1279 3264 Moysen.
1300 3187 1374 3262 Quid
1391 3202 1483 3247 autem

61 3265 240 3340 ιυνεκίνησαν,
256 3267 302 3328 καί
315 3266 438 3351 ἥρπασαν
454 3266 544 3326 αὐτόν·
563 3266 686 3350 ἥρπασαν
738 3264 773 3324 de
786 3266 848 3346 hoc,
863 3271 902 3326 ln
914 3270 1053 3343 Moysen,
1067 3286 1217 3326 sermonem
1228 3266 1376 3348 protraho?
1392 3268 1435 3327 Et
1451 3271 1484 3326 in

61 3344 259 3426 τδπρόόατον,
274 3347 320 3407 καὶ
337 3347 355 3419 ἤ
374 3371 437 3425 σγον
452 3346 528 3414 εἰςτδ
542 3347 685 3429 συνίδριον,
740 3347 846 3406 Deum.
876 3348 908 3407 ln
935 3347 1025 3428 ipsum
1053 3346 1150 3406 eaelum
1176 3346 1228 3406 tela
1251 3346 1332 3427 jacit3
1353 3346 1483 3407 adversus

61 3424 129 3493 ἷσεως
156 3425 303 3505 ἀνάμεστον
326 3371 373 3486 καί
391 3424 496 3507 ρθόνου·
519 3427 598 3495 είςτδ
612 3427 688 3486 συνί-
740 3427 748 3483 i
770 3447 830 3484 sum
849 3425 1023 3487 Conditorem
1046 3426 1168 3505 linguam
1189 3426 1310 3486 extendit
1327 3440 1483 3487 :mortuum

62 3506 199 3587 ἀλλότριον
222 3506 358 3579 ἀληθείας,
381 3507 427 3577 καί
444 3512 555 3590 χηριῦον
577 3504 687 3566 δικαίου·
807 3506 980 3586 Creatorique
994 3506 1148 3588 oppositum
1161 3506 1298 3587 praedicat.
1308 3508 1347 3565 In
1356 3509 1484 3582 Moysen

61 3608 80 3644 u
104 3584 183 3645 αότδν
198 3585 442 3668 εἰςτδσυνίδριον,
463 3586 524 3667 περί
539 3576 568 3644 ol
583 3585 688 3667 πόρρω·
740 3589 809 3644 etin
823 3589 931 3646 Deum.
953 3588 1178 3646 commoverunt
1195 3591 1295 3667 itaque
1310 3587 1435 3666 plebem,
1455 3599 1483 3644 et
1495 3600 1547 3642 Aer.
1557 3596 1580 3643 6.
1598 3613 1633 3643 ιο.

61 3687 111 3742 ιγιν
138 3662 284 3746 Ἱερεμίας·
308 3668 368 3727 Οὐκ
392 3668 501 3726 ἐκάθισα
520 3670 547 3726 ἐν
563 3667 638 3726 συνεδ
657 3664 688 3747 ίῳ
740 3668 878 3739 seniores,
903 3680 931 3726 ct
951 3668 1062 3726 scribas
1082 3679 1132 3724 :et
1154 3679 1358 3726 concurrentes
1380 3669 1484 3745 rapue-

61 3743 221 3814 ποιότητος.
245 3744 299 3805 Kal
313 3744 427 3816 ἔστησαν
441 3746 574 3828 μάρτυρας
586 3688 689 3823 ψευδεῖς
740 3758 809 3804 runt
818 3767 895 3818 eum,
909 3758 937 3805 et
950 3747 1137 3804 adduxerunt
1150 3750 1182 3803 in
1204 3746 1371 3804 concilium.
1395 3747 1484 3824 Popu-

75 3826 90 3882 ὁ
112 3823 248 3905 ἄνθρωπος
267 3815 340 3892 οὗτος
359 3826 388 3883 οὔ
403 3827 517 3885 παύεται
537 3826 624 3885 λαλῶν
644 3824 689 3904 pefi-
740 3822 837 3885 lumin
851 3825 1136 3898 iramconeitarunt,.et
1152 3845 1214 3882 eum
1228 3825 1373 3904 rapuerun't
1385 3847 1391 3880 :
1405 3844 1484 3884 ovem

61 3903 158 3984 ’σρημα
177 3903 245 3964 κατδ
260 3910 306 3964 τοῦ
321 3902 403 3964 τόπου
418 3912 464 3965 τοῦ
478 3906 571 3984 ἁγίου,
585 3903 689 3964 καὶτοῦ
740 3917 887 3984 rapuemnt
901 3906 973 3978 sera,
987 3918 1013 3962 et
1027 3903 1200 3963 adduxerunt
1214 3903 1242 3961 in
1262 3902 1407 3961 concilium
1426 3901 1483 3982 hy-

61 3983 72 4042 l
92 3983 177 4086 ίερδν,
195 3983 277 4065 puel,
296 3985 339 4045 τδν
361 3983 441 4043 τόπον
461 3990 550 4045 τοῦτον
565 3985 644 4054 alni
662 4009 689 4042 υ-
740 3982 1060 4063 pocrisisatqueinvidiae
1072 3982 1194 4063 plenum,
1209 3981 1343 4043 averitate
1356 3981 1483 4056 alienum,

61 4062 187 4144 υόρισαι,
205 4063 270 4124 όπου
283 4064 317 4124 τδι
334 4070 391 4124 θεῖα
405 4064 628 4145 ἀναγινώσκονται
644 4008 689 4143 lal-
741 4077 767 4121 et
788 4084 884 4143 expers
903 4063 1037 4141 aequitatis
1052 4085 1058 4117 :
1075 4074 1102 4119 et
1121 4061 1293 4121 adduxerunt
1305 4081 1368 4119 eum
1381 4061 1409 4119 in
1424 4081 1485 4119 oon·

61 4165 84 4202 ιυ
97 4148 150 4203 τῶν
166 4148 308 4225 προφητῶν
322 4142 494 4211 σαλπίζονται
507 4143 541 4203 τδι
555 4143 690 4225 συγγράμ-
741 4141 844 4217 cilium,
854 4143 888 4202 de
897 4164 950 4221 quo
962 4141 1091 4202 Jeremias
1101 4142 1186 4200 multo
1194 4155 1254 4199 ante
1261 4140 1388 4200 clamavit
1399 4163 1406 4196 ι
1416 4142 1485 4200 Non
1494 4160 1542 4204 οη,
1557 4156 1635 4217 ¹⁵·¹7·

61 4245 78 4279 α
89 4227 118 4283 αί
130 4222 229 4291 πλάκες
241 4224 287 4282 καὶ
300 4221 330 4282 τὸ
343 4226 371 4283 οὗ
390 4223 462 4284 άνιον
477 4224 580 4300 μάννα,
592 4222 657 4283 ὅπου
671 4228 688 4295 ἡ
740 4223 803 4281 sedi
813 4227 844 4280 r'n
859 4223 986 4281 concilio
1000 4225 1126 4301 ipsorum
1143 4224 1298 4279 vanitatis.
1316 4221 1359 4279 Et
1375 4233 1485 4280 statue·
1496 4243 1548 4288 Aa,
1559 4241 1583 4288 6,
1599 4244 1634 4290 13.

61 4299 96 4360 ιαδ
115 4307 133 4374 ἡ
153 4307 198 4361 τοῦ
216 4301 316 4384 Ἀαρὼν
350 4247 445 4374 altae,
465 4303 530 4364 όπου
544 4302 690 4385 ἀρχιερέων
741 4315 811 4361 runt
823 4303 925 4384 salsos
944 4313 1029 4361 testes
1050 4301 1177 4360 dicentes
1197 4302 1320 4358 :Homo
1347 4303 1402 4359 iste
1426 4320 1485 4358 non

61 4379 87 4438 al
108 4381 292 4464 πρεσόυτέρων
311 4306 431 4460 ἀίίωμα,
446 4383 492 4443 καί
511 4382 691 4464 γραμματέων
706 4404 725 4450 n
742 4396 836 4441 cessat
853 4383 935 4463 loqui
956 4382 1050 4440 uerba
1079 4380 1265 4460 blasphemiae
1289 4381 1429 4442 adrasus
1442 4379 1486 4438 lo·

61 4459 90 4518 λδ
111 4461 232 4540 παίγνιον
255 4467 359 4542 ἡγεῖται
376 4463 421 4523 τὸν
435 4463 532 4536 τόπον,
547 4462 648 4530 εὐτελὲς
661 4461 691 4520 τδ
742 4475 965 4532 cumsanctum,
990 4472 1019 4518 et
1044 4460 1143 4539 legem.
1167 4457 1324 4539 Templum,
1347 4458 1485 4550 inquiunt,

61 4539 184 4617 ρσίνεται.
195 4540 248 4602 Καὶ
259 4543 288 4599 οὐ
301 4540 378 4620 μόνον
389 4541 458 4601 aar&
468 4548 513 4602 τοῦ
522 4542 603 4602 τόπου
615 4541 691 4602 ἐτολ-
742 4540 833 4599 locum
848 4541 929 4600 istum
944 4561 997 4599 non
1010 4538 1118 4597 erubuit
1130 4539 1237 4597 afficere
1245 4539 1424 4614 contumeliis,
1438 4539 1486 4598 ubi

60 4618 174 4699 γξαθαι,
196 4618 265 4681 ἀλλά
284 4621 331 4681 καί
344 4621 413 4680 κατδι
426 4630 471 4682 τοῦ
493 4620 582 4699 νόμου.
606 4621 691 4681 Σκιδιν
743 4620 847 4699 eloquia
861 4618 954 4680 divina
962 4619 1117 4693 recitantur,
1128 4619 1176 4677 ubi
1189 4620 1381 4699 prophetarum
1389 4619 1488 4700 scripta

66 4691 135 4760 εἶναι
146 4701 320 4782 φαντάζεται·
334 4700 415 4760 τόπον
430 4699 479 4774 τὴν
494 4700 617 4760 Παλαιὰν
629 4705 690 4761 ἀνυ-
743 4701 930 4775 buccinantur,
955 4699 1002 4758 ubi
1023 4698 1121 4756 tabula
1138 4719 1171 4757 ac.
1189 4719 1285 4757 manna
1306 4699 1420 4774 caeleste,
1440 4697 1489 4756 ubi

70 4780 206 4861 κηρόττει·
224 4780 329 4858 μείζονα
342 4781 385 4840 τὸν
407 4782 548 4842 Γαλιλαῖον
567 4771 633 4840 εἶναι
647 4780 691 4840 λέ·
743 4801 805 4840 arca
820 4793 846 4839 ct
858 4779 937 4858 virga
952 4777 1075 4852 Aaronis,
1087 4776 1135 4835 ubi
1156 4777 1266 4837 canities
1280 4778 1449 4859 pontificum,
1462 4791 1489 4835 et

62 4861 111 4929 ίιος
120 4906 129 4938 ,
145 4860 312 4942 ἰσγυρότεριν
329 4860 372 4920 τδν
392 4864 422 4921 ἐκ
436 4860 543 4944 Μαρίας
556 4868 601 4922 τοῦ
615 4884 693 4938 νομο-
744 4859 863 4942 dignitas
878 4859 1023 4933 seniorum,
1037 4857 1175 4936 honorque
1190 4857 1342 4917 scribarum
1357 4881 1363 4914 :
1378 4856 1423 4915 sod
1442 4858 1487 4915 lu-

61 5067 196 5117 oDucoeus
205 5080 263 5114 cum
271 5061 366 5116 Surilio
377 5064 508 5132 legendum
517 5077 590 5132 putot
599 5076 681 5135 carpet.
735 5068 774 5133 ⁴5,
789 5069 829 5130 ll,
841 5067 877 5118 tic
893 5063 993 5135 legitur,
1006 5069 1045 5118 οόιι
1058 5070 1150 5118 δκάθισα
1162 5067 1185 5113 δν
1197 5063 1301 5128 συνεδρίῳ
1315 5063 1388 5110 αὐτῶν
1399 5064 1492 5118 παιζόν-

61 5159 107 5196 rox
118 5140 258 5194 desumitur
268 5159 300 5192 ex
311 5142 376 5194 Paul.
390 5144 435 5209 25,
451 5161 477 5197 v.
491 5145 516 5210 5,
530 5140 571 5193 ubi
585 5142 684 5212 legitur,
735 5170 787 5199 wa.

61 5230 140 5288 εμετά
158 5225 270 5283 συνεδρίου
282 5233 448 5288 ματαιότητος.
460 5223 491 5274 ln
507 5222 614 5274 Jeremia
627 5239 686 5276 vtro

62 5336 137 5376 rost.
162 5336 234 5373 vttt.
973 5391 981 5402 .
1316 5307 1356 5362 ἀλ
