3750 5940
54 492 73 510 ,.
103 465 206 514 cxxx.
236 443 283 514 nl.
314 469 430 516 cxxix.
774 447 839 541 541

100 587 173 647 bant.
189 589 224 648 Et
238 604 345 672 propter
362 591 424 650 illos
437 591 489 651 hoc
502 592 569 671 agit,
581 606 610 650 ut
621 592 648 652 in
660 596 768 668 lamro,
779 615 843 654 cau·

100 699 210 758 samque
222 681 325 761 aperit,
339 682 463 762 Propter
476 686 592 742 turbam
606 688 842 745 circumtantem
852 703 921 746 tom.
942 713 977 747 tt.

100 773 173 842 dixi,
186 786 218 832 ut
231 776 353 834 credant
368 779 440 856 quia
456 788 487 834 tu
502 797 548 834 me
559 780 672 835 misisti.
687 776 789 856 Etiam,
800 778 842 838 in·
852 760 892 826 4²·

101 865 185 941 quies,
207 865 254 925 sed
274 889 365 927 coram
381 868 483 929 ludaeis
501 869 557 928 haec
571 869 634 950 jure
654 868 693 927 sie
713 867 844 951 disposita

101 971 183 1034 sunt;
202 981 292 1018 coram
305 959 446 1040 discipulis
459 975 548 1018 autem
562 960 665 1039 quare?
682 959 772 1020 Etiam
782 963 846 1043 jure

101 1070 191 1109 coram
204 1052 353 1133 discipulis.
364 1054 417 1123 Qui
430 1054 501 1112 enim
513 1067 572 1134 post
584 1068 622 1112 tot
636 1068 761 1134 tantaque
773 1054 845 1114 dice·

102 1144 177 1220 bant,
192 1150 280 1205 Nunc
293 1152 401 1207 scimus
414 1152 485 1230 quio
501 1152 557 1207 seis
572 1154 685 1225 omnia,
699 1148 844 1229 plusquam

103 1258 194 1296 omnes
219 1238 375 1317 indigebant
400 1240 611 1299 confirmatione.
629 1241 756 1320 Alioquin
781 1263 845 1301 vero

104 1327 131 1385 id
144 1328 307 1406 evangelista
319 1329 530 1388 uenerationem
540 1344 636 1406 vocat3
651 1330 697 1389 sed
709 1329 774 1409 quid
787 1331 844 1391 ait?

57 1388 94 1489 ’λδ
101 1422 266 1480 Sublevatas
281 1422 373 1481 oculis
388 1426 419 1480 in
433 1423 549 1495 ciclum,
562 1437 588 1485 et
601 1423 687 1502 magis
702 1421 771 1482 illud
789 1423 845 1482 col·

101 1511 222 1590 loquium
235 1535 297 1571 cum
310 1515 389 1572 Patre
404 1513 487 1572 luisse
505 1514 631 1572 insinuat.
646 1513 763 1586 Quodsi
778 1514 844 1574 alibi

102 1602 248 1663 orationem
271 1618 364 1680 vocet,
384 1619 410 1663 et
428 1604 508 1664 illum
522 1604 649 1664 exhibeat
669 1626 741 1664 nunc
758 1626 845 1685 genua

101 1694 259 1770 flectentem,
274 1717 346 1755 nunc
361 1717 425 1756 vero
439 1695 532 1755 oeulos
545 1696 580 1755 ad
594 1696 688 1756 caelum
699 1698 843 1775 levantem,

102 1808 134 1846 ne
146 1788 273 1847 turberis.
289 1789 339 1848 His
351 1789 423 1848 enim
437 1788 604 1848 instituimur
617 1804 750 1868 quantum
769 1791 804 1851 sit
817 1791 845 1850 in

101 1879 219 1938 oratioue
233 1880 477 1961 perseverandum
495 1894 525 1940 ut
540 1893 639 1940 stantes
654 1882 844 1963 suspiciamuS,

101 1992 152 2029 non
170 1971 257 2031 carnis
271 1985 387 2047 tantum,
401 1971 539 2031 sedetiam
551 1971 648 2030 mentis
657 1973 760 2050 oculis3
774 1987 801 2033 et
816 1987 846 2033 ut

101 2063 238 2122 llcctamus
252 2084 353 2142 genua,
368 2061 449 2122 corda
469 2077 558 2123 nostra
574 2079 745 2124 conterentes.
763 2068 847 2130 Venit

101 2155 172 2214 enim
186 2156 310 2215 Christus
328 2176 380 2216 non
400 2155 481 2216 modo
499 2170 529 2215 ut
548 2178 604 2216 sese
621 2157 780 2235 exhiberet,
799 2159 848 2219 sed

102 2247 182 2306 etiam
197 2263 227 2308 ut
242 2248 372 2308 virtutem
385 2270 433 2308 uos
450 2246 557 2308 doceret
570 2248 743 2309 ineffabilem.
758 2250 848 2330 Magi·

103 2354 156 2398 ster
168 2354 258 2399 autem
271 2362 322 2399 non
333 2343 424 2400 verbis
433 2355 547 2417 tantum,
556 2339 603 2400 sed
613 2362 641 2400 re
653 2341 734 2400 etiam
743 2340 849 2402 erudiat

68 2463 85 2509 B
103 2447 215 2513 oportet.
233 2434 383 2494 Audiamus
401 2455 464 2514 ergo
477 2434 545 2513 quid
564 2434 610 2494 hic
624 2433 705 2494 dieat.
734 2438 846 2510 Pater,

103 2529 185 2583 veuit
199 2527 283 2598 liora,
292 2526 427 2609 clarifica
439 2526 551 2585 Filium
565 2539 656 2597 tuum,
674 2539 705 2585 ut
714 2540 742 2586 et
753 2530 783 2586 F
781 2530 850 2588 ilius

104 2633 170 2680 tuus
184 2621 328 2703 clarificet
343 2635 380 2680 te.
398 2623 498 2680 lterum
520 2621 636 2680 ostendit
652 2621 730 2681 nobis
747 2644 775 2683 se
795 2643 848 2683 nen

104 2711 219 2772 invitum
233 2713 268 2772 ad
285 2735 391 2773 erucem
407 2713 507 2773 venire.
522 2712 666 2785 Quomodo
681 2713 784 2774 invitus
799 2736 847 2774 ve-

103 2807 182 2880 niret,
197 2806 243 2884 qui
260 2805 311 2864 hoc
326 2819 351 2863 et
361 2805 421 2863 fieri
435 2819 522 2884 rogat,
540 2819 566 2863 et
579 2826 635 2864 rem
652 2804 769 2885 appellat
791 2806 849 2885 glo·

102 2900 182 2972 riam,
198 2919 250 2957 non
263 2897 387 2957 crucifixi
398 2896 487 2970 modo,
502 2896 549 2956 sed
563 2897 644 2956 etiam
657 2897 764 2957 Patris?
779 2898 850 2957 Nam

102 2991 138 3050 ita
149 2994 249 3050 sactum
263 3004 320 3050 est:
334 3011 386 3049 non
399 2990 471 3049 enim
487 2990 574 3050 Filius
584 3004 698 3066 tantum,
710 2989 758 3051 sed
768 2992 849 3052 etiam

103 3085 181 3142 Pater
196 3082 356 3140 clarificatus
374 3095 422 3138 est.
437 3083 506 3139 Ante
521 3102 628 3140 crucem
646 3080 717 3140 enim
733 3103 781 3142 nec
799 3085 849 3144 Ju-

102 3175 151 3233 dcei
168 3174 255 3255 ipsum
270 3184 398 3231 noverant
412 3172 533 3244 (Israel,
547 3171 647 3251 inquit,
665 3195 711 3232 me
730 3194 790 3232 nou
802 3194 849 3234 ee·
860 3193 918 3238 lsai.
932 3203 950 3234 1.
962 3193 975 3240 t

102 3271 233 3349 gunvitl:
251 3279 310 3346 post
325 3285 432 3322 crucem
444 3277 534 3322 autem
548 3265 690 3325 universus
711 3265 785 3325 orbis
804 3287 850 3327 ac·

104 3360 198 3419 currit.
213 3357 319 3418 Deinde
333 3356 443 3416 modum
453 3357 536 3416 etiam
547 3357 638 3438 gloriae
657 3357 742 3436 addit,
756 3373 849 3440 etque

68 3466 87 3515 c
105 3465 183 3532 pacto
198 3451 287 3531 ipsum
303 3448 475 3528 glorificabit.
490 3453 518 3509 2.
529 3449 610 3509 δέεαι
627 3451 735 3510 dedisti
749 3455 777 3510 ei
793 3473 847 3532 po-

106 3558 239 3604 testatem
253 3547 348 3601 omm's
366 3546 476 3615 carnis,
500 3555 531 3601 ut
548 3563 634 3601 omne
650 3546 732 3623 quod
743 3544 850 3606 dedisti

105 3642 132 3695 ei
149 3658 207 3695 non
217 3649 327 3716 pereat.
343 3635 454 3715 Semper
466 3635 537 3693 enim
550 3634 711 3712 benefacere,
723 3636 752 3696 id
763 3638 849 3717 gloria

106 3730 155 3788 Dei
169 3744 219 3788 est.
237 3728 310 3800 Quid
321 3727 373 3785 sibi
385 3728 445 3812 vult
459 3726 539 3803 illud,
548 3728 628 3787 Sicut
639 3730 746 3788 dedisti
759 3734 786 3788 ei
798 3752 848 3809 po·

105 3838 238 3883 testatem
245 3827 340 3881 omnis
350 3824 466 3880 caruis?
474 3821 585 3880 interim
597 3820 712 3881 ostendit
719 3821 850 3902 praedica-

105 3918 203 3976 tionem
222 3937 274 3974 non
295 3913 460 3975 adludens
482 3928 587 3972 tantum
608 3913 849 3996 circumscriptam,

106 4009 152 4067 sed
165 4011 258 4068 orbem
270 4023 356 4067 totum
370 4029 542 4087 pervasorem
557 4029 622 4081 esse,
635 4021 659 4066 ct
671 4007 792 4086 gentium
801 4031 849 4068 vo·

104 4101 215 4161 cationis
230 4098 378 4180 primordia
392 4097 495 4156 statuit.
509 4097 580 4169 Quia
596 4098 667 4156 enim
681 4098 797 4176 dixerat,
812 4104 849 4158 In
860 4111 944 4158 onon
964 4128 990 4158 ιο

104 4198 187 4252 niam
205 4195 334 4272 gentium
349 4211 384 4247 ne
399 4193 529 4248 abieritis
538 4214 549 4257 ,·
564 4188 740 4269 dicturusque
758 4206 849 4272 postea
859 4174 882 4221 ⁵·

105 4300 173 4360 crat,
190 4288 302 4343 Euntes
318 4283 419 4339 docete
430 4301 528 4338 ommes
542 4293 651 4361 gentes,
669 4279 784 4342 ostendit
798 4284 849 4342 Pa·
861 4305 921 4348 totu.
935 4303 972 4350 28.

105 4391 173 4436 trem
193 4376 273 4434 ctiam
292 4372 321 4432 id
340 4372 418 4431 vcllc.
440 4372 509 4430 Nam
529 4370 557 4428 id
577 4370 686 4431 Judaeos
700 4372 849 4434 admodum
863 4378 898 4424 Ι9·

105 4467 268 4542 offendebat,
285 4466 418 4543 etiamque
432 4462 591 4544 discipulos.
610 4464 702 4543 Neque
717 4465 790 4525 enim
804 4489 849 4548 po

70 4575 89 4621 n
105 4576 159 4620 stea
170 4581 246 4639 equo
257 4558 347 4617 animo
359 4555 477 4613 serebant
490 4553 561 4632 quod
574 4568 664 4634 gentes
674 4554 850 4637 adjungeren-

106 4670 151 4713 tur
160 4699 168 4727 ,
188 4653 273 4711 donce
288 4649 406 4730 Spiritus
425 4647 576 4707 doctrinam
589 4662 767 4729 aeceperunt3
781 4649 849 4711 illud

105 4745 205 4825 quippe
214 4742 317 4805 ludaris
327 4761 379 4800 non
391 4760 486 4820 parum
497 4737 665 4819 displicebat.
675 4743 738 4799 Post
749 4754 849 4799 tantam

107 4840 190 4917 igitur
200 4834 366 4895 advenientis
379 4832 497 4912 Spiritus
511 4832 701 4903 celebritatem,
713 4833 850 4914 lerosoly-

107 4953 179 4990 mam
198 4929 307 4990 veniens
328 4928 444 5001 Petrus,
460 4925 509 4985 vix
529 4924 616 5005 potuit
638 4924 851 4983 criminationem
862 4929 913 4971 Act·
933 4938 968 4969 ¹¹1

107 5024 233 5102 effugere,
249 5042 311 5079 cum
329 5017 364 5077 de
380 5017 491 5078 sindone
513 5015 675 5095 loqueretur.
696 5014 771 5088 Quid
788 5037 852 5075 vero
