<?xml version="1.0" encoding="UTF-8"?>
<!DOCTYPE html PUBLIC "-//W3C//DTD XHTML 1.0 Transitional//EN"
    "http://www.w3.org/TR/xhtml1/DTD/xhtml1-transitional.dtd">
<html xmlns="http://www.w3.org/1999/xhtml" xml:lang="en" lang="en">
 <head>
  <title>
</title>
<meta http-equiv="Content-Type" content="text/html;charset=utf-8" />
  <meta name='ocr-system' content='tesseract 3.04.00' />
  <meta name='ocr-capabilities' content='ocr_page ocr_carea ocr_par ocr_line ocrx_word'/>
</head>
<body>
  <div class='ocr_page' id='page_1' title='image "./sanctipatrisnos02chrygoog_0942.png"; bbox 0 0 3750 5940; ppageno 0'>
   <div class='ocr_carea' id='block_1_1' title="bbox 412 464 1519 558">
    <p class='ocr_par' dir='ltr' id='par_1_1' title="bbox 412 464 1519 558">
     <span class='ocr_line' id='line_1_1' title="bbox 412 464 1519 558; baseline 0.006 -29"><span class='ocrx_word' id='word_1_1' title='bbox 412 483 448 529; x_wconf 84' lang='lat' dir='ltr'><strong>m</strong></span> <span class='ocrx_word' id='word_1_2' title='bbox 475 480 711 529; x_wconf 82' lang='lat' dir='ltr'><strong>ruonrrrounm</strong></span> <span class='ocrx_word' id='word_1_3' title='bbox 737 475 959 545; x_wconf 77' lang='lat' dir='ltr'><strong>snuvarouts,</strong></span> <span class='ocrx_word' id='word_1_4' title='bbox 988 479 1066 530; x_wconf 79' lang='lat' dir='ltr'><strong>ure.</strong></span> <span class='ocrx_word' id='word_1_5' title='bbox 1447 464 1519 558; x_wconf 81' lang='lat'><strong>925</strong></span> 
     </span>
    </p>
   </div>
   <div class='ocr_carea' id='block_1_2' title="bbox 61 595 1667 1776">
    <p class='ocr_par' dir='ltr' id='par_1_2' title="bbox 61 595 1667 1776">
     <span class='ocr_line' id='line_1_2' title="bbox 61 595 1522 688; baseline 0.001 -20"><span class='ocrx_word' id='word_1_6' title='bbox 61 609 116 682; x_wconf 78' lang='grc' dir='ltr'>τὸν,</span> <span class='ocrx_word' id='word_1_7' title='bbox 128 615 194 688; x_wconf 64' lang='grc' dir='ltr'>τιμᾷ</span> <span class='ocrx_word' id='word_1_8' title='bbox 205 606 251 666; x_wconf 87' lang='grc' dir='ltr'><strong>καλ</strong></span> <span class='ocrx_word' id='word_1_9' title='bbox 264 606 349 687; x_wconf 78' lang='grc' dir='ltr'>λέγω·</span> <span class='ocrx_word' id='word_1_10' title='bbox 364 596 442 667; x_wconf 69' lang='grc' dir='ltr'>Είδον</span> <span class='ocrx_word' id='word_1_11' title='bbox 456 605 486 663; x_wconf 85' lang='grc' dir='ltr'>τὸ</span> <span class='ocrx_word' id='word_1_12' title='bbox 504 604 646 686; x_wconf 88' lang='grc' dir='ltr'>πρόσωπόν</span> <span class='ocrx_word' id='word_1_13' title='bbox 660 628 723 682; x_wconf 92' lang='grc' dir='ltr'>σου,</span> <span class='ocrx_word' id='word_1_14' title='bbox 741 607 760 654; x_wconf 83' lang='grc' dir='ltr'><strong><em>Β</em></strong></span> <span class='ocrx_word' id='word_1_15' title='bbox 778 607 851 664; x_wconf 81' lang='lat' dir='ltr'><strong>ciem</strong></span> <span class='ocrx_word' id='word_1_16' title='bbox 867 605 935 666; x_wconf 85' lang='lat' dir='ltr'><strong>Dei.</strong></span> <span class='ocrx_word' id='word_1_17' title='bbox 957 606 1027 670; x_wconf 85' lang='lat' dir='ltr'><strong>Cum</strong></span> <span class='ocrx_word' id='word_1_18' title='bbox 1040 619 1130 666; x_wconf 86' lang='lat' dir='ltr'><strong>autem</strong></span> <span class='ocrx_word' id='word_1_19' title='bbox 1143 606 1223 667; x_wconf 86' lang='lat' dir='ltr'><strong>illum</strong></span> <span class='ocrx_word' id='word_1_20' title='bbox 1235 621 1265 666; x_wconf 87' lang='lat' dir='ltr'><strong>ut</strong></span> <span class='ocrx_word' id='word_1_21' title='bbox 1278 607 1454 669; x_wconf 86' lang='lat' dir='ltr'><strong>iuimicumc&#39;t</strong></span> <span class='ocrx_word' id='word_1_22' title='bbox 1468 595 1522 669; x_wconf 83' lang='lat' dir='ltr'><strong>lao-</strong></span> 
     </span>
     <span class='ocr_line' id='line_1_3' title="bbox 61 682 1520 769; baseline 0.001 -21"><span class='ocrx_word' id='word_1_23' title='bbox 61 712 92 756; x_wconf 75' lang='grc' dir='ltr'><strong>τις</strong></span> <span class='ocrx_word' id='word_1_24' title='bbox 109 689 152 758; x_wconf 79' lang='grc' dir='ltr'><strong>ίδη</strong></span> <span class='ocrx_word' id='word_1_25' title='bbox 171 687 313 769; x_wconf 80' lang='grc' dir='ltr'>πρόσωπον</span> <span class='ocrx_word' id='word_1_26' title='bbox 336 686 415 745; x_wconf 78' lang='grc' dir='ltr'>Θεοῦ.</span> <span class='ocrx_word' id='word_1_27' title='bbox 438 684 513 744; x_wconf 86' lang='grc' dir='ltr'>Ἰδὼν</span> <span class='ocrx_word' id='word_1_28' title='bbox 538 685 565 744; x_wconf 78' lang='grc' dir='ltr'><strong>δὲ</strong></span> <span class='ocrx_word' id='word_1_29' title='bbox 587 684 664 744; x_wconf 83' lang='grc' dir='ltr'>αθτδν</span> <span class='ocrx_word' id='word_1_30' title='bbox 687 689 723 753; x_wconf 82' lang='grc' dir='ltr'><strong>ὡς</strong></span> <span class='ocrx_word' id='word_1_31' title='bbox 777 682 906 744; x_wconf 81' lang='lat' dir='ltr'><strong>micidarn</strong></span> <span class='ocrx_word' id='word_1_32' title='bbox 930 700 1063 762; x_wconf 86' lang='lat' dir='ltr'><strong>cerneret,</strong></span> <span class='ocrx_word' id='word_1_33' title='bbox 1085 688 1158 747; x_wconf 89' lang='lat' dir='ltr'><strong>Deus</strong></span> <span class='ocrx_word' id='word_1_34' title='bbox 1182 707 1244 746; x_wconf 91' lang='lat' dir='ltr'><strong>cum</strong></span> <span class='ocrx_word' id='word_1_35' title='bbox 1264 689 1343 748; x_wconf 89' lang='lat' dir='ltr'><strong>sciret</strong></span> <span class='ocrx_word' id='word_1_36' title='bbox 1365 689 1445 748; x_wconf 90' lang='lat' dir='ltr'><strong>illum</strong></span> <span class='ocrx_word' id='word_1_37' title='bbox 1467 710 1520 749; x_wconf 89' lang='lat' dir='ltr'><strong>non</strong></span> 
     </span>
     <span class='ocr_line' id='line_1_4' title="bbox 61 752 1520 856; baseline 0.001 -29"><span class='ocrx_word' id='word_1_38' title='bbox 61 793 85 834; x_wconf 74' lang='grc' dir='ltr'><strong>ν,</strong></span> <span class='ocrx_word' id='word_1_39' title='bbox 101 752 247 846; x_wconf 47' lang='lat' dir='ltr'><strong>affre,</strong></span> <span class='ocrx_word' id='word_1_40' title='bbox 268 762 359 837; x_wconf 68' lang='lat' dir='ltr'><strong>nuri</strong></span> <span class='ocrx_word' id='word_1_41' title='bbox 372 765 444 839; x_wconf 64' lang='grc' dir='ltr'>ιιι,</span> <span class='ocrx_word' id='word_1_42' title='bbox 459 764 500 823; x_wconf 71' lang='grc' dir='ltr'>αι</span> <span class='ocrx_word' id='word_1_43' title='bbox 513 767 560 824; x_wconf 67' lang='grc' dir='ltr'><strong>σοι</strong></span> <span class='ocrx_word' id='word_1_44' title='bbox 573 763 661 841; x_wconf 44' lang='lat' dir='ltr'><strong>utta</strong></span> <span class='ocrx_word' id='word_1_45' title='bbox 678 763 722 824; x_wconf 68' lang='grc' dir='ltr'>ινα</span> <span class='ocrx_word' id='word_1_46' title='bbox 776 760 952 823; x_wconf 71' lang='lat' dir='ltr'><strong>insidiosam</strong></span> <span class='ocrx_word' id='word_1_47' title='bbox 964 764 1053 856; x_wconf 51' lang='lat' dir='ltr'><strong>requi,</strong></span> <span class='ocrx_word' id='word_1_48' title='bbox 1070 766 1118 825; x_wconf 70' lang='lat' dir='ltr'><strong>sea</strong></span> <span class='ocrx_word' id='word_1_49' title='bbox 1132 780 1163 824; x_wconf 79' lang='grc' dir='ltr'>ω</span> <span class='ocrx_word' id='word_1_50' title='bbox 1178 765 1292 826; x_wconf 69' lang='lat' dir='ltr'><strong>instans</strong></span> <span class='ocrx_word' id='word_1_51' title='bbox 1314 769 1451 847; x_wconf 65' lang='lat' dir='ltr'><strong>effugeret,</strong></span> <span class='ocrx_word' id='word_1_52' title='bbox 1468 768 1520 849; x_wconf 72' lang='lat' dir='ltr'><strong>ipe</strong></span> 
     </span>
     <span class='ocr_line' id='line_1_5' title="bbox 61 842 1519 927; baseline 0 -20"><span class='ocrx_word' id='word_1_53' title='bbox 61 847 139 927; x_wconf 77' lang='grc' dir='ltr'>τόση,</span> <span class='ocrx_word' id='word_1_54' title='bbox 165 847 223 904; x_wconf 80' lang='grc' dir='ltr'>ἀλλ’</span> <span class='ocrx_word' id='word_1_55' title='bbox 245 843 288 904; x_wconf 86' lang='grc' dir='ltr'>ίνα</span> <span class='ocrx_word' id='word_1_56' title='bbox 308 844 450 915; x_wconf 81' lang='grc' dir='ltr'>ἐπιόουλήν</span> <span class='ocrx_word' id='word_1_57' title='bbox 472 842 556 924; x_wconf 81' lang='grc' dir='ltr'>φάγῃ,</span> <span class='ocrx_word' id='word_1_58' title='bbox 575 843 688 922; x_wconf 77' lang='grc' dir='ltr'>συνέγνω</span> <span class='ocrx_word' id='word_1_59' title='bbox 708 847 722 902; x_wconf 88' lang='grc' dir='ltr'>ὁ</span> <span class='ocrx_word' id='word_1_60' title='bbox 775 843 902 921; x_wconf 83' lang='lat' dir='ltr'>pepercit.</span> <span class='ocrx_word' id='word_1_61' title='bbox 919 843 965 902; x_wconf 84' lang='lat' dir='ltr'><strong>Sic</strong></span> <span class='ocrx_word' id='word_1_62' title='bbox 978 844 999 902; x_wconf 91' lang='lat' dir='ltr'><strong>si</strong></span> <span class='ocrx_word' id='word_1_63' title='bbox 1015 845 1075 922; x_wconf 87' lang='lat' dir='ltr'><strong>quis</strong></span> <span class='ocrx_word' id='word_1_64' title='bbox 1086 845 1211 904; x_wconf 79' lang='lat' dir='ltr'><strong>amicitie</strong></span> <span class='ocrx_word' id='word_1_65' title='bbox 1223 847 1306 905; x_wconf 89' lang='lat' dir='ltr'><strong>verba</strong></span> <span class='ocrx_word' id='word_1_66' title='bbox 1319 848 1451 927; x_wconf 78' lang='lat' dir='ltr'><strong>proferat,</strong></span> <span class='ocrx_word' id='word_1_67' title='bbox 1466 869 1519 907; x_wconf 88' lang='lat' dir='ltr'><strong>non</strong></span> 
     </span>
     <span class='ocr_line' id='line_1_6' title="bbox 61 921 1519 1004; baseline 0.002 -19"><span class='ocrx_word' id='word_1_68' title='bbox 61 925 120 985; x_wconf 73' lang='grc' dir='ltr'>ιθτω</span> <span class='ocrx_word' id='word_1_69' title='bbox 137 950 178 993; x_wconf 87' lang='grc' dir='ltr'><strong>τις</strong></span> <span class='ocrx_word' id='word_1_70' title='bbox 189 924 234 986; x_wconf 66' lang='lat' dir='ltr'><strong>tte</strong></span> <span class='ocrx_word' id='word_1_71' title='bbox 248 923 336 1004; x_wconf 82' lang='grc' dir='ltr'>φιλίας</span> <span class='ocrx_word' id='word_1_72' title='bbox 349 923 461 1004; x_wconf 86' lang='grc' dir='ltr'>προσενέ</span> <span class='ocrx_word' id='word_1_73' title='bbox 495 947 512 1003; x_wconf 80' lang='grc' dir='ltr'><strong>ῃ</strong></span> <span class='ocrx_word' id='word_1_74' title='bbox 538 923 722 1004; x_wconf 80' lang='grc' dir='ltr'>ρήματα,οιίχ</span> <span class='ocrx_word' id='word_1_75' title='bbox 775 941 809 979; x_wconf 84' lang='lat' dir='ltr'><strong>ex</strong></span> <span class='ocrx_word' id='word_1_76' title='bbox 823 921 902 999; x_wconf 91' lang='lat' dir='ltr'><strong>dolo,</strong></span> <span class='ocrx_word' id='word_1_77' title='bbox 920 922 969 982; x_wconf 90' lang='lat' dir='ltr'><strong>sed</strong></span> <span class='ocrx_word' id='word_1_78' title='bbox 990 937 1020 981; x_wconf 90' lang='lat' dir='ltr'><strong>ut</strong></span> <span class='ocrx_word' id='word_1_79' title='bbox 1039 923 1133 984; x_wconf 90' lang='lat' dir='ltr'><strong>dolum</strong></span> <span class='ocrx_word' id='word_1_80' title='bbox 1150 925 1276 1004; x_wconf 74' lang='lat' dir='ltr'>effugiat,</span> <span class='ocrx_word' id='word_1_81' title='bbox 1291 928 1364 986; x_wconf 88' lang='lat' dir='ltr'><strong>Deus</strong></span> <span class='ocrx_word' id='word_1_82' title='bbox 1387 948 1438 985; x_wconf 90' lang='lat' dir='ltr'><strong>non</strong></span> <span class='ocrx_word' id='word_1_83' title='bbox 1459 927 1519 988; x_wconf 89' lang='lat' dir='ltr'><strong>ideo</strong></span> 
     </span>
     <span class='ocr_line' id='line_1_7' title="bbox 61 999 1667 1084; baseline -0.001 -21"><span class='ocrx_word' id='word_1_84' title='bbox 61 1005 196 1077; x_wconf 86' lang='grc' dir='ltr'>ιεόσηται,</span> <span class='ocrx_word' id='word_1_85' title='bbox 219 1005 278 1063; x_wconf 74' lang='grc' dir='ltr'>ἀλλ’</span> <span class='ocrx_word' id='word_1_86' title='bbox 305 1003 347 1063; x_wconf 83' lang='grc' dir='ltr'>ίνα</span> <span class='ocrx_word' id='word_1_87' title='bbox 368 1007 413 1063; x_wconf 86' lang='grc' dir='ltr'>τὸν</span> <span class='ocrx_word' id='word_1_88' title='bbox 437 1004 466 1063; x_wconf 90' lang='grc' dir='ltr'><strong>δο</strong></span> <span class='ocrx_word' id='word_1_89' title='bbox 484 1027 512 1062; x_wconf 92' lang='grc' dir='ltr'><strong>ον</strong></span> <span class='ocrx_word' id='word_1_90' title='bbox 535 1001 650 1083; x_wconf 80' lang='grc' dir='ltr'>ίκφάγη,</span> <span class='ocrx_word' id='word_1_91' title='bbox 673 1005 721 1061; x_wconf 81' lang='grc' dir='ltr'><strong>οὐκ</strong></span> <span class='ocrx_word' id='word_1_92' title='bbox 774 999 1018 1083; x_wconf 76' lang='lat' dir='ltr'><strong>indignaturtipse</strong></span> <span class='ocrx_word' id='word_1_93' title='bbox 1028 1024 1143 1083; x_wconf 89' lang='lat' dir='ltr'><strong>namque</strong></span> <span class='ocrx_word' id='word_1_94' title='bbox 1154 1006 1211 1084; x_wconf 89' lang='lat' dir='ltr'><strong>ejus</strong></span> <span class='ocrx_word' id='word_1_95' title='bbox 1221 1004 1380 1064; x_wconf 88' lang='lat' dir='ltr'><strong>doctorest:</strong></span> <span class='ocrx_word' id='word_1_96' title='bbox 1395 1009 1519 1066; x_wconf 79' lang='lat' dir='ltr'><strong><em>Verbum</em></strong></span> <span class='ocrx_word' id='word_1_97' title='bbox 1530 1014 1667 1061; x_wconf 64' lang='lat' dir='ltr'><strong>Pronuba.</strong></span> 
     </span>
     <span class='ocr_line' id='line_1_8' title="bbox 61 1080 1519 1164; baseline 0.002 -21"><span class='ocrx_word' id='word_1_98' title='bbox 61 1094 92 1143; x_wconf 72' lang='grc' dir='ltr'><strong>πῖ</strong></span> <span class='ocrx_word' id='word_1_99' title='bbox 109 1088 123 1142; x_wconf 89' lang='grc' dir='ltr'>θ</span> <span class='ocrx_word' id='word_1_100' title='bbox 137 1082 217 1150; x_wconf 88' lang='grc' dir='ltr'>Θεός·</span> <span class='ocrx_word' id='word_1_101' title='bbox 233 1086 314 1143; x_wconf 79' lang='grc' dir='ltr'>αὐτοῦ</span> <span class='ocrx_word' id='word_1_102' title='bbox 328 1084 380 1163; x_wconf 82' lang='grc' dir='ltr'><strong>γάρ</strong></span> <span class='ocrx_word' id='word_1_103' title='bbox 400 1085 457 1141; x_wconf 79' lang='grc' dir='ltr'>ἐστι</span> <span class='ocrx_word' id='word_1_104' title='bbox 479 1080 650 1150; x_wconf 85' lang='grc' dir='ltr'>διδάσκαλος·</span> <span class='ocrx_word' id='word_1_105' title='bbox 664 1081 720 1141; x_wconf 75' lang='lat' dir='ltr'><strong>At·</strong></span> <span class='ocrx_word' id='word_1_106' title='bbox 775 1083 950 1141; x_wconf 84' lang='lat' dir='ltr'><strong>submissum</strong></span> <span class='ocrx_word' id='word_1_107' title='bbox 960 1088 1066 1142; x_wconf 78' lang='lat' dir='ltr'><strong>avertit</strong></span> <span class='ocrx_word' id='word_1_108' title='bbox 1079 1088 1165 1142; x_wconf 84' lang='lat' dir='ltr'><strong>iram.</strong></span> <span class='ocrx_word' id='word_1_109' title='bbox 1179 1085 1250 1142; x_wconf 90' lang='lat' dir='ltr'><strong>Cum</strong></span> <span class='ocrx_word' id='word_1_110' title='bbox 1258 1086 1333 1164; x_wconf 85' lang='lat' dir='ltr'><strong>jam,</strong></span> <span class='ocrx_word' id='word_1_111' title='bbox 1345 1085 1446 1164; x_wconf 88' lang='lat' dir='ltr'><strong>inquit,</strong></span> <span class='ocrx_word' id='word_1_112' title='bbox 1460 1085 1519 1146; x_wconf 91' lang='lat' dir='ltr'><strong>dia·</strong></span> 
     </span>
     <span class='ocr_line' id='line_1_9' title="bbox 61 1151 1519 1245; baseline 0.001 -22"><span class='ocrx_word' id='word_1_113' title='bbox 61 1162 163 1223; x_wconf 88' lang='grc' dir='ltr'>πίπτων</span> <span class='ocrx_word' id='word_1_114' title='bbox 187 1163 345 1245; x_wconf 76' lang='grc' dir='ltr'>ἀποστρέφει</span> <span class='ocrx_word' id='word_1_115' title='bbox 365 1162 455 1243; x_wconf 77' lang='grc' dir='ltr'>ὀργήν.</span> <span class='ocrx_word' id='word_1_116' title='bbox 470 1159 541 1234; x_wconf 86' lang='grc' dir='ltr'><strong>Ἤδη</strong></span> <span class='ocrx_word' id='word_1_117' title='bbox 564 1151 618 1234; x_wconf 72' lang='grc' dir='ltr'>οὖν,</span> <span class='ocrx_word' id='word_1_118' title='bbox 639 1159 719 1242; x_wconf 82' lang='grc' dir='ltr'>ρησλ,</span> <span class='ocrx_word' id='word_1_119' title='bbox 774 1158 853 1218; x_wconf 89' lang='lat' dir='ltr'><strong>bolus</strong></span> <span class='ocrx_word' id='word_1_120' title='bbox 875 1158 1029 1221; x_wconf 83' lang='lat' dir='ltr'><strong>immisisset</strong></span> <span class='ocrx_word' id='word_1_121' title='bbox 1052 1162 1080 1221; x_wconf 92' lang='lat' dir='ltr'><strong>in</strong></span> <span class='ocrx_word' id='word_1_122' title='bbox 1105 1184 1151 1222; x_wconf 88' lang='lat' dir='ltr'><strong>cor</strong></span> <span class='ocrx_word' id='word_1_123' title='bbox 1173 1161 1271 1240; x_wconf 77' lang='lat' dir='ltr'><strong>luda,</strong></span> <span class='ocrx_word' id='word_1_124' title='bbox 1296 1177 1326 1222; x_wconf 91' lang='lat' dir='ltr'><strong>ut</strong></span> <span class='ocrx_word' id='word_1_125' title='bbox 1350 1167 1519 1225; x_wconf 86' lang='lat' dir='ltr'><strong>Servatorem</strong></span> 
     </span>
     <span class='ocr_line' id='line_1_10' title="bbox 61 1237 1519 1325; baseline 0.001 -23"><span class='ocrx_word' id='word_1_126' title='bbox 61 1242 130 1302; x_wconf 69' lang='lat' dir='ltr'><strong>idion</strong></span> <span class='ocrx_word' id='word_1_127' title='bbox 146 1242 304 1321; x_wconf 74' lang='grc' dir='ltr'>βεόληκότσς</span> <span class='ocrx_word' id='word_1_128' title='bbox 317 1246 353 1309; x_wconf 81' lang='grc' dir='ltr'><strong>εἰς</strong></span> <span class='ocrx_word' id='word_1_129' title='bbox 374 1239 422 1312; x_wconf 68' lang='grc' dir='ltr'>τὴν</span> <span class='ocrx_word' id='word_1_130' title='bbox 444 1239 554 1321; x_wconf 80' lang='grc' dir='ltr'>καρδίαν</span> <span class='ocrx_word' id='word_1_131' title='bbox 569 1238 654 1299; x_wconf 88' lang='grc' dir='ltr'>Ἰοόδα</span> <span class='ocrx_word' id='word_1_132' title='bbox 667 1264 720 1299; x_wconf 85' lang='grc' dir='ltr'>πα·</span> <span class='ocrx_word' id='word_1_133' title='bbox 773 1237 914 1318; x_wconf 77' lang='lat' dir='ltr'><strong>proderet,</strong></span> <span class='ocrx_word' id='word_1_134' title='bbox 928 1241 1057 1300; x_wconf 85' lang='lat' dir='ltr'><strong>Servatur</strong></span> <span class='ocrx_word' id='word_1_135' title='bbox 1069 1242 1232 1323; x_wconf 80' lang='lat' dir='ltr'><strong>benignitate</strong></span> <span class='ocrx_word' id='word_1_136' title='bbox 1247 1243 1341 1301; x_wconf 89' lang='lat' dir='ltr'><strong>volens</strong></span> <span class='ocrx_word' id='word_1_137' title='bbox 1356 1245 1413 1324; x_wconf 87' lang='lat' dir='ltr'><strong>ejus</strong></span> <span class='ocrx_word' id='word_1_138' title='bbox 1430 1246 1519 1325; x_wconf 89' lang='lat' dir='ltr'><strong>ingra-</strong></span> 
     </span>
     <span class='ocr_line' id='line_1_11' title="bbox 61 1318 1520 1403; baseline 0.002 -23"><span class='ocrx_word' id='word_1_139' title='bbox 61 1347 73 1381; x_wconf 92' lang='grc' dir='ltr'>ι</span> <span class='ocrx_word' id='word_1_140' title='bbox 86 1322 129 1381; x_wconf 91' lang='grc' dir='ltr'>τδν</span> <span class='ocrx_word' id='word_1_141' title='bbox 146 1323 225 1392; x_wconf 75' lang='grc' dir='ltr'><strong>Σωιῆ</strong></span> <span class='ocrx_word' id='word_1_142' title='bbox 244 1326 302 1394; x_wconf 87' lang='grc' dir='ltr'>α,θ</span> <span class='ocrx_word' id='word_1_143' title='bbox 320 1319 418 1402; x_wconf 73' lang='grc' dir='ltr'>Σωτὴρ</span> <span class='ocrx_word' id='word_1_144' title='bbox 442 1323 550 1391; x_wconf 82' lang='grc' dir='ltr'>νικῆσαι</span> <span class='ocrx_word' id='word_1_145' title='bbox 574 1318 654 1379; x_wconf 87' lang='grc' dir='ltr'>θέλων</span> <span class='ocrx_word' id='word_1_146' title='bbox 670 1319 719 1392; x_wconf 76' lang='grc' dir='ltr'>τὴν</span> <span class='ocrx_word' id='word_1_147' title='bbox 774 1329 833 1376; x_wconf 88' lang='lat' dir='ltr'><strong>tum</strong></span> <span class='ocrx_word' id='word_1_148' title='bbox 855 1319 976 1379; x_wconf 89' lang='lat' dir='ltr'><strong>animum</strong></span> <span class='ocrx_word' id='word_1_149' title='bbox 992 1320 1110 1399; x_wconf 82' lang='lat' dir='ltr'><strong>vincere,</strong></span> <span class='ocrx_word' id='word_1_150' title='bbox 1129 1335 1156 1381; x_wconf 90' lang='lat' dir='ltr'><strong>et</strong></span> <span class='ocrx_word' id='word_1_151' title='bbox 1170 1322 1374 1381; x_wconf 87' lang='lat' dir='ltr'><strong>mansuetudine</strong></span> <span class='ocrx_word' id='word_1_152' title='bbox 1393 1344 1520 1403; x_wconf 86' lang='lat' dir='ltr'><strong>arrogan-</strong></span> 
     </span>
     <span class='ocr_line' id='line_1_12' title="bbox 61 1343 1519 1483; baseline 0.003 -26"><span class='ocrx_word' id='word_1_153' title='bbox 61 1400 182 1481; x_wconf 79' lang='grc' dir='ltr'>τάνηντῇ</span> <span class='ocrx_word' id='word_1_154' title='bbox 200 1343 396 1483; x_wconf 43' lang='grc' dir='ltr'>φιλανθρωπίᾳ,</span> <span class='ocrx_word' id='word_1_155' title='bbox 410 1399 502 1480; x_wconf 71' lang='grc' dir='ltr'>καλιῇ</span> <span class='ocrx_word' id='word_1_156' title='bbox 523 1398 651 1479; x_wconf 69' lang='grc' dir='ltr'>ἐπιεικείᾳ</span> <span class='ocrx_word' id='word_1_157' title='bbox 671 1397 719 1472; x_wconf 68' lang='lat' dir='ltr'><strong>riv</strong></span> <span class='ocrx_word' id='word_1_158' title='bbox 774 1397 841 1456; x_wconf 86' lang='lat' dir='ltr'><strong>tiam</strong></span> <span class='ocrx_word' id='word_1_159' title='bbox 860 1399 974 1473; x_wconf 88' lang='lat' dir='ltr'><strong>solvere,</strong></span> <span class='ocrx_word' id='word_1_160' title='bbox 991 1401 1048 1479; x_wconf 84' lang='lat' dir='ltr'><strong>ejus</strong></span> <span class='ocrx_word' id='word_1_161' title='bbox 1068 1401 1149 1482; x_wconf 86' lang='lat' dir='ltr'><strong>pedes</strong></span> <span class='ocrx_word' id='word_1_162' title='bbox 1172 1402 1249 1460; x_wconf 85' lang='lat' dir='ltr'><strong>lavit.</strong></span> <span class='ocrx_word' id='word_1_163' title='bbox 1264 1401 1323 1481; x_wconf 88' lang='lat' dir='ltr'><strong>Ego</strong></span> <span class='ocrx_word' id='word_1_164' title='bbox 1342 1423 1395 1461; x_wconf 92' lang='lat' dir='ltr'><strong>non</strong></span> <span class='ocrx_word' id='word_1_165' title='bbox 1415 1418 1519 1462; x_wconf 89' lang='lat' dir='ltr'><strong>tantum</strong></span> 
     </span>
     <span class='ocr_line' id='line_1_13' title="bbox 61 1476 1519 1562; baseline 0.001 -23"><span class='ocrx_word' id='word_1_166' title='bbox 61 1479 101 1539; x_wconf 88' lang='grc' dir='ltr'>ίαν</span> <span class='ocrx_word' id='word_1_167' title='bbox 114 1481 208 1553; x_wconf 82' lang='grc' dir='ltr'>λῦσαι,</span> <span class='ocrx_word' id='word_1_168' title='bbox 222 1478 307 1561; x_wconf 85' lang='grc' dir='ltr'>ἔνιψεν</span> <span class='ocrx_word' id='word_1_169' title='bbox 327 1483 406 1539; x_wconf 80' lang='grc' dir='ltr'>αὐτοῦ</span> <span class='ocrx_word' id='word_1_170' title='bbox 420 1477 480 1546; x_wconf 85' lang='grc' dir='ltr'>τσθς</span> <span class='ocrx_word' id='word_1_171' title='bbox 494 1478 589 1547; x_wconf 81' lang='grc' dir='ltr'>πόδας.</span> <span class='ocrx_word' id='word_1_172' title='bbox 603 1476 676 1556; x_wconf 83' lang='grc' dir='ltr'><strong>Ἐγὼ</strong></span> <span class='ocrx_word' id='word_1_173' title='bbox 689 1480 719 1539; x_wconf 83' lang='grc' dir='ltr'><strong>οὐ</strong></span> <span class='ocrx_word' id='word_1_174' title='bbox 774 1476 859 1535; x_wconf 90' lang='lat' dir='ltr'><strong>miror</strong></span> <span class='ocrx_word' id='word_1_175' title='bbox 869 1479 1072 1539; x_wconf 90' lang='lat' dir='ltr'><strong>Dominumsua</strong></span> <span class='ocrx_word' id='word_1_176' title='bbox 1083 1495 1253 1562; x_wconf 85' lang='lat' dir='ltr'><strong>praestantem</strong></span> <span class='ocrx_word' id='word_1_177' title='bbox 1263 1486 1343 1560; x_wconf 90' lang='lat' dir='ltr'><strong>(opus</strong></span> <span class='ocrx_word' id='word_1_178' title='bbox 1352 1483 1423 1541; x_wconf 90' lang='lat' dir='ltr'><strong>enim</strong></span> <span class='ocrx_word' id='word_1_179' title='bbox 1433 1483 1519 1562; x_wconf 92' lang='lat' dir='ltr'><strong>ipsius</strong></span> 
     </span>
     <span class='ocr_line' id='line_1_14' title="bbox 61 1556 1516 1639; baseline 0.001 -21"><span class='ocrx_word' id='word_1_180' title='bbox 61 1584 70 1618; x_wconf 86' lang='grc' dir='ltr'>ν</span> <span class='ocrx_word' id='word_1_181' title='bbox 94 1558 221 1636; x_wconf 78' lang='grc' dir='ltr'>θαυμάζω</span> <span class='ocrx_word' id='word_1_182' title='bbox 234 1560 278 1618; x_wconf 88' lang='grc' dir='ltr'>τθν</span> <span class='ocrx_word' id='word_1_183' title='bbox 298 1560 436 1632; x_wconf 75' lang='grc' dir='ltr'>Δισπόπην</span> <span class='ocrx_word' id='word_1_184' title='bbox 460 1556 494 1617; x_wconf 89' lang='grc' dir='ltr'><strong>τθι</strong></span> <span class='ocrx_word' id='word_1_185' title='bbox 517 1559 572 1618; x_wconf 86' lang='grc' dir='ltr'>ίδια</span> <span class='ocrx_word' id='word_1_186' title='bbox 597 1564 720 1617; x_wconf 80' lang='grc' dir='ltr'>ποιοῦντα</span> <span class='ocrx_word' id='word_1_187' title='bbox 775 1556 952 1617; x_wconf 80' lang='lat' dir='ltr'><strong>mansuetudo</strong></span> <span class='ocrx_word' id='word_1_188' title='bbox 965 1565 1041 1635; x_wconf 85' lang='lat' dir='ltr'><strong>erat),</strong></span> <span class='ocrx_word' id='word_1_189' title='bbox 1059 1574 1191 1639; x_wconf 86' lang='lat' dir='ltr'><strong>quantum</strong></span> <span class='ocrx_word' id='word_1_190' title='bbox 1210 1560 1288 1619; x_wconf 91' lang='lat' dir='ltr'><strong>illum</strong></span> <span class='ocrx_word' id='word_1_191' title='bbox 1310 1559 1372 1619; x_wconf 91' lang='lat' dir='ltr'><strong>dolo</strong></span> <span class='ocrx_word' id='word_1_192' title='bbox 1415 1562 1516 1620; x_wconf 86' lang='lat' dir='ltr'><strong>lenum.</strong></span> 
     </span>
     <span class='ocr_line' id='line_1_15' title="bbox 61 1583 1518 1776; baseline 0.002 -80"><span class='ocrx_word' id='word_1_193' title='bbox 61 1631 149 1776; x_wconf 59' lang='grc' dir='ltr'>γθρῑῆν</span> <span class='ocrx_word' id='word_1_194' title='bbox 161 1642 240 1698; x_wconf 79' lang='grc' dir='ltr'>αὐτοῦ</span> <span class='ocrx_word' id='word_1_195' title='bbox 254 1643 271 1711; x_wconf 83' lang='grc' dir='ltr'>ἡ</span> <span class='ocrx_word' id='word_1_196' title='bbox 286 1639 445 1714; x_wconf 81' lang='grc' dir='ltr'>ἐπιείκεια),</span> <span class='ocrx_word' id='word_1_197' title='bbox 461 1638 521 1699; x_wconf 77' lang='grc' dir='ltr'>ὅσον</span> <span class='ocrx_word' id='word_1_198' title='bbox 533 1640 630 1697; x_wconf 78' lang='grc' dir='ltr'>ἐκεῖνον</span> <span class='ocrx_word' id='word_1_199' title='bbox 644 1636 720 1697; x_wconf 87' lang='grc' dir='ltr'>δολου</span> <span class='ocrx_word' id='word_1_200' title='bbox 776 1635 837 1706; x_wconf 89' lang='lat' dir='ltr'><strong>Quo</strong></span> <span class='ocrx_word' id='word_1_201' title='bbox 859 1637 959 1729; x_wconf 42' lang='lat' dir='ltr'><strong>animo·</strong></span> <span class='ocrx_word' id='word_1_202' title='bbox 968 1637 1049 1720; x_wconf 88' lang='lat' dir='ltr'><strong>pedes</strong></span> <span class='ocrx_word' id='word_1_203' title='bbox 1069 1639 1189 1700; x_wconf 76' lang='lat' dir='ltr'><strong>obtulit?</strong></span> <span class='ocrx_word' id='word_1_204' title='bbox 1209 1639 1343 1718; x_wconf 88' lang='lat' dir='ltr'><strong>quomodo</strong></span> <span class='ocrx_word' id='word_1_205' title='bbox 1367 1583 1437 1700; x_wconf 77' lang='lat' dir='ltr'><strong>vidit</strong></span> <span class='ocrx_word' id='word_1_206' title='bbox 1458 1662 1518 1699; x_wconf 91' lang='lat' dir='ltr'><strong>san-</strong></span> 
     </span>
    </p>
   </div>
   <div class='ocr_carea' id='block_1_3' title="bbox 61 1716 1519 1953">
    <p class='ocr_par' dir='ltr' id='par_1_3' title="bbox 61 1716 1519 1953">
     <span class='ocr_line' id='line_1_16' title="bbox 123 1716 1519 1800; baseline 0.002 -24"><span class='ocrx_word' id='word_1_207' title='bbox 123 1716 166 1777; x_wconf 87' lang='grc' dir='ltr'>οία</span> <span class='ocrx_word' id='word_1_208' title='bbox 189 1717 285 1798; x_wconf 73' lang='grc' dir='ltr'>καρδία</span> <span class='ocrx_word' id='word_1_209' title='bbox 308 1719 442 1799; x_wconf 75' lang='grc' dir='ltr'>προέτεινε</span> <span class='ocrx_word' id='word_1_210' title='bbox 463 1717 523 1784; x_wconf 76' lang='grc' dir='ltr'>τοὺς</span> <span class='ocrx_word' id='word_1_211' title='bbox 541 1718 639 1789; x_wconf 81' lang='grc' dir='ltr'>πόδας;</span> <span class='ocrx_word' id='word_1_212' title='bbox 665 1719 722 1783; x_wconf 89' lang='grc' dir='ltr'><strong>πῶς</strong></span> <span class='ocrx_word' id='word_1_213' title='bbox 776 1728 831 1773; x_wconf 85' lang='lat' dir='ltr'><strong>ctas</strong></span> <span class='ocrx_word' id='word_1_214' title='bbox 848 1717 960 1776; x_wconf 81' lang='lat' dir='ltr'><strong>Domini</strong></span> <span class='ocrx_word' id='word_1_215' title='bbox 975 1738 1071 1777; x_wconf 90' lang='lat' dir='ltr'><strong>manus</strong></span> <span class='ocrx_word' id='word_1_216' title='bbox 1090 1720 1159 1779; x_wconf 88' lang='lat' dir='ltr'><strong>circa</strong></span> <span class='ocrx_word' id='word_1_217' title='bbox 1179 1718 1261 1800; x_wconf 90' lang='lat' dir='ltr'><strong>pedes</strong></span> <span class='ocrx_word' id='word_1_218' title='bbox 1282 1740 1344 1778; x_wconf 89' lang='lat' dir='ltr'><strong>suos</strong></span> <span class='ocrx_word' id='word_1_219' title='bbox 1362 1722 1519 1797; x_wconf 70' lang='lat' dir='ltr'><strong>versantes?</strong></span> 
     </span>
     <span class='ocr_line' id='line_1_17' title="bbox 61 1780 1518 1953; baseline 0.001 -97"><span class='ocrx_word' id='word_1_220' title='bbox 61 1795 105 1865; x_wconf 79' lang='grc' dir='ltr'>τὰς</span> <span class='ocrx_word' id='word_1_221' title='bbox 117 1780 194 1875; x_wconf 86' lang='grc' dir='ltr'>ἁγίας</span> <span class='ocrx_word' id='word_1_222' title='bbox 195 1807 296 1953; x_wconf 48' lang='grc' dir='ltr'><strong>μψρῖρας</strong></span> <span class='ocrx_word' id='word_1_223' title='bbox 310 1805 356 1857; x_wconf 84' lang='grc' dir='ltr'>τοῦ</span> <span class='ocrx_word' id='word_1_224' title='bbox 370 1797 505 1858; x_wconf 85' lang='grc' dir='ltr'>Δεσπότου</span> <span class='ocrx_word' id='word_1_225' title='bbox 523 1798 584 1879; x_wconf 77' lang='grc' dir='ltr'>περὶ</span> <span class='ocrx_word' id='word_1_226' title='bbox 600 1796 660 1863; x_wconf 76' lang='lat' dir='ltr'><strong>rebe</strong></span> <span class='ocrx_word' id='word_1_227' title='bbox 672 1799 721 1856; x_wconf 90' lang='grc' dir='ltr'><strong>πό·</strong></span> <span class='ocrx_word' id='word_1_228' title='bbox 776 1795 972 1872; x_wconf 90' lang='lat' dir='ltr'><strong>quomodonon</strong></span> <span class='ocrx_word' id='word_1_229' title='bbox 983 1797 1285 1936; x_wconf 61' lang='lat' dir='ltr'><strong>obtogpuitiquomodo</strong></span> <span class='ocrx_word' id='word_1_230' title='bbox 1294 1819 1346 1857; x_wconf 90' lang='lat' dir='ltr'><strong>non</strong></span> <span class='ocrx_word' id='word_1_231' title='bbox 1358 1799 1518 1858; x_wconf 76' lang='lat' dir='ltr'><strong>exhorruit?</strong></span> 
     </span>
    </p>
   </div>
   <div class='ocr_carea' id='block_1_4' title="bbox 61 1877 1668 4670">
    <p class='ocr_par' dir='ltr' id='par_1_4' title="bbox 61 1877 1517 1957">
     <span class='ocr_line' id='line_1_18' title="bbox 61 1877 1517 1957; baseline 0.001 -21"><span class='ocrx_word' id='word_1_232' title='bbox 61 1882 159 1953; x_wconf 76' lang='grc' dir='ltr'>ῶστρε</span> <span class='ocrx_word' id='word_1_233' title='bbox 244 1900 290 1953; x_wconf 67' lang='grc' dir='ltr'>ας,</span> <span class='ocrx_word' id='word_1_234' title='bbox 308 1881 365 1946; x_wconf 89' lang='grc' dir='ltr'><strong>πῶς</strong></span> <span class='ocrx_word' id='word_1_235' title='bbox 382 1879 430 1937; x_wconf 82' lang='grc' dir='ltr'><strong>οὐκ</strong></span> <span class='ocrx_word' id='word_1_236' title='bbox 445 1877 590 1956; x_wconf 72' lang='grc' dir='ltr'>ένάρκησε,</span> <span class='ocrx_word' id='word_1_237' title='bbox 603 1881 660 1942; x_wconf 84' lang='grc' dir='ltr'><strong>πῶς</strong></span> <span class='ocrx_word' id='word_1_238' title='bbox 673 1877 721 1937; x_wconf 81' lang='grc' dir='ltr'><strong>οὐκ</strong></span> <span class='ocrx_word' id='word_1_239' title='bbox 739 1879 899 1936; x_wconf 82' lang='lat' dir='ltr'><strong>C&#39;Attamen</strong></span> <span class='ocrx_word' id='word_1_240' title='bbox 914 1877 1050 1936; x_wconf 79' lang='lat' dir='ltr'><strong>clementi</strong></span> <span class='ocrx_word' id='word_1_241' title='bbox 1073 1900 1088 1937; x_wconf 91' lang='lat' dir='ltr'><strong>a</strong></span> <span class='ocrx_word' id='word_1_242' title='bbox 1102 1891 1196 1937; x_wconf 91' lang='lat' dir='ltr'><strong>natura</strong></span> <span class='ocrx_word' id='word_1_243' title='bbox 1212 1878 1263 1936; x_wconf 87' lang='lat' dir='ltr'><strong>sert</strong></span> <span class='ocrx_word' id='word_1_244' title='bbox 1274 1879 1414 1957; x_wconf 82' lang='lat' dir='ltr'><strong>patienter.</strong></span> <span class='ocrx_word' id='word_1_245' title='bbox 1429 1878 1517 1939; x_wconf 87' lang='lat' dir='ltr'><strong>Vide-</strong></span> 
     </span>
    </p>

    <p class='ocr_par' dir='ltr' id='par_1_5' title="bbox 76 1901 1519 2038">
     <span class='ocr_line' id='line_1_19' title="bbox 76 1901 1519 2038; baseline 0 -21"><span class='ocrx_word' id='word_1_246' title='bbox 76 1955 147 2017; x_wconf 75' lang='grc' dir='ltr'>Ἀλλ’</span> <span class='ocrx_word' id='word_1_247' title='bbox 161 1901 427 2033; x_wconf 59' lang='grc' dir='ltr'>θίαωςὴάνιξίκακος</span> <span class='ocrx_word' id='word_1_248' title='bbox 445 1956 523 2037; x_wconf 83' lang='grc' dir='ltr'>ρόσις</span> <span class='ocrx_word' id='word_1_249' title='bbox 565 1961 717 2038; x_wconf 73' lang='grc' dir='ltr'>ακροθυρκῖ.</span> <span class='ocrx_word' id='word_1_250' title='bbox 776 1967 821 2012; x_wconf 90' lang='lat' dir='ltr'><strong>tur</strong></span> <span class='ocrx_word' id='word_1_251' title='bbox 834 1969 924 2014; x_wconf 90' lang='lat' dir='ltr'><strong>autem</strong></span> <span class='ocrx_word' id='word_1_252' title='bbox 941 1956 1030 2036; x_wconf 89' lang='lat' dir='ltr'><strong>ipsum</strong></span> <span class='ocrx_word' id='word_1_253' title='bbox 1051 1957 1141 2038; x_wconf 91' lang='lat' dir='ltr'><strong>primo</strong></span> <span class='ocrx_word' id='word_1_254' title='bbox 1160 1957 1267 2016; x_wconf 84' lang='lat' dir='ltr'><strong>lavisse.</strong></span> <span class='ocrx_word' id='word_1_255' title='bbox 1283 1958 1392 2030; x_wconf 78' lang='lat' dir='ltr'><strong>Quare?</strong></span> <span class='ocrx_word' id='word_1_256' title='bbox 1407 1958 1464 2017; x_wconf 90' lang='lat' dir='ltr'><strong>Nisi</strong></span> <span class='ocrx_word' id='word_1_257' title='bbox 1477 1960 1519 2017; x_wconf 69' lang='lat' dir='ltr'><strong>la-</strong></span> 
     </span>
    </p>

    <p class='ocr_par' dir='ltr' id='par_1_6' title="bbox 61 1980 1519 2118">
     <span class='ocr_line' id='line_1_20' title="bbox 61 1980 1519 2118; baseline 0.002 -24"><span class='ocrx_word' id='word_1_258' title='bbox 61 2059 80 2094; x_wconf 92' lang='grc' dir='ltr'><strong>ιι</strong></span> <span class='ocrx_word' id='word_1_259' title='bbox 93 2035 119 2096; x_wconf 80' lang='grc' dir='ltr'><strong>δὲ</strong></span> <span class='ocrx_word' id='word_1_260' title='bbox 134 2035 181 2094; x_wconf 82' lang='grc' dir='ltr'><strong>καλ</strong></span> <span class='ocrx_word' id='word_1_261' title='bbox 194 2039 298 2116; x_wconf 88' lang='grc' dir='ltr'>πρῶτον</span> <span class='ocrx_word' id='word_1_262' title='bbox 309 2035 387 2118; x_wconf 88' lang='grc' dir='ltr'>νίψας</span> <span class='ocrx_word' id='word_1_263' title='bbox 402 2036 488 2096; x_wconf 83' lang='grc' dir='ltr'>αὐτόν.</span> <span class='ocrx_word' id='word_1_264' title='bbox 503 1980 563 2095; x_wconf 64' lang='lat' dir='ltr'><strong>Ati</strong></span> <span class='ocrx_word' id='word_1_265' title='bbox 576 2039 616 2110; x_wconf 68' lang='grc' dir='ltr'>τίς</span> <span class='ocrx_word' id='word_1_266' title='bbox 631 2037 665 2095; x_wconf 85' lang='lat' dir='ltr'><strong>Ei</strong></span> <span class='ocrx_word' id='word_1_267' title='bbox 702 2033 719 2106; x_wconf 85' lang='grc' dir='ltr'>ὴ</span> <span class='ocrx_word' id='word_1_268' title='bbox 778 2033 859 2093; x_wconf 84' lang='lat' dir='ltr'><strong>visset</strong></span> <span class='ocrx_word' id='word_1_269' title='bbox 872 2034 952 2115; x_wconf 87' lang='lat' dir='ltr'><strong>pedes</strong></span> <span class='ocrx_word' id='word_1_270' title='bbox 967 2035 1127 2116; x_wconf 89' lang='lat' dir='ltr'><strong>proditoris,</strong></span> <span class='ocrx_word' id='word_1_271' title='bbox 1141 2036 1189 2096; x_wconf 88' lang='lat' dir='ltr'><strong>sod</strong></span> <span class='ocrx_word' id='word_1_272' title='bbox 1203 2051 1344 2117; x_wconf 86' lang='lat' dir='ltr'><strong>postquam</strong></span> <span class='ocrx_word' id='word_1_273' title='bbox 1366 2037 1433 2095; x_wconf 87' lang='lat' dir='ltr'><strong>alios</strong></span> <span class='ocrx_word' id='word_1_274' title='bbox 1446 2037 1519 2097; x_wconf 89' lang='lat' dir='ltr'><strong>lave·</strong></span> 
     </span>
    </p>

    <p class='ocr_par' dir='ltr' id='par_1_7' title="bbox 61 2059 1518 2197">
     <span class='ocr_line' id='line_1_21' title="bbox 61 2059 1518 2197; baseline 0.002 -24"><span class='ocrx_word' id='word_1_275' title='bbox 61 2114 89 2180; x_wconf 88' lang='grc' dir='ltr'><strong>θς</strong></span> <span class='ocrx_word' id='word_1_276' title='bbox 101 2112 183 2182; x_wconf 70' lang='grc' dir='ltr'>πόδας</span> <span class='ocrx_word' id='word_1_277' title='bbox 193 2121 240 2173; x_wconf 78' lang='grc' dir='ltr'>τοῦ</span> <span class='ocrx_word' id='word_1_278' title='bbox 250 2115 474 2197; x_wconf 72' lang='grc' dir='ltr'>προδότου,άλλθ</span> <span class='ocrx_word' id='word_1_279' title='bbox 491 2114 590 2175; x_wconf 88' lang='grc' dir='ltr'>νίπτυιν</span> <span class='ocrx_word' id='word_1_280' title='bbox 602 2117 655 2173; x_wconf 89' lang='grc' dir='ltr'>τῶν</span> <span class='ocrx_word' id='word_1_281' title='bbox 670 2059 721 2174; x_wconf 72' lang='lat' dir='ltr'><strong>di-</strong></span> <span class='ocrx_word' id='word_1_282' title='bbox 775 2126 828 2186; x_wconf 86' lang='lat' dir='ltr'><strong>rat,</strong></span> <span class='ocrx_word' id='word_1_283' title='bbox 844 2113 853 2171; x_wconf 94' lang='lat' dir='ltr'><strong>i</strong></span> <span class='ocrx_word' id='word_1_284' title='bbox 874 2135 934 2173; x_wconf 90' lang='lat' dir='ltr'><strong>sum</strong></span> <span class='ocrx_word' id='word_1_285' title='bbox 951 2115 1102 2194; x_wconf 86' lang='lat' dir='ltr'><strong>reliquisset</strong></span> <span class='ocrx_word' id='word_1_286' title='bbox 1111 2140 1120 2193; x_wconf 83' lang='lat'>3</span> <span class='ocrx_word' id='word_1_287' title='bbox 1137 2117 1188 2175; x_wconf 90' lang='lat' dir='ltr'><strong>boc</strong></span> <span class='ocrx_word' id='word_1_288' title='bbox 1201 2130 1271 2175; x_wconf 90' lang='lat' dir='ltr'><strong>certe</strong></span> <span class='ocrx_word' id='word_1_289' title='bbox 1284 2116 1378 2174; x_wconf 84' lang='lat' dir='ltr'><strong>suisset</strong></span> <span class='ocrx_word' id='word_1_290' title='bbox 1391 2138 1407 2174; x_wconf 94' lang='lat' dir='ltr'><strong>a</strong></span> <span class='ocrx_word' id='word_1_291' title='bbox 1421 2117 1518 2176; x_wconf 88' lang='lat' dir='ltr'><strong>Serva·</strong></span> 
     </span>
    </p>

    <p class='ocr_par' dir='ltr' id='par_1_8' title="bbox 61 2135 1517 2276">
     <span class='ocr_line' id='line_1_22' title="bbox 61 2135 1517 2276; baseline 0.001 -23"><span class='ocrx_word' id='word_1_292' title='bbox 61 2194 92 2253; x_wconf 85' lang='grc' dir='ltr'><strong>θν</strong></span> <span class='ocrx_word' id='word_1_293' title='bbox 103 2193 244 2266; x_wconf 83' lang='grc' dir='ltr'>κατελιπι,</span> <span class='ocrx_word' id='word_1_294' title='bbox 259 2205 365 2254; x_wconf 86' lang='grc' dir='ltr'>κακεῖνο</span> <span class='ocrx_word' id='word_1_295' title='bbox 378 2188 411 2269; x_wconf 70' lang='grc' dir='ltr'><strong>ἦν</strong></span> <span class='ocrx_word' id='word_1_296' title='bbox 425 2201 470 2254; x_wconf 82' lang='grc' dir='ltr'>τοῦ</span> <span class='ocrx_word' id='word_1_297' title='bbox 488 2194 624 2254; x_wconf 81' lang='grc' dir='ltr'>Δεσπάτου</span> <span class='ocrx_word' id='word_1_298' title='bbox 637 2192 720 2252; x_wconf 75' lang='grc' dir='ltr'>ἄλλό·</span> <span class='ocrx_word' id='word_1_299' title='bbox 776 2204 839 2258; x_wconf 84' lang='lat' dir='ltr'><strong>tore</strong></span> <span class='ocrx_word' id='word_1_300' title='bbox 846 2135 974 2268; x_wconf 73' lang='lat' dir='ltr'><strong>alienum,</strong></span> <span class='ocrx_word' id='word_1_301' title='bbox 985 2209 1065 2273; x_wconf 88' lang='lat' dir='ltr'><strong>atque</strong></span> <span class='ocrx_word' id='word_1_302' title='bbox 1075 2195 1139 2256; x_wconf 89' lang='lat' dir='ltr'><strong>hinc</strong></span> <span class='ocrx_word' id='word_1_303' title='bbox 1148 2195 1232 2257; x_wconf 82' lang='lat' dir='ltr'><strong>ludas</strong></span> <span class='ocrx_word' id='word_1_304' title='bbox 1245 2195 1517 2276; x_wconf 88' lang='lat' dir='ltr'><strong>ansamarripuisset:</strong></span> 
     </span>
    </p>

    <p class='ocr_par' dir='ltr' id='par_1_9' title="bbox 61 2271 1519 2356">
     <span class='ocr_line' id='line_1_23' title="bbox 61 2271 1519 2356; baseline 0.002 -24"><span class='ocrx_word' id='word_1_305' title='bbox 61 2273 91 2332; x_wconf 86' lang='grc' dir='ltr'>αλ</span> <span class='ocrx_word' id='word_1_306' title='bbox 110 2272 235 2342; x_wconf 83' lang='grc' dir='ltr'>θ’λοάδας</span> <span class='ocrx_word' id='word_1_307' title='bbox 247 2273 352 2355; x_wconf 83' lang='grc' dir='ltr'>εὔλογον</span> <span class='ocrx_word' id='word_1_308' title='bbox 375 2274 469 2335; x_wconf 74' lang='grc' dir='ltr'>έλαέεν</span> <span class='ocrx_word' id='word_1_309' title='bbox 483 2272 622 2354; x_wconf 75' lang='grc' dir='ltr'>ἀροραήν·</span> <span class='ocrx_word' id='word_1_310' title='bbox 643 2271 720 2340; x_wconf 86' lang='grc' dir='ltr'>αὐτός</span> <span class='ocrx_word' id='word_1_311' title='bbox 776 2271 837 2352; x_wconf 89' lang='lat' dir='ltr'><strong>Ipse</strong></span> <span class='ocrx_word' id='word_1_312' title='bbox 850 2293 893 2334; x_wconf 90' lang='lat' dir='ltr'><strong>me</strong></span> <span class='ocrx_word' id='word_1_313' title='bbox 903 2276 1068 2353; x_wconf 81' lang='lat' dir='ltr'><strong>segregavit,</strong></span> <span class='ocrx_word' id='word_1_314' title='bbox 1079 2275 1136 2356; x_wconf 84' lang='lat' dir='ltr'><strong>ipse</strong></span> <span class='ocrx_word' id='word_1_315' title='bbox 1143 2296 1186 2334; x_wconf 91' lang='lat' dir='ltr'><strong>me</strong></span> <span class='ocrx_word' id='word_1_316' title='bbox 1196 2275 1381 2334; x_wconf 83' lang='lat' dir='ltr'><strong>abalienavit:</strong></span> <span class='ocrx_word' id='word_1_317' title='bbox 1398 2275 1519 2335; x_wconf 90' lang='lat' dir='ltr'><strong>omnium</strong></span> 
     </span>
    </p>

    <p class='ocr_par' dir='ltr' id='par_1_10' title="bbox 62 2330 1520 2455">
     <span class='ocr_line' id='line_1_24' title="bbox 62 2330 1520 2455; baseline 0.001 -44"><span class='ocrx_word' id='word_1_318' title='bbox 62 2375 142 2455; x_wconf 87' lang='grc' dir='ltr'>ρισεν,</span> <span class='ocrx_word' id='word_1_319' title='bbox 165 2354 242 2421; x_wconf 82' lang='grc' dir='ltr'>αὐτός</span> <span class='ocrx_word' id='word_1_320' title='bbox 267 2378 300 2432; x_wconf 82' lang='grc' dir='ltr'><strong>με</strong></span> <span class='ocrx_word' id='word_1_321' title='bbox 322 2353 502 2434; x_wconf 80' lang='grc' dir='ltr'>ηλλοτρέωσε·</span> <span class='ocrx_word' id='word_1_322' title='bbox 520 2330 625 2412; x_wconf 89' lang='grc' dir='ltr'>πάντων</span> <span class='ocrx_word' id='word_1_323' title='bbox 648 2351 720 2434; x_wconf 87' lang='grc' dir='ltr'>ένιψε</span> <span class='ocrx_word' id='word_1_324' title='bbox 775 2350 857 2431; x_wconf 91' lang='lat' dir='ltr'><strong>pedes</strong></span> <span class='ocrx_word' id='word_1_325' title='bbox 869 2352 953 2429; x_wconf 81' lang='lat' dir='ltr'><strong>lavit,</strong></span> <span class='ocrx_word' id='word_1_326' title='bbox 967 2376 1009 2412; x_wconf 91' lang='lat' dir='ltr'><strong>me</strong></span> <span class='ocrx_word' id='word_1_327' title='bbox 1023 2369 1113 2413; x_wconf 85' lang='lat' dir='ltr'><strong>autem</strong></span> <span class='ocrx_word' id='word_1_328' title='bbox 1127 2353 1275 2415; x_wconf 87' lang='lat' dir='ltr'><strong>damnavit.</strong></span> <span class='ocrx_word' id='word_1_329' title='bbox 1289 2355 1351 2427; x_wconf 88' lang='lat' dir='ltr'><strong>Quo</strong></span> <span class='ocrx_word' id='word_1_330' title='bbox 1365 2354 1459 2428; x_wconf 20' lang='lat' dir='ltr'><strong>animo,</strong></span> <span class='ocrx_word' id='word_1_331' title='bbox 1471 2375 1520 2435; x_wconf 88' lang='lat' dir='ltr'><strong>po·</strong></span> 
     </span>
    </p>

    <p class='ocr_par' dir='ltr' id='par_1_11' title="bbox 61 2431 1517 2513">
     <span class='ocr_line' id='line_1_25' title="bbox 61 2431 1517 2513; baseline 0.001 -22"><span class='ocrx_word' id='word_1_332' title='bbox 61 2449 122 2503; x_wconf 83' lang='grc' dir='ltr'>οας,</span> <span class='ocrx_word' id='word_1_333' title='bbox 137 2431 185 2510; x_wconf 76' lang='grc' dir='ltr'><strong>ἐμὲ</strong></span> <span class='ocrx_word' id='word_1_334' title='bbox 204 2433 230 2492; x_wconf 74' lang='grc' dir='ltr'><strong>δὲ</strong></span> <span class='ocrx_word' id='word_1_335' title='bbox 255 2433 383 2511; x_wconf 89' lang='grc' dir='ltr'>κατέγνω.</span> <span class='ocrx_word' id='word_1_336' title='bbox 398 2434 468 2493; x_wconf 86' lang='grc' dir='ltr'>Ποία</span> <span class='ocrx_word' id='word_1_337' title='bbox 490 2437 563 2513; x_wconf 81' lang='grc' dir='ltr'>ψυχῇ</span> <span class='ocrx_word' id='word_1_338' title='bbox 587 2431 719 2511; x_wconf 76' lang='grc' dir='ltr'>ἐδυνάμην</span> <span class='ocrx_word' id='word_1_339' title='bbox 775 2443 859 2491; x_wconf 87' lang='lat' dir='ltr'><strong>teram</strong></span> <span class='ocrx_word' id='word_1_340' title='bbox 874 2452 936 2491; x_wconf 90' lang='lat' dir='ltr'><strong>cum</strong></span> <span class='ocrx_word' id='word_1_341' title='bbox 950 2432 998 2492; x_wconf 94' lang='lat' dir='ltr'><strong>illo</strong></span> <span class='ocrx_word' id='word_1_342' title='bbox 1011 2434 1087 2493; x_wconf 78' lang='lat' dir='ltr'><strong>esse?</strong></span> <span class='ocrx_word' id='word_1_343' title='bbox 1101 2432 1180 2496; x_wconf 88' lang='lat' dir='ltr'><strong>Vidit</strong></span> <span class='ocrx_word' id='word_1_344' title='bbox 1193 2435 1267 2493; x_wconf 90' lang='lat' dir='ltr'><strong>Deus</strong></span> <span class='ocrx_word' id='word_1_345' title='bbox 1279 2456 1326 2493; x_wconf 89' lang='lat' dir='ltr'><strong>cor</strong></span> <span class='ocrx_word' id='word_1_346' title='bbox 1341 2436 1517 2506; x_wconf 81' lang='lat' dir='ltr'><strong>confractum,</strong></span> 
     </span>
    </p>

    <p class='ocr_par' dir='ltr' id='par_1_12' title="bbox 62 2495 1516 2595">
     <span class='ocr_line' id='line_1_26' title="bbox 62 2495 1516 2595; baseline 0.001 -25"><span class='ocrx_word' id='word_1_347' title='bbox 62 2514 86 2570; x_wconf 84' lang='grc' dir='ltr'>τ’</span> <span class='ocrx_word' id='word_1_348' title='bbox 103 2515 195 2586; x_wconf 66' lang='grc' dir='ltr'>αὐτοῦ,</span> <span class='ocrx_word' id='word_1_349' title='bbox 208 2502 285 2573; x_wconf 61' lang='lat' dir='ltr'><strong>uitet</strong></span> <span class='ocrx_word' id='word_1_350' title='bbox 299 2517 313 2572; x_wconf 86' lang='grc' dir='ltr'>θ</span> <span class='ocrx_word' id='word_1_351' title='bbox 326 2514 394 2580; x_wconf 82' lang='grc' dir='ltr'>θεὸς</span> <span class='ocrx_word' id='word_1_352' title='bbox 404 2495 514 2595; x_wconf 83' lang='grc' dir='ltr'>καρδίαν</span> <span class='ocrx_word' id='word_1_353' title='bbox 529 2510 719 2591; x_wconf 83' lang='grc' dir='ltr'>συντετριμμέ-</span> <span class='ocrx_word' id='word_1_354' title='bbox 775 2523 802 2568; x_wconf 87' lang='lat' dir='ltr'><strong>et</strong></span> <span class='ocrx_word' id='word_1_355' title='bbox 819 2511 907 2571; x_wconf 87' lang='lat' dir='ltr'><strong>noluit</strong></span> <span class='ocrx_word' id='word_1_356' title='bbox 916 2513 976 2592; x_wconf 87' lang='lat' dir='ltr'><strong>jam</strong></span> <span class='ocrx_word' id='word_1_357' title='bbox 990 2533 1064 2573; x_wconf 84' lang='lat' dir='ltr'><strong>exse</strong></span> <span class='ocrx_word' id='word_1_358' title='bbox 1077 2514 1244 2573; x_wconf 83' lang='lat' dir='ltr'><strong>confractum</strong></span> <span class='ocrx_word' id='word_1_359' title='bbox 1263 2513 1321 2594; x_wconf 91' lang='lat' dir='ltr'><strong>ipse</strong></span> <span class='ocrx_word' id='word_1_360' title='bbox 1340 2513 1516 2592; x_wconf 83' lang='lat' dir='ltr'><strong>confringere.</strong></span> 
     </span>
    </p>

    <p class='ocr_par' dir='ltr' id='par_1_13' title="bbox 61 2588 1668 2830">
     <span class='ocr_line' id='line_1_27' title="bbox 61 2588 1668 2674; baseline 0.001 -26"><span class='ocrx_word' id='word_1_361' title='bbox 61 2635 63 2648; x_wconf 90' lang='lat'>.</span> <span class='ocrx_word' id='word_1_362' title='bbox 85 2592 133 2650; x_wconf 82' lang='grc' dir='ltr'><strong>οὐκ</strong></span> <span class='ocrx_word' id='word_1_363' title='bbox 156 2592 269 2665; x_wconf 82' lang='grc' dir='ltr'>ἠθέλησε</span> <span class='ocrx_word' id='word_1_364' title='bbox 288 2592 318 2652; x_wconf 92' lang='grc' dir='ltr'>τδ</span> <span class='ocrx_word' id='word_1_365' title='bbox 336 2595 380 2669; x_wconf 83' lang='grc' dir='ltr'><strong>ἀφ’</strong></span> <span class='ocrx_word' id='word_1_366' title='bbox 403 2597 495 2652; x_wconf 77' lang='grc' dir='ltr'>ἑαυτοῦ</span> <span class='ocrx_word' id='word_1_367' title='bbox 520 2590 719 2673; x_wconf 79' lang='grc' dir='ltr'>συντριέόμενον</span> <span class='ocrx_word' id='word_1_368' title='bbox 775 2588 808 2648; x_wconf 92' lang='lat' dir='ltr'><strong>ld</strong></span> <span class='ocrx_word' id='word_1_369' title='bbox 820 2611 885 2651; x_wconf 85' lang='lat' dir='ltr'><strong>vero</strong></span> <span class='ocrx_word' id='word_1_370' title='bbox 900 2591 1001 2651; x_wconf 88' lang='lat' dir='ltr'><strong>indicat</strong></span> <span class='ocrx_word' id='word_1_371' title='bbox 1014 2591 1084 2651; x_wconf 91' lang='lat' dir='ltr'><strong>illud</strong></span> <span class='ocrx_word' id='word_1_372' title='bbox 1099 2617 1106 2650; x_wconf 80' lang='grc' dir='ltr'>ι</span> <span class='ocrx_word' id='word_1_373' title='bbox 1122 2595 1278 2652; x_wconf 74' lang='lat' dir='ltr'><strong>Calamam</strong></span> <span class='ocrx_word' id='word_1_374' title='bbox 1289 2606 1615 2674; x_wconf 76' lang='lat' dir='ltr'><strong>conquassatumtrant.</strong></span> <span class='ocrx_word' id='word_1_375' title='bbox 1633 2620 1668 2653; x_wconf 80' lang='lat' dir='ltr'><strong>aa.</strong></span> 
     </span>
     <span class='ocr_line' id='line_1_28' title="bbox 61 2662 1567 2752; baseline 0.001 -23"><span class='ocrx_word' id='word_1_376' title='bbox 61 2669 177 2750; x_wconf 87' lang='grc' dir='ltr'>ντρίψαι.</span> <span class='ocrx_word' id='word_1_377' title='bbox 187 2671 240 2731; x_wconf 82' lang='grc' dir='ltr'>Καὶ</span> <span class='ocrx_word' id='word_1_378' title='bbox 247 2678 324 2733; x_wconf 77' lang='grc' dir='ltr'>τοῦτο</span> <span class='ocrx_word' id='word_1_379' title='bbox 330 2662 362 2744; x_wconf 65' lang='grc' dir='ltr'><strong>ἦν</strong></span> <span class='ocrx_word' id='word_1_380' title='bbox 371 2671 410 2742; x_wconf 84' lang='grc' dir='ltr'>τὸ,</span> <span class='ocrx_word' id='word_1_381' title='bbox 422 2671 549 2747; x_wconf 85' lang='grc' dir='ltr'>Κάλαμον</span> <span class='ocrx_word' id='word_1_382' title='bbox 561 2692 718 2750; x_wconf 82' lang='grc' dir='ltr'>συντετριμ-</span> <span class='ocrx_word' id='word_1_383' title='bbox 776 2689 835 2728; x_wconf 88' lang='lat' dir='ltr'><strong>non</strong></span> <span class='ocrx_word' id='word_1_384' title='bbox 848 2671 1023 2752; x_wconf 68' lang='lat' dir='ltr'><strong>confringes.</strong></span> <span class='ocrx_word' id='word_1_385' title='bbox 1035 2676 1159 2731; x_wconf 77' lang='lat' dir='ltr'><strong>Attamen</strong></span> <span class='ocrx_word' id='word_1_386' title='bbox 1176 2672 1243 2730; x_wconf 87' lang='lat' dir='ltr'><strong>disci</strong></span> <span class='ocrx_word' id='word_1_387' title='bbox 1267 2673 1373 2734; x_wconf 84' lang='lat' dir='ltr'><strong>olorum</strong></span> <span class='ocrx_word' id='word_1_388' title='bbox 1387 2672 1467 2749; x_wconf 85' lang='lat' dir='ltr'><strong>pedes</strong></span> <span class='ocrx_word' id='word_1_389' title='bbox 1476 2673 1516 2731; x_wconf 90' lang='lat' dir='ltr'><strong>la·</strong></span> <span class='ocrx_word' id='word_1_390' title='bbox 1528 2681 1567 2713; x_wconf 83' lang='lat'><strong>²⁰·</strong></span> 
     </span>
     <span class='ocr_line' id='line_1_29' title="bbox 61 2695 1516 2830; baseline 0.002 -22"><span class='ocrx_word' id='word_1_391' title='bbox 61 2749 228 2829; x_wconf 77' lang='grc' dir='ltr'>ὴκατεάξης.</span> <span class='ocrx_word' id='word_1_392' title='bbox 242 2749 338 2828; x_wconf 82' lang='grc' dir='ltr'>Ὅμως</span> <span class='ocrx_word' id='word_1_393' title='bbox 359 2749 431 2830; x_wconf 85' lang='grc' dir='ltr'>ένιψε</span> <span class='ocrx_word' id='word_1_394' title='bbox 448 2753 500 2810; x_wconf 88' lang='grc' dir='ltr'>τῶν</span> <span class='ocrx_word' id='word_1_395' title='bbox 521 2754 647 2828; x_wconf 80' lang='grc' dir='ltr'>μαθητῶν</span> <span class='ocrx_word' id='word_1_396' title='bbox 660 2749 720 2816; x_wconf 82' lang='grc' dir='ltr'>τοὺς</span> <span class='ocrx_word' id='word_1_397' title='bbox 774 2749 825 2806; x_wconf 89' lang='lat' dir='ltr'><strong>vit.</strong></span> <span class='ocrx_word' id='word_1_398' title='bbox 845 2749 948 2809; x_wconf 90' lang='lat' dir='ltr'><strong>Ultimo</strong></span> <span class='ocrx_word' id='word_1_399' title='bbox 965 2751 1040 2810; x_wconf 88' lang='lat' dir='ltr'><strong>venit</strong></span> <span class='ocrx_word' id='word_1_400' title='bbox 1059 2749 1094 2809; x_wconf 95' lang='lat' dir='ltr'><strong>ad</strong></span> <span class='ocrx_word' id='word_1_401' title='bbox 1113 2752 1233 2809; x_wconf 77' lang='lat' dir='ltr'><strong>Petrum</strong></span> <span class='ocrx_word' id='word_1_402' title='bbox 1246 2695 1322 2809; x_wconf 85' lang='lat' dir='ltr'><strong>l)um</strong></span> <span class='ocrx_word' id='word_1_403' title='bbox 1342 2764 1432 2809; x_wconf 82' lang='lat' dir='ltr'><strong>atrtem</strong></span> <span class='ocrx_word' id='word_1_404' title='bbox 1449 2751 1516 2811; x_wconf 87' lang='lat' dir='ltr'><strong>alios</strong></span> 
     </span>
    </p>

    <p class='ocr_par' dir='ltr' id='par_1_14' title="bbox 61 2821 1517 2928">
     <span class='ocr_line' id='line_1_30' title="bbox 61 2821 1517 2928; baseline 0.002 -41"><span class='ocrx_word' id='word_1_405' title='bbox 61 2821 139 2888; x_wconf 81' lang='grc' dir='ltr'><strong>ΙΗλθε</strong></span> <span class='ocrx_word' id='word_1_406' title='bbox 152 2830 300 2889; x_wconf 77' lang='grc' dir='ltr'>τελευταῖον</span> <span class='ocrx_word' id='word_1_407' title='bbox 312 2829 356 2890; x_wconf 79' lang='grc' dir='ltr'><strong>ἐπὶ</strong></span> <span class='ocrx_word' id='word_1_408' title='bbox 371 2829 416 2889; x_wconf 86' lang='grc' dir='ltr'>τθν</span> <span class='ocrx_word' id='word_1_409' title='bbox 437 2828 549 2928; x_wconf 85' lang='grc' dir='ltr'>Πέτρον.</span> <span class='ocrx_word' id='word_1_410' title='bbox 561 2830 609 2888; x_wconf 88' lang='grc' dir='ltr'><strong>Ἐν</strong></span> <span class='ocrx_word' id='word_1_411' title='bbox 623 2827 677 2907; x_wconf 84' lang='grc' dir='ltr'><strong>όσῳ</strong></span> <span class='ocrx_word' id='word_1_412' title='bbox 692 2827 719 2886; x_wconf 77' lang='grc' dir='ltr'><strong>δέ</strong></span> <span class='ocrx_word' id='word_1_413' title='bbox 773 2825 875 2887; x_wconf 83' lang='lat' dir='ltr'><strong>lavaret</strong></span> <span class='ocrx_word' id='word_1_414' title='bbox 888 2830 1025 2905; x_wconf 87' lang='lat' dir='ltr'><strong>Servator,</strong></span> <span class='ocrx_word' id='word_1_415' title='bbox 1039 2829 1173 2909; x_wconf 82' lang='lat' dir='ltr'><strong>cogitabat</strong></span> <span class='ocrx_word' id='word_1_416' title='bbox 1183 2830 1278 2888; x_wconf 87' lang='lat' dir='ltr'><strong>Petrus</strong></span> <span class='ocrx_word' id='word_1_417' title='bbox 1292 2830 1452 2909; x_wconf 88' lang='lat' dir='ltr'><strong>dignitatem</strong></span> <span class='ocrx_word' id='word_1_418' title='bbox 1461 2833 1517 2890; x_wconf 94' lang='lat' dir='ltr'><strong>Do-</strong></span> 
     </span>
    </p>

    <p class='ocr_par' dir='ltr' id='par_1_15' title="bbox 61 2906 1515 2990">
     <span class='ocr_line' id='line_1_31' title="bbox 61 2906 1515 2990; baseline 0.002 -23"><span class='ocrx_word' id='word_1_419' title='bbox 61 2930 107 2974; x_wconf 81' lang='grc' dir='ltr'>,ους</span> <span class='ocrx_word' id='word_1_420' title='bbox 117 2908 219 2968; x_wconf 81' lang='grc' dir='ltr'>ἔνιπτεν</span> <span class='ocrx_word' id='word_1_421' title='bbox 233 2912 247 2967; x_wconf 89' lang='grc' dir='ltr'>θ</span> <span class='ocrx_word' id='word_1_422' title='bbox 259 2907 363 2988; x_wconf 81' lang='grc' dir='ltr'>Σωτὴρ,</span> <span class='ocrx_word' id='word_1_423' title='bbox 373 2912 454 2969; x_wconf 83' lang='grc' dir='ltr'>έννοεῐ</span> <span class='ocrx_word' id='word_1_424' title='bbox 464 2911 566 2990; x_wconf 86' lang='grc' dir='ltr'>Πετρος</span> <span class='ocrx_word' id='word_1_425' title='bbox 575 2907 605 2967; x_wconf 85' lang='grc' dir='ltr'>τὸ</span> <span class='ocrx_word' id='word_1_426' title='bbox 616 2906 719 2984; x_wconf 78' lang='grc' dir='ltr'>ἀξίωμα</span> <span class='ocrx_word' id='word_1_427' title='bbox 774 2907 852 2980; x_wconf 90' lang='lat' dir='ltr'><strong>mini,</strong></span> <span class='ocrx_word' id='word_1_428' title='bbox 862 2908 1049 2987; x_wconf 83' lang='lat' dir='ltr'><strong>vilitatemque</strong></span> <span class='ocrx_word' id='word_1_429' title='bbox 1058 2908 1215 2984; x_wconf 83' lang='lat' dir='ltr'><strong>hominum3</strong></span> <span class='ocrx_word' id='word_1_430' title='bbox 1230 2909 1515 2970; x_wconf 84' lang='lat' dir='ltr'><strong>vilitatembominum</strong></span> 
     </span>
    </p>

    <p class='ocr_par' dir='ltr' id='par_1_16' title="bbox 61 2985 1517 3080">
     <span class='ocr_line' id='line_1_32' title="bbox 61 2985 1517 3080; baseline 0.002 -34"><span class='ocrx_word' id='word_1_431' title='bbox 61 2985 143 3061; x_wconf 81' lang='grc' dir='ltr'>πότου,</span> <span class='ocrx_word' id='word_1_432' title='bbox 156 2988 258 3061; x_wconf 74' lang='grc' dir='ltr'>καλιὴν</span> <span class='ocrx_word' id='word_1_433' title='bbox 268 2987 399 3048; x_wconf 76' lang='grc' dir='ltr'>εὐτέλειαν</span> <span class='ocrx_word' id='word_1_434' title='bbox 410 2993 463 3048; x_wconf 87' lang='grc' dir='ltr'>τῶν</span> <span class='ocrx_word' id='word_1_435' title='bbox 474 2986 718 3070; x_wconf 82' lang='grc' dir='ltr'>ἀνθρώπων,τδτα·</span> <span class='ocrx_word' id='word_1_436' title='bbox 773 3000 798 3044; x_wconf 89' lang='lat' dir='ltr'><strong>ct</strong></span> <span class='ocrx_word' id='word_1_437' title='bbox 808 2986 924 3065; x_wconf 89' lang='lat' dir='ltr'><strong>gloriam</strong></span> <span class='ocrx_word' id='word_1_438' title='bbox 937 2989 1006 3080; x_wconf 84' lang='lat' dir='ltr'><strong>ejus,</strong></span> <span class='ocrx_word' id='word_1_439' title='bbox 1017 2988 1064 3067; x_wconf 89' lang='lat' dir='ltr'><strong>qui</strong></span> <span class='ocrx_word' id='word_1_440' title='bbox 1074 2988 1176 3066; x_wconf 84' lang='lat' dir='ltr'><strong>ubique</strong></span> <span class='ocrx_word' id='word_1_441' title='bbox 1185 2989 1349 3063; x_wconf 66' lang='lat' dir='ltr'><strong>celebratum</strong></span> <span class='ocrx_word' id='word_1_442' title='bbox 1364 3003 1390 3047; x_wconf 89' lang='lat' dir='ltr'><strong>et</strong></span> <span class='ocrx_word' id='word_1_443' title='bbox 1401 3011 1415 3046; x_wconf 91' lang='lat' dir='ltr'><strong>a</strong></span> <span class='ocrx_word' id='word_1_444' title='bbox 1427 2989 1475 3047; x_wconf 82' lang='lat' dir='ltr'><strong>rud</strong></span> <span class='ocrx_word' id='word_1_445' title='bbox 1489 3011 1517 3049; x_wconf 88' lang='lat' dir='ltr'><strong>se</strong></span> 
     </span>
    </p>

    <p class='ocr_par' dir='ltr' id='par_1_17' title="bbox 61 3011 1516 3146">
     <span class='ocr_line' id='line_1_33' title="bbox 61 3011 1516 3146; baseline 0.001 -19"><span class='ocrx_word' id='word_1_446' title='bbox 61 3071 96 3127; x_wconf 87' lang='grc' dir='ltr'><strong>ῶν</strong></span> <span class='ocrx_word' id='word_1_447' title='bbox 111 3065 264 3146; x_wconf 81' lang='grc' dir='ltr'>ἀνθρώπων,</span> <span class='ocrx_word' id='word_1_448' title='bbox 277 3067 380 3138; x_wconf 76' lang='grc' dir='ltr'>καλιὴν</span> <span class='ocrx_word' id='word_1_449' title='bbox 394 3067 470 3136; x_wconf 81' lang='grc' dir='ltr'>δόξαν</span> <span class='ocrx_word' id='word_1_450' title='bbox 493 3074 540 3127; x_wconf 84' lang='grc' dir='ltr'>τοῦ</span> <span class='ocrx_word' id='word_1_451' title='bbox 555 3065 715 3143; x_wconf 81' lang='grc' dir='ltr'>δεδοξασμέ·</span> <span class='ocrx_word' id='word_1_452' title='bbox 772 3066 892 3126; x_wconf 87' lang='lat' dir='ltr'><strong>decrevit</strong></span> <span class='ocrx_word' id='word_1_453' title='bbox 909 3067 1038 3126; x_wconf 82' lang='lat' dir='ltr'><strong>lotionem</strong></span> <span class='ocrx_word' id='word_1_454' title='bbox 1056 3088 1109 3126; x_wconf 90' lang='lat' dir='ltr'><strong>nou</strong></span> <span class='ocrx_word' id='word_1_455' title='bbox 1130 3067 1278 3127; x_wconf 88' lang='lat' dir='ltr'><strong>admittere.</strong></span> <span class='ocrx_word' id='word_1_456' title='bbox 1294 3068 1377 3129; x_wconf 88' lang='lat' dir='ltr'><strong>Venit</strong></span> <span class='ocrx_word' id='word_1_457' title='bbox 1396 3011 1432 3126; x_wconf 91' lang='lat' dir='ltr'><strong>ad</strong></span> <span class='ocrx_word' id='word_1_458' title='bbox 1454 3089 1516 3128; x_wconf 89' lang='lat' dir='ltr'><strong>eum</strong></span> 
     </span>
    </p>

    <p class='ocr_par' dir='ltr' id='par_1_18' title="bbox 61 3136 1666 3308">
     <span class='ocr_line' id='line_1_34' title="bbox 63 3136 1666 3230; baseline 0.007 -26"><span class='ocrx_word' id='word_1_459' title='bbox 63 3145 144 3228; x_wconf 85' lang='grc' dir='ltr'>ῶρισε</span> <span class='ocrx_word' id='word_1_460' title='bbox 152 3148 215 3230; x_wconf 91' lang='grc' dir='ltr'>παρ’</span> <span class='ocrx_word' id='word_1_461' title='bbox 226 3150 312 3226; x_wconf 86' lang='grc' dir='ltr'>ίαυτῷ</span> <span class='ocrx_word' id='word_1_462' title='bbox 325 3140 356 3207; x_wconf 82' lang='grc' dir='ltr'>τδ</span> <span class='ocrx_word' id='word_1_463' title='bbox 368 3147 405 3226; x_wconf 77' lang='grc' dir='ltr'><strong>μὴ</strong></span> <span class='ocrx_word' id='word_1_464' title='bbox 417 3146 618 3216; x_wconf 80' lang='grc' dir='ltr'>καταδέξασθαι.</span> <span class='ocrx_word' id='word_1_465' title='bbox 631 3136 717 3205; x_wconf 82' lang='grc' dir='ltr'>Ἦλθε</span> <span class='ocrx_word' id='word_1_466' title='bbox 735 3152 754 3199; x_wconf 84' lang='grc' dir='ltr'>θ</span> <span class='ocrx_word' id='word_1_467' title='bbox 772 3145 912 3222; x_wconf 82' lang='lat' dir='ltr'><strong>Servatur,</strong></span> <span class='ocrx_word' id='word_1_468' title='bbox 934 3160 961 3206; x_wconf 90' lang='lat' dir='ltr'><strong>et</strong></span> <span class='ocrx_word' id='word_1_469' title='bbox 981 3147 1020 3207; x_wconf 92' lang='lat' dir='ltr'><strong>ait</strong></span> <span class='ocrx_word' id='word_1_470' title='bbox 1041 3147 1108 3206; x_wconf 88' lang='lat' dir='ltr'><strong>illc:</strong></span> <span class='ocrx_word' id='word_1_471' title='bbox 1125 3148 1261 3218; x_wconf 83' lang='lat' dir='ltr'><strong>Domine,</strong></span> <span class='ocrx_word' id='word_1_472' title='bbox 1282 3161 1315 3205; x_wconf 85' lang='lat' dir='ltr'><strong>tu</strong></span> <span class='ocrx_word' id='word_1_473' title='bbox 1334 3150 1408 3206; x_wconf 78' lang='lat' dir='ltr'><strong>mihi</strong></span> <span class='ocrx_word' id='word_1_474' title='bbox 1431 3149 1592 3216; x_wconf 62' lang='lat' dir='ltr'><strong>lavarem.</strong></span> <span class='ocrx_word' id='word_1_475' title='bbox 1606 3173 1666 3219; x_wconf 64' lang='grc' dir='ltr'>ιιι.</span> 
     </span>
     <span class='ocr_line' id='line_1_35' title="bbox 61 3224 1515 3308; baseline 0.003 -24"><span class='ocrx_word' id='word_1_476' title='bbox 61 3224 240 3308; x_wconf 77' lang='grc' dir='ltr'>ιθνὸΣωτὴρ,</span> <span class='ocrx_word' id='word_1_477' title='bbox 254 3226 298 3286; x_wconf 82' lang='grc' dir='ltr'><strong>καλ</strong></span> <span class='ocrx_word' id='word_1_478' title='bbox 308 3226 379 3304; x_wconf 89' lang='grc' dir='ltr'>λέγει</span> <span class='ocrx_word' id='word_1_479' title='bbox 390 3231 498 3293; x_wconf 81' lang='grc' dir='ltr'>ἐκεῖνος·</span> <span class='ocrx_word' id='word_1_480' title='bbox 513 3226 611 3306; x_wconf 86' lang='grc' dir='ltr'>Κύριε,</span> <span class='ocrx_word' id='word_1_481' title='bbox 624 3224 716 3304; x_wconf 82' lang='grc' dir='ltr'>σύμου</span> <span class='ocrx_word' id='word_1_482' title='bbox 768 3227 879 3305; x_wconf 80' lang='lat' dir='ltr'><strong>pedes?</strong></span> <span class='ocrx_word' id='word_1_483' title='bbox 897 3240 943 3299; x_wconf 94' lang='lat' dir='ltr'><strong>tu,</strong></span> <span class='ocrx_word' id='word_1_484' title='bbox 987 3227 1014 3284; x_wconf 88' lang='lat' dir='ltr'><strong>ui</strong></span> <span class='ocrx_word' id='word_1_485' title='bbox 1039 3239 1160 3286; x_wconf 88' lang='lat' dir='ltr'><strong>mortuos</strong></span> <span class='ocrx_word' id='word_1_486' title='bbox 1181 3228 1307 3300; x_wconf 87' lang='lat' dir='ltr'><strong>suscitas,</strong></span> <span class='ocrx_word' id='word_1_487' title='bbox 1327 3227 1374 3305; x_wconf 89' lang='lat' dir='ltr'><strong>qui</strong></span> <span class='ocrx_word' id='word_1_488' title='bbox 1395 3226 1515 3307; x_wconf 87' lang='lat' dir='ltr'><strong>leprosos</strong></span> 
     </span>
    </p>

    <p class='ocr_par' dir='ltr' id='par_1_19' title="bbox 61 3247 1512 3408">
     <span class='ocr_line' id='line_1_36' title="bbox 61 3247 1512 3408; baseline 0.001 -44"><span class='ocrx_word' id='word_1_489' title='bbox 61 3303 111 3373; x_wconf 74' lang='grc' dir='ltr'>τοὺς</span> <span class='ocrx_word' id='word_1_490' title='bbox 122 3304 384 3388; x_wconf 68' lang='grc' dir='ltr'>πόδαςςσθθνεκροθς</span> <span class='ocrx_word' id='word_1_491' title='bbox 393 3304 657 3408; x_wconf 83' lang='grc' dir='ltr'>έγεέρων,θλεπροθς</span> <span class='ocrx_word' id='word_1_492' title='bbox 667 3327 712 3363; x_wconf 86' lang='grc' dir='ltr'><strong>κα·</strong></span> <span class='ocrx_word' id='word_1_493' title='bbox 769 3304 895 3382; x_wconf 90' lang='lat' dir='ltr'><strong>mundas,</strong></span> <span class='ocrx_word' id='word_1_494' title='bbox 910 3247 990 3382; x_wconf 68' lang='lat' dir='ltr'><strong>(illud</strong></span> <span class='ocrx_word' id='word_1_495' title='bbox 1011 3306 1083 3365; x_wconf 91' lang='lat' dir='ltr'><strong>enim</strong></span> <span class='ocrx_word' id='word_1_496' title='bbox 1104 3309 1158 3377; x_wconf 86' lang='lat' dir='ltr'><strong>Tu,</strong></span> <span class='ocrx_word' id='word_1_497' title='bbox 1180 3326 1305 3386; x_wconf 87' lang='lat' dir='ltr'><strong>magnam</strong></span> <span class='ocrx_word' id='word_1_498' title='bbox 1328 3307 1385 3364; x_wconf 86' lang='lat' dir='ltr'><strong>vim</strong></span> <span class='ocrx_word' id='word_1_499' title='bbox 1402 3307 1512 3382; x_wconf 89' lang='lat' dir='ltr'><strong>babet);</strong></span> 
     </span>
    </p>

    <p class='ocr_par' dir='ltr' id='par_1_20' title="bbox 61 3374 1668 3547">
     <span class='ocr_line' id='line_1_37' title="bbox 69 3374 1668 3466; baseline 0.004 -24"><span class='ocrx_word' id='word_1_500' title='bbox 69 3384 176 3464; x_wconf 84' lang='grc' dir='ltr'>(τδγθρ,</span> <span class='ocrx_word' id='word_1_501' title='bbox 188 3386 236 3458; x_wconf 66' lang='lat' dir='ltr'><strong>tt,</strong></span> <span class='ocrx_word' id='word_1_502' title='bbox 245 3385 346 3457; x_wconf 75' lang='grc' dir='ltr'>πολλὴν</span> <span class='ocrx_word' id='word_1_503' title='bbox 358 3384 414 3466; x_wconf 76' lang='grc' dir='ltr'>ἔχει</span> <span class='ocrx_word' id='word_1_504' title='bbox 424 3388 559 3462; x_wconf 85' lang='grc' dir='ltr'>δυναμιν)·</span> <span class='ocrx_word' id='word_1_505' title='bbox 575 3381 616 3456; x_wconf 84' lang='grc' dir='ltr'><strong>σθ,</strong></span> <span class='ocrx_word' id='word_1_506' title='bbox 631 3374 715 3464; x_wconf 78' lang='grc' dir='ltr'><strong>ᾧέγὼ</strong></span> <span class='ocrx_word' id='word_1_507' title='bbox 768 3396 810 3459; x_wconf 89' lang='lat' dir='ltr'><strong>tu,</strong></span> <span class='ocrx_word' id='word_1_508' title='bbox 826 3385 870 3443; x_wconf 89' lang='lat' dir='ltr'><strong>cui</strong></span> <span class='ocrx_word' id='word_1_509' title='bbox 881 3405 930 3465; x_wconf 87' lang='lat' dir='ltr'><strong>ego</strong></span> <span class='ocrx_word' id='word_1_510' title='bbox 942 3385 1099 3445; x_wconf 87' lang='lat' dir='ltr'><strong>testificatus</strong></span> <span class='ocrx_word' id='word_1_511' title='bbox 1110 3407 1182 3458; x_wconf 90' lang='lat' dir='ltr'><strong>sum,</strong></span> <span class='ocrx_word' id='word_1_512' title='bbox 1200 3388 1243 3444; x_wconf 85' lang='grc' dir='ltr'><strong>Τιι</strong></span> <span class='ocrx_word' id='word_1_513' title='bbox 1258 3408 1288 3445; x_wconf 88' lang='lat' dir='ltr'><strong>es</strong></span> <span class='ocrx_word' id='word_1_514' title='bbox 1302 3387 1446 3457; x_wconf 76' lang='lat' dir='ltr'><strong>Christus,</strong></span> <span class='ocrx_word' id='word_1_515' title='bbox 1465 3390 1516 3445; x_wconf 89' lang='lat' dir='ltr'><strong>Fi·</strong></span> <span class='ocrx_word' id='word_1_516' title='bbox 1527 3404 1612 3449; x_wconf 71' lang='lat' dir='ltr'><strong>truut.</strong></span> <span class='ocrx_word' id='word_1_517' title='bbox 1631 3403 1668 3450; x_wconf 81' lang='grc' dir='ltr'>ιδ.</span> 
     </span>
     <span class='ocr_line' id='line_1_38' title="bbox 61 3463 1565 3547; baseline 0.001 -25"><span class='ocrx_word' id='word_1_518' title='bbox 61 3463 173 3534; x_wconf 79' lang='grc' dir='ltr'>ησα,8τι</span> <span class='ocrx_word' id='word_1_519' title='bbox 185 3463 455 3547; x_wconf 81' lang='grc' dir='ltr'>σθθΧριστδςθΥίθς</span> <span class='ocrx_word' id='word_1_520' title='bbox 464 3473 509 3524; x_wconf 80' lang='grc' dir='ltr'>τοῦ</span> <span class='ocrx_word' id='word_1_521' title='bbox 517 3466 587 3524; x_wconf 80' lang='grc' dir='ltr'>Θεοῦ</span> <span class='ocrx_word' id='word_1_522' title='bbox 596 3469 641 3522; x_wconf 82' lang='grc' dir='ltr'>τοῦ</span> <span class='ocrx_word' id='word_1_523' title='bbox 650 3466 714 3531; x_wconf 85' lang='grc' dir='ltr'>ζῶν·</span> <span class='ocrx_word' id='word_1_524' title='bbox 768 3464 973 3525; x_wconf 79' lang='lat' dir='ltr'><strong>liusDeioiot&#39;.</strong></span> <span class='ocrx_word' id='word_1_525' title='bbox 990 3465 1020 3525; x_wconf 92' lang='lat' dir='ltr'><strong>Si</strong></span> <span class='ocrx_word' id='word_1_526' title='bbox 1033 3487 1068 3524; x_wconf 85' lang='lat' dir='ltr'><strong>ex</strong></span> <span class='ocrx_word' id='word_1_527' title='bbox 1079 3465 1230 3544; x_wconf 90' lang='lat' dir='ltr'><strong>ignorantia</strong></span> <span class='ocrx_word' id='word_1_528' title='bbox 1250 3465 1399 3541; x_wconf 83' lang='lat' dir='ltr'><strong>dixissem,</strong></span> <span class='ocrx_word' id='word_1_529' title='bbox 1415 3466 1444 3524; x_wconf 90' lang='lat' dir='ltr'><strong>id</strong></span> <span class='ocrx_word' id='word_1_530' title='bbox 1458 3466 1513 3524; x_wconf 89' lang='lat' dir='ltr'><strong>hu·</strong></span> <span class='ocrx_word' id='word_1_531' title='bbox 1529 3464 1565 3512; x_wconf 77' lang='lat'><strong>¹⁶·</strong></span> 
     </span>
    </p>

    <p class='ocr_par' dir='ltr' id='par_1_21' title="bbox 61 3536 1562 3627">
     <span class='ocr_line' id='line_1_39' title="bbox 61 3536 1562 3627; baseline 0.002 -24"><span class='ocrx_word' id='word_1_532' title='bbox 61 3541 98 3603; x_wconf 78' lang='grc' dir='ltr'>ιθν</span> <span class='ocrx_word' id='word_1_533' title='bbox 111 3544 163 3603; x_wconf 88' lang='grc' dir='ltr'>ιἰπδ</span> <span class='ocrx_word' id='word_1_534' title='bbox 174 3543 280 3623; x_wconf 81' lang='grc' dir='ltr'>ἀγνοίας</span> <span class='ocrx_word' id='word_1_535' title='bbox 290 3536 373 3619; x_wconf 78' lang='grc' dir='ltr'>εἷπον,</span> <span class='ocrx_word' id='word_1_536' title='bbox 384 3543 479 3616; x_wconf 79' lang='grc' dir='ltr'>συνέθη</span> <span class='ocrx_word' id='word_1_537' title='bbox 490 3544 521 3602; x_wconf 79' lang='grc' dir='ltr'><strong>δν</strong></span> <span class='ocrx_word' id='word_1_538' title='bbox 531 3541 653 3602; x_wconf 83' lang='grc' dir='ltr'>ὑπόνοιαν</span> <span class='ocrx_word' id='word_1_539' title='bbox 666 3546 714 3602; x_wconf 80' lang='grc' dir='ltr'><strong>άν-</strong></span> <span class='ocrx_word' id='word_1_540' title='bbox 765 3564 873 3604; x_wconf 83' lang='lat' dir='ltr'><strong>matram</strong></span> <span class='ocrx_word' id='word_1_541' title='bbox 898 3544 981 3605; x_wconf 80' lang='lat' dir='ltr'><strong>luisse</strong></span> <span class='ocrx_word' id='word_1_542' title='bbox 1007 3546 1187 3627; x_wconf 87' lang='lat' dir='ltr'><strong>conjecturam</strong></span> <span class='ocrx_word' id='word_1_543' title='bbox 1214 3546 1368 3626; x_wconf 84' lang='lat' dir='ltr'><strong>contigisset</strong></span> <span class='ocrx_word' id='word_1_544' title='bbox 1383 3568 1389 3602; x_wconf 77' lang='grc' dir='ltr'>ι</span> <span class='ocrx_word' id='word_1_545' title='bbox 1402 3546 1424 3604; x_wconf 89' lang='lat' dir='ltr'><strong>si</strong></span> <span class='ocrx_word' id='word_1_546' title='bbox 1451 3566 1517 3606; x_wconf 88' lang='lat' dir='ltr'><strong>vero</strong></span> <span class='ocrx_word' id='word_1_547' title='bbox 1559 3566 1562 3572; x_wconf 86' lang='lat'>·</span> 
     </span>
    </p>

    <p class='ocr_par' dir='ltr' id='par_1_22' title="bbox 61 3613 1668 3802">
     <span class='ocr_line' id='line_1_40' title="bbox 61 3613 1668 3706; baseline 0.003 -26"><span class='ocrx_word' id='word_1_548' title='bbox 61 3646 78 3694; x_wconf 76' lang='grc' dir='ltr'><strong>,ν</strong></span> <span class='ocrx_word' id='word_1_549' title='bbox 98 3613 180 3682; x_wconf 74' lang='grc' dir='ltr'>εἶναι·</span> <span class='ocrx_word' id='word_1_550' title='bbox 196 3628 218 3683; x_wconf 85' lang='grc' dir='ltr'><strong>εἰ</strong></span> <span class='ocrx_word' id='word_1_551' title='bbox 233 3622 306 3683; x_wconf 67' lang='lat' dir='ltr'><strong>teet</strong></span> <span class='ocrx_word' id='word_1_552' title='bbox 326 3648 375 3702; x_wconf 83' lang='grc' dir='ltr'><strong>μου</strong></span> <span class='ocrx_word' id='word_1_553' title='bbox 388 3622 435 3697; x_wconf 71' lang='grc' dir='ltr'>την</span> <span class='ocrx_word' id='word_1_554' title='bbox 451 3622 539 3706; x_wconf 74' lang='grc' dir='ltr'>φωνην</span> <span class='ocrx_word' id='word_1_555' title='bbox 553 3621 714 3705; x_wconf 79' lang='grc' dir='ltr'>ἐσρράγισας</span> <span class='ocrx_word' id='word_1_556' title='bbox 766 3624 868 3706; x_wconf 87' lang='lat' dir='ltr'><strong>tuipse</strong></span> <span class='ocrx_word' id='word_1_557' title='bbox 886 3645 981 3686; x_wconf 86' lang='lat' dir='ltr'><strong>vocem</strong></span> <span class='ocrx_word' id='word_1_558' title='bbox 1003 3647 1091 3686; x_wconf 90' lang='lat' dir='ltr'><strong>meam</strong></span> <span class='ocrx_word' id='word_1_559' title='bbox 1122 3626 1269 3704; x_wconf 87' lang='lat' dir='ltr'><strong>obsignasti</strong></span> <span class='ocrx_word' id='word_1_560' title='bbox 1296 3626 1398 3693; x_wconf 82' lang='lat' dir='ltr'><strong>dicens,</strong></span> <span class='ocrx_word' id='word_1_561' title='bbox 1426 3629 1668 3706; x_wconf 52' lang='lat' dir='ltr'><strong>Potentiam.</strong></span> 
     </span>
     <span class='ocr_line' id='line_1_41' title="bbox 61 3701 1515 3802; baseline 0.002 -42"><span class='ocrx_word' id='word_1_562' title='bbox 61 3701 126 3761; x_wconf 85' lang='grc' dir='ltr'>ίτιθ</span> <span class='ocrx_word' id='word_1_563' title='bbox 148 3703 245 3784; x_wconf 78' lang='grc' dir='ltr'>Πατήρ</span> <span class='ocrx_word' id='word_1_564' title='bbox 272 3709 351 3802; x_wconf 86' lang='grc' dir='ltr'>ριουθ</span> <span class='ocrx_word' id='word_1_565' title='bbox 372 3709 398 3766; x_wconf 81' lang='grc' dir='ltr'><strong>ἐν</strong></span> <span class='ocrx_word' id='word_1_566' title='bbox 424 3707 541 3785; x_wconf 79' lang='grc' dir='ltr'>οὐρανοῖς</span> <span class='ocrx_word' id='word_1_567' title='bbox 559 3702 715 3784; x_wconf 86' lang='grc' dir='ltr'>άπεκάλυψέ</span> <span class='ocrx_word' id='word_1_568' title='bbox 767 3725 848 3765; x_wconf 89' lang='lat' dir='ltr'><strong>meus</strong></span> <span class='ocrx_word' id='word_1_569' title='bbox 862 3707 987 3766; x_wconf 74' lang='lat' dir='ltr'><strong>celestis</strong></span> <span class='ocrx_word' id='word_1_570' title='bbox 995 3708 1139 3766; x_wconf 76' lang='lat' dir='ltr'><strong>revelavit</strong></span> <span class='ocrx_word' id='word_1_571' title='bbox 1148 3710 1210 3777; x_wconf 84' lang='lat' dir='ltr'><strong>tibi,</strong></span> <span class='ocrx_word' id='word_1_572' title='bbox 1225 3728 1258 3764; x_wconf 91' lang='lat' dir='ltr'><strong>an</strong></span> <span class='ocrx_word' id='word_1_573' title='bbox 1272 3704 1416 3764; x_wconf 85' lang='lat' dir='ltr'><strong>dominicis</strong></span> <span class='ocrx_word' id='word_1_574' title='bbox 1429 3706 1515 3765; x_wconf 91' lang='lat' dir='ltr'><strong>mani·</strong></span> 
     </span>
    </p>

    <p class='ocr_par' dir='ltr' id='par_1_23' title="bbox 61 3781 1650 4032">
     <span class='ocr_line' id='line_1_42' title="bbox 61 3781 1650 3865; baseline 0.002 -25"><span class='ocrx_word' id='word_1_575' title='bbox 61 3805 97 3860; x_wconf 80' lang='grc' dir='ltr'><strong>’ῃ</strong></span> <span class='ocrx_word' id='word_1_576' title='bbox 119 3783 220 3842; x_wconf 84' lang='grc' dir='ltr'>οἰκέτου</span> <span class='ocrx_word' id='word_1_577' title='bbox 243 3785 325 3852; x_wconf 83' lang='grc' dir='ltr'>ποθας</span> <span class='ocrx_word' id='word_1_578' title='bbox 348 3788 444 3845; x_wconf 79' lang='grc' dir='ltr'>πλῦναι</span> <span class='ocrx_word' id='word_1_579' title='bbox 467 3783 545 3865; x_wconf 78' lang='grc' dir='ltr'>χερσὶ</span> <span class='ocrx_word' id='word_1_580' title='bbox 566 3781 714 3858; x_wconf 83' lang='grc' dir='ltr'>Δισπότου;</span> <span class='ocrx_word' id='word_1_581' title='bbox 766 3784 819 3844; x_wconf 90' lang='lat' dir='ltr'><strong>bus</strong></span> <span class='ocrx_word' id='word_1_582' title='bbox 838 3786 909 3848; x_wconf 87' lang='lat' dir='ltr'><strong>servi</strong></span> <span class='ocrx_word' id='word_1_583' title='bbox 933 3785 1013 3865; x_wconf 83' lang='lat' dir='ltr'><strong>pedes</strong></span> <span class='ocrx_word' id='word_1_584' title='bbox 1028 3785 1120 3846; x_wconf 79' lang='lat' dir='ltr'><strong>lavare</strong></span> <span class='ocrx_word' id='word_1_585' title='bbox 1141 3786 1304 3843; x_wconf 79' lang='lat' dir='ltr'><strong>sustinebis?</strong></span> <span class='ocrx_word' id='word_1_586' title='bbox 1317 3787 1385 3842; x_wconf 88' lang='lat' dir='ltr'><strong>Non</strong></span> <span class='ocrx_word' id='word_1_587' title='bbox 1399 3784 1596 3843; x_wconf 69' lang='lat' dir='ltr'><strong>lavattsrm.</strong></span> <span class='ocrx_word' id='word_1_588' title='bbox 1615 3800 1650 3846; x_wconf 69' lang='grc' dir='ltr'>ιδ.</span> 
     </span>
     <span class='ocr_line' id='line_1_43' title="bbox 61 3806 1618 3945; baseline 0.001 -28"><span class='ocrx_word' id='word_1_589' title='bbox 61 3806 136 3941; x_wconf 71' lang='grc' dir='ltr'>ίέψεις</span> <span class='ocrx_word' id='word_1_590' title='bbox 146 3860 205 3929; x_wconf 81' lang='grc' dir='ltr'>τοθς</span> <span class='ocrx_word' id='word_1_591' title='bbox 220 3863 303 3931; x_wconf 83' lang='grc' dir='ltr'>πόδας</span> <span class='ocrx_word' id='word_1_592' title='bbox 315 3867 350 3933; x_wconf 80' lang='grc' dir='ltr'><strong>εἰς</strong></span> <span class='ocrx_word' id='word_1_593' title='bbox 364 3865 407 3924; x_wconf 86' lang='grc' dir='ltr'>τδν</span> <span class='ocrx_word' id='word_1_594' title='bbox 425 3867 515 3923; x_wconf 82' lang='grc' dir='ltr'>αἰῶνα.</span> <span class='ocrx_word' id='word_1_595' title='bbox 527 3861 563 3923; x_wconf 89' lang='grc' dir='ltr'><strong>Τί</strong></span> <span class='ocrx_word' id='word_1_596' title='bbox 574 3853 619 3922; x_wconf 71' lang='grc' dir='ltr'><strong>οὖν</strong></span> <span class='ocrx_word' id='word_1_597' title='bbox 631 3866 645 3921; x_wconf 89' lang='grc' dir='ltr'>δ</span> <span class='ocrx_word' id='word_1_598' title='bbox 657 3864 715 3923; x_wconf 72' lang='grc' dir='ltr'><strong>Σω-</strong></span> <span class='ocrx_word' id='word_1_599' title='bbox 755 3867 844 3935; x_wconf 63' lang='lat' dir='ltr'><strong>,milri</strong></span> <span class='ocrx_word' id='word_1_600' title='bbox 862 3867 948 3945; x_wconf 86' lang='lat' dir='ltr'><strong>pedes</strong></span> <span class='ocrx_word' id='word_1_601' title='bbox 965 3869 997 3923; x_wconf 87' lang='lat' dir='ltr'><strong>in</strong></span> <span class='ocrx_word' id='word_1_602' title='bbox 1017 3878 1164 3924; x_wconf 70' lang='lat' dir='ltr'><strong>veternum.</strong></span> <span class='ocrx_word' id='word_1_603' title='bbox 1183 3862 1262 3937; x_wconf 91' lang='lat' dir='ltr'><strong>Quid</strong></span> <span class='ocrx_word' id='word_1_604' title='bbox 1281 3883 1344 3941; x_wconf 90' lang='lat' dir='ltr'><strong>ergo</strong></span> <span class='ocrx_word' id='word_1_605' title='bbox 1368 3863 1513 3922; x_wconf 81' lang='lat' dir='ltr'><strong>Servatur?</strong></span> <span class='ocrx_word' id='word_1_606' title='bbox 1523 3866 1547 3922; x_wconf 75' lang='lat'><strong>7·</strong></span> <span class='ocrx_word' id='word_1_607' title='bbox 1560 3858 1583 3906; x_wconf 80' lang='lat'><strong>⁸·</strong></span> <span class='ocrx_word' id='word_1_608' title='bbox 1594 3872 1618 3919; x_wconf 84' lang='lat'><strong>9·</strong></span> 
     </span>
     <span class='ocr_line' id='line_1_44' title="bbox 61 3940 1514 4032; baseline 0.002 -35"><span class='ocrx_word' id='word_1_609' title='bbox 61 3941 183 4001; x_wconf 84' lang='grc' dir='ltr'>ισκέθασε</span> <span class='ocrx_word' id='word_1_610' title='bbox 205 3942 253 4016; x_wconf 76' lang='grc' dir='ltr'>τὴν</span> <span class='ocrx_word' id='word_1_611' title='bbox 275 3943 362 4023; x_wconf 78' lang='grc' dir='ltr'>φωνὴν</span> <span class='ocrx_word' id='word_1_612' title='bbox 385 3947 472 4003; x_wconf 84' lang='grc' dir='ltr'>αὐτοῦ.</span> <span class='ocrx_word' id='word_1_613' title='bbox 483 3942 619 4014; x_wconf 70' lang='grc' dir='ltr'>Ὃποιῶ,</span> <span class='ocrx_word' id='word_1_614' title='bbox 634 3941 715 4022; x_wconf 79' lang='grc' dir='ltr'>φησί,</span> <span class='ocrx_word' id='word_1_615' title='bbox 770 3946 873 4004; x_wconf 86' lang='lat' dir='ltr'><strong>Vocem</strong></span> <span class='ocrx_word' id='word_1_616' title='bbox 890 3945 948 4024; x_wconf 85' lang='lat' dir='ltr'><strong>ejus</strong></span> <span class='ocrx_word' id='word_1_617' title='bbox 964 3943 1113 4002; x_wconf 77' lang='lat' dir='ltr'><strong>confutavit</strong></span> <span class='ocrx_word' id='word_1_618' title='bbox 1130 3940 1243 4000; x_wconf 87' lang='lat' dir='ltr'><strong>diceus:</strong></span> <span class='ocrx_word' id='word_1_619' title='bbox 1263 3944 1349 4021; x_wconf 80' lang='lat' dir='ltr'><strong>Quod</strong></span> <span class='ocrx_word' id='word_1_620' title='bbox 1364 3943 1514 4032; x_wconf 71' lang='lat' dir='ltr'><strong>egosacio</strong></span> 
     </span>
    </p>

    <p class='ocr_par' dir='ltr' id='par_1_24' title="bbox 61 4012 1514 4104">
     <span class='ocr_line' id='line_1_45' title="bbox 61 4012 1514 4104; baseline 0.001 -26"><span class='ocrx_word' id='word_1_621' title='bbox 61 4021 102 4080; x_wconf 82' lang='grc' dir='ltr'><strong>ιθκ</strong></span> <span class='ocrx_word' id='word_1_622' title='bbox 121 4012 210 4097; x_wconf 77' lang='grc' dir='ltr'>σίδας,</span> <span class='ocrx_word' id='word_1_623' title='bbox 223 4021 312 4104; x_wconf 84' lang='grc' dir='ltr'>γνώσῃ</span> <span class='ocrx_word' id='word_1_624' title='bbox 330 4023 357 4084; x_wconf 82' lang='grc' dir='ltr'><strong>δὲ</strong></span> <span class='ocrx_word' id='word_1_625' title='bbox 378 4021 446 4102; x_wconf 75' lang='grc' dir='ltr'>μετέ</span> <span class='ocrx_word' id='word_1_626' title='bbox 461 4028 557 4081; x_wconf 80' lang='grc' dir='ltr'>ταῦτα·</span> <span class='ocrx_word' id='word_1_627' title='bbox 576 4019 636 4080; x_wconf 85' lang='grc' dir='ltr'>ιἰντλ</span> <span class='ocrx_word' id='word_1_628' title='bbox 655 4027 715 4093; x_wconf 81' lang='grc' dir='ltr'>τοῦ,</span> <span class='ocrx_word' id='word_1_629' title='bbox 771 4036 803 4081; x_wconf 86' lang='lat' dir='ltr'><strong>tu</strong></span> <span class='ocrx_word' id='word_1_630' title='bbox 815 4027 909 4083; x_wconf 85' lang='lat' dir='ltr'><strong>nescis</strong></span> <span class='ocrx_word' id='word_1_631' title='bbox 925 4023 1022 4096; x_wconf 83' lang='lat' dir='ltr'><strong>modo,</strong></span> <span class='ocrx_word' id='word_1_632' title='bbox 1035 4026 1110 4083; x_wconf 84' lang='lat' dir='ltr'><strong>scies</strong></span> <span class='ocrx_word' id='word_1_633' title='bbox 1124 4035 1222 4080; x_wconf 86' lang='lat' dir='ltr'><strong>autem</strong></span> <span class='ocrx_word' id='word_1_634' title='bbox 1233 4034 1348 4101; x_wconf 68' lang='lat' dir='ltr'><strong>postem</strong></span> <span class='ocrx_word' id='word_1_635' title='bbox 1360 4043 1392 4079; x_wconf 91' lang='lat' dir='ltr'><strong>ac</strong></span> <span class='ocrx_word' id='word_1_636' title='bbox 1403 4041 1424 4079; x_wconf 79' lang='lat' dir='ltr'><strong>st</strong></span> <span class='ocrx_word' id='word_1_637' title='bbox 1436 4020 1514 4080; x_wconf 90' lang='lat' dir='ltr'><strong>dice-</strong></span> 
     </span>
    </p>

    <p class='ocr_par' dir='ltr' id='par_1_25' title="bbox 65 4099 1515 4185">
     <span class='ocr_line' id='line_1_46' title="bbox 65 4099 1515 4185; baseline 0.001 -25"><span class='ocrx_word' id='word_1_638' title='bbox 65 4123 114 4177; x_wconf 87' lang='grc' dir='ltr'><strong>μου</strong></span> <span class='ocrx_word' id='word_1_639' title='bbox 125 4102 169 4160; x_wconf 81' lang='grc' dir='ltr'>τὸν</span> <span class='ocrx_word' id='word_1_640' title='bbox 185 4103 283 4162; x_wconf 85' lang='grc' dir='ltr'>σκοπὸν</span> <span class='ocrx_word' id='word_1_641' title='bbox 293 4111 338 4163; x_wconf 81' lang='grc' dir='ltr'>τοῦ</span> <span class='ocrx_word' id='word_1_642' title='bbox 352 4110 494 4170; x_wconf 81' lang='grc' dir='ltr'>ποιοῦντος.</span> <span class='ocrx_word' id='word_1_643' title='bbox 507 4103 566 4160; x_wconf 81' lang='grc' dir='ltr'><strong>Οὐκ</strong></span> <span class='ocrx_word' id='word_1_644' title='bbox 579 4099 716 4181; x_wconf 77' lang='grc' dir='ltr'>ἠνείχετο,</span> <span class='ocrx_word' id='word_1_645' title='bbox 772 4115 832 4162; x_wconf 85' lang='lat' dir='ltr'><strong>ret:</strong></span> <span class='ocrx_word' id='word_1_646' title='bbox 848 4104 966 4185; x_wconf 85' lang='lat' dir='ltr'><strong>Scopam</strong></span> <span class='ocrx_word' id='word_1_647' title='bbox 989 4123 1080 4160; x_wconf 91' lang='lat' dir='ltr'><strong>mcum</strong></span> <span class='ocrx_word' id='word_1_648' title='bbox 1101 4101 1216 4181; x_wconf 87' lang='lat' dir='ltr'><strong>ignoras.</strong></span> <span class='ocrx_word' id='word_1_649' title='bbox 1231 4103 1288 4160; x_wconf 89' lang='lat' dir='ltr'><strong>Nec</strong></span> <span class='ocrx_word' id='word_1_650' title='bbox 1301 4115 1390 4160; x_wconf 90' lang='lat' dir='ltr'><strong>tamen</strong></span> <span class='ocrx_word' id='word_1_651' title='bbox 1404 4100 1451 4160; x_wconf 87' lang='lat' dir='ltr'><strong>illc</strong></span> <span class='ocrx_word' id='word_1_652' title='bbox 1473 4123 1515 4161; x_wconf 90' lang='lat' dir='ltr'><strong>re·</strong></span> 
     </span>
    </p>

    <p class='ocr_par' dir='ltr' id='par_1_26' title="bbox 61 4179 1515 4263">
     <span class='ocr_line' id='line_1_47' title="bbox 61 4179 1515 4263; baseline 0.003 -27"><span class='ocrx_word' id='word_1_653' title='bbox 61 4186 115 4240; x_wconf 81' lang='grc' dir='ltr'>ιῦτα</span> <span class='ocrx_word' id='word_1_654' title='bbox 137 4181 250 4251; x_wconf 79' lang='grc' dir='ltr'>ἀκούσας</span> <span class='ocrx_word' id='word_1_655' title='bbox 263 4182 350 4262; x_wconf 85' lang='grc' dir='ltr'>λέγει·</span> <span class='ocrx_word' id='word_1_656' title='bbox 363 4185 404 4242; x_wconf 83' lang='grc' dir='ltr'><strong>Οθ</strong></span> <span class='ocrx_word' id='word_1_657' title='bbox 424 4181 462 4258; x_wconf 83' lang='grc' dir='ltr'><strong>μή</strong></span> <span class='ocrx_word' id='word_1_658' title='bbox 484 4206 533 4259; x_wconf 87' lang='grc' dir='ltr'><strong>μου</strong></span> <span class='ocrx_word' id='word_1_659' title='bbox 552 4180 636 4261; x_wconf 89' lang='grc' dir='ltr'>νίψεις</span> <span class='ocrx_word' id='word_1_660' title='bbox 657 4179 716 4247; x_wconf 86' lang='grc' dir='ltr'>τοθς</span> <span class='ocrx_word' id='word_1_661' title='bbox 772 4203 878 4263; x_wconf 88' lang='lat' dir='ltr'><strong>pressus</strong></span> <span class='ocrx_word' id='word_1_662' title='bbox 896 4195 953 4259; x_wconf 85' lang='lat' dir='ltr'><strong>est;</strong></span> <span class='ocrx_word' id='word_1_663' title='bbox 968 4179 1015 4241; x_wconf 92' lang='lat' dir='ltr'><strong>sed</strong></span> <span class='ocrx_word' id='word_1_664' title='bbox 1034 4181 1077 4240; x_wconf 89' lang='lat' dir='ltr'><strong>his</strong></span> <span class='ocrx_word' id='word_1_665' title='bbox 1089 4180 1191 4240; x_wconf 88' lang='lat' dir='ltr'><strong>auditis</strong></span> <span class='ocrx_word' id='word_1_666' title='bbox 1205 4180 1277 4239; x_wconf 85' lang='lat' dir='ltr'><strong>dixit</strong></span> <span class='ocrx_word' id='word_1_667' title='bbox 1291 4204 1297 4237; x_wconf 94' lang='lat'><strong>:</strong></span> <span class='ocrx_word' id='word_1_668' title='bbox 1312 4183 1380 4240; x_wconf 85' lang='lat' dir='ltr'><strong>Non</strong></span> <span class='ocrx_word' id='word_1_669' title='bbox 1399 4181 1515 4240; x_wconf 78' lang='lat' dir='ltr'><strong>lavabis</strong></span> 
     </span>
    </p>

    <p class='ocr_par' dir='ltr' id='par_1_27' title="bbox 61 4258 1515 4424">
     <span class='ocr_line' id='line_1_48' title="bbox 61 4258 1514 4342; baseline 0.002 -26"><span class='ocrx_word' id='word_1_670' title='bbox 61 4262 77 4327; x_wconf 80' lang='grc' dir='ltr'><strong>ίς</strong></span> <span class='ocrx_word' id='word_1_671' title='bbox 91 4261 135 4320; x_wconf 83' lang='grc' dir='ltr'>τὸν</span> <span class='ocrx_word' id='word_1_672' title='bbox 150 4264 241 4320; x_wconf 82' lang='grc' dir='ltr'>αἰῶνα.</span> <span class='ocrx_word' id='word_1_673' title='bbox 257 4259 360 4330; x_wconf 78' lang='grc' dir='ltr'>Ἔδειξε</span> <span class='ocrx_word' id='word_1_674' title='bbox 373 4260 460 4342; x_wconf 77' lang='grc' dir='ltr'>ψυγὴν</span> <span class='ocrx_word' id='word_1_675' title='bbox 474 4262 624 4339; x_wconf 80' lang='grc' dir='ltr'>ἀδάμαντος</span> <span class='ocrx_word' id='word_1_676' title='bbox 635 4263 717 4332; x_wconf 87' lang='grc' dir='ltr'>σκλη-</span> <span class='ocrx_word' id='word_1_677' title='bbox 772 4265 846 4322; x_wconf 83' lang='lat' dir='ltr'><strong>mibi</strong></span> <span class='ocrx_word' id='word_1_678' title='bbox 856 4264 942 4342; x_wconf 85' lang='lat' dir='ltr'><strong>pedes</strong></span> <span class='ocrx_word' id='word_1_679' title='bbox 956 4266 989 4320; x_wconf 87' lang='lat' dir='ltr'><strong>in</strong></span> <span class='ocrx_word' id='word_1_680' title='bbox 1003 4274 1151 4320; x_wconf 70' lang='lat' dir='ltr'><strong>termnum.</strong></span> <span class='ocrx_word' id='word_1_681' title='bbox 1169 4261 1294 4321; x_wconf 86' lang='lat' dir='ltr'><strong>Ostendit</strong></span> <span class='ocrx_word' id='word_1_682' title='bbox 1314 4259 1433 4318; x_wconf 88' lang='lat' dir='ltr'><strong>animam</strong></span> <span class='ocrx_word' id='word_1_683' title='bbox 1450 4258 1514 4319; x_wconf 88' lang='lat' dir='ltr'><strong>ada·</strong></span> 
     </span>
     <span class='ocr_line' id='line_1_49' title="bbox 61 4329 1515 4424; baseline 0 -26"><span class='ocrx_word' id='word_1_684' title='bbox 61 4339 248 4421; x_wconf 76' lang='grc' dir='ltr'>.Προαήνεγκε</span> <span class='ocrx_word' id='word_1_685' title='bbox 264 4338 291 4398; x_wconf 77' lang='grc' dir='ltr'><strong>δὲ</strong></span> <span class='ocrx_word' id='word_1_686' title='bbox 304 4347 318 4401; x_wconf 84' lang='grc' dir='ltr'>θ</span> <span class='ocrx_word' id='word_1_687' title='bbox 332 4329 429 4424; x_wconf 77' lang='grc' dir='ltr'>Σωτὴρ</span> <span class='ocrx_word' id='word_1_688' title='bbox 443 4341 575 4400; x_wconf 67' lang='lat' dir='ltr'><strong>ebionaei</strong></span> <span class='ocrx_word' id='word_1_689' title='bbox 587 4344 641 4420; x_wconf 85' lang='grc' dir='ltr'><strong>πῦρ</strong></span> <span class='ocrx_word' id='word_1_690' title='bbox 654 4339 717 4412; x_wconf 83' lang='grc' dir='ltr'>,καὶ</span> <span class='ocrx_word' id='word_1_691' title='bbox 735 4358 753 4406; x_wconf 77' lang='grc' dir='ltr'>Ε</span> <span class='ocrx_word' id='word_1_692' title='bbox 773 4356 862 4401; x_wconf 89' lang='lat' dir='ltr'><strong>maute</strong></span> <span class='ocrx_word' id='word_1_693' title='bbox 883 4341 1030 4401; x_wconf 91' lang='lat' dir='ltr'><strong>duriorem.</strong></span> <span class='ocrx_word' id='word_1_694' title='bbox 1054 4339 1171 4399; x_wconf 86' lang='lat' dir='ltr'><strong>Protulit</strong></span> <span class='ocrx_word' id='word_1_695' title='bbox 1194 4361 1259 4399; x_wconf 82' lang='lat' dir='ltr'><strong>vero</strong></span> <span class='ocrx_word' id='word_1_696' title='bbox 1278 4341 1405 4400; x_wconf 88' lang='lat' dir='ltr'><strong>Servatur</strong></span> <span class='ocrx_word' id='word_1_697' title='bbox 1425 4338 1515 4419; x_wconf 91' lang='lat' dir='ltr'><strong>ignem</strong></span> 
     </span>
    </p>

    <p class='ocr_par' dir='ltr' id='par_1_28' title="bbox 76 4418 1515 4502">
     <span class='ocr_line' id='line_1_50' title="bbox 76 4418 1515 4502; baseline 0.002 -26"><span class='ocrx_word' id='word_1_698' title='bbox 76 4419 125 4492; x_wconf 68' lang='grc' dir='ltr'>τὴν</span> <span class='ocrx_word' id='word_1_699' title='bbox 151 4419 288 4497; x_wconf 77' lang='grc' dir='ltr'>ἀδάμαντα</span> <span class='ocrx_word' id='word_1_700' title='bbox 309 4420 398 4502; x_wconf 76' lang='grc' dir='ltr'>ψυχὴν</span> <span class='ocrx_word' id='word_1_701' title='bbox 426 4427 508 4502; x_wconf 81' lang='grc' dir='ltr'>κηροῦ</span> <span class='ocrx_word' id='word_1_702' title='bbox 533 4418 716 4499; x_wconf 83' lang='grc' dir='ltr'>θπαλωτίραν.</span> <span class='ocrx_word' id='word_1_703' title='bbox 773 4442 864 4497; x_wconf 89' lang='lat' dir='ltr'><strong>suum,</strong></span> <span class='ocrx_word' id='word_1_704' title='bbox 890 4435 918 4481; x_wconf 91' lang='lat' dir='ltr'><strong>et</strong></span> <span class='ocrx_word' id='word_1_705' title='bbox 944 4418 1145 4479; x_wconf 82' lang='lat' dir='ltr'><strong>adamantinam</strong></span> <span class='ocrx_word' id='word_1_706' title='bbox 1171 4418 1289 4477; x_wconf 90' lang='lat' dir='ltr'><strong>animam</strong></span> <span class='ocrx_word' id='word_1_707' title='bbox 1313 4418 1432 4477; x_wconf 88' lang='lat' dir='ltr'><strong>reddidit</strong></span> <span class='ocrx_word' id='word_1_708' title='bbox 1455 4440 1515 4479; x_wconf 87' lang='lat' dir='ltr'><strong>cera</strong></span> 
     </span>
    </p>

    <p class='ocr_par' dir='ltr' id='par_1_29' title="bbox 61 4498 1516 4581">
     <span class='ocr_line' id='line_1_51' title="bbox 61 4498 1516 4581; baseline 0 -23"><span class='ocrx_word' id='word_1_709' title='bbox 61 4500 133 4576; x_wconf 81' lang='grc' dir='ltr'>ρησὶ,</span> <span class='ocrx_word' id='word_1_710' title='bbox 148 4498 193 4557; x_wconf 85' lang='grc' dir='ltr'><strong>καλ</strong></span> <span class='ocrx_word' id='word_1_711' title='bbox 205 4498 339 4579; x_wconf 81' lang='grc' dir='ltr'>μονοτόνος</span> <span class='ocrx_word' id='word_1_712' title='bbox 353 4500 399 4559; x_wconf 82' lang='grc' dir='ltr'><strong>καλ</strong></span> <span class='ocrx_word' id='word_1_713' title='bbox 420 4499 564 4581; x_wconf 71' lang='grc' dir='ltr'>φιλόνεικος</span> <span class='ocrx_word' id='word_1_714' title='bbox 580 4498 658 4558; x_wconf 84' lang='grc' dir='ltr'>λῦσόν</span> <span class='ocrx_word' id='word_1_715' title='bbox 670 4521 717 4559; x_wconf 91' lang='grc' dir='ltr'><strong>σου</strong></span> <span class='ocrx_word' id='word_1_716' title='bbox 774 4503 934 4561; x_wconf 90' lang='lat' dir='ltr'><strong>molliorem.</strong></span> <span class='ocrx_word' id='word_1_717' title='bbox 948 4501 1061 4578; x_wconf 91' lang='lat' dir='ltr'><strong>ltaque,</strong></span> <span class='ocrx_word' id='word_1_718' title='bbox 1074 4499 1177 4577; x_wconf 90' lang='lat' dir='ltr'><strong>inquit,</strong></span> <span class='ocrx_word' id='word_1_719' title='bbox 1191 4513 1221 4557; x_wconf 91' lang='lat' dir='ltr'><strong>tu</strong></span> <span class='ocrx_word' id='word_1_720' title='bbox 1241 4499 1279 4557; x_wconf 89' lang='lat' dir='ltr'><strong>ita</strong></span> <span class='ocrx_word' id='word_1_721' title='bbox 1293 4499 1401 4557; x_wconf 91' lang='lat' dir='ltr'><strong>rebellis</strong></span> <span class='ocrx_word' id='word_1_722' title='bbox 1414 4512 1439 4557; x_wconf 89' lang='lat' dir='ltr'><strong>ct</strong></span> <span class='ocrx_word' id='word_1_723' title='bbox 1454 4519 1516 4558; x_wconf 91' lang='lat' dir='ltr'><strong>cou-</strong></span> 
     </span>
    </p>

    <p class='ocr_par' dir='ltr' id='par_1_30' title="bbox 61 4578 1516 4670">
     <span class='ocr_line' id='line_1_52' title="bbox 61 4578 1516 4670; baseline -0.008 -23"><span class='ocrx_word' id='word_1_724' title='bbox 61 4609 138 4647; x_wconf 76' lang='grc' dir='ltr'>ιασιν.</span> <span class='ocrx_word' id='word_1_725' title='bbox 152 4590 187 4648; x_wconf 83' lang='grc' dir='ltr'><strong>Εἰ</strong></span> <span class='ocrx_word' id='word_1_726' title='bbox 200 4587 238 4666; x_wconf 78' lang='grc' dir='ltr'><strong>μή</strong></span> <span class='ocrx_word' id='word_1_727' title='bbox 252 4612 299 4649; x_wconf 90' lang='grc' dir='ltr'><strong>σου</strong></span> <span class='ocrx_word' id='word_1_728' title='bbox 312 4589 380 4670; x_wconf 88' lang='grc' dir='ltr'>νίψω</span> <span class='ocrx_word' id='word_1_729' title='bbox 399 4588 458 4658; x_wconf 84' lang='grc' dir='ltr'>τοθς</span> <span class='ocrx_word' id='word_1_730' title='bbox 478 4587 575 4661; x_wconf 87' lang='grc' dir='ltr'>πόδας,</span> <span class='ocrx_word' id='word_1_731' title='bbox 587 4591 635 4646; x_wconf 79' lang='grc' dir='ltr'><strong>οὐκ</strong></span> <span class='ocrx_word' id='word_1_732' title='bbox 649 4585 718 4669; x_wconf 80' lang='grc' dir='ltr'>έχεις</span> <span class='ocrx_word' id='word_1_733' title='bbox 772 4581 902 4654; x_wconf 78' lang='lat' dir='ltr'><strong>tentione,</strong></span> <span class='ocrx_word' id='word_1_734' title='bbox 921 4581 996 4639; x_wconf 89' lang='lat' dir='ltr'><strong>solve</strong></span> <span class='ocrx_word' id='word_1_735' title='bbox 1014 4578 1166 4638; x_wconf 90' lang='lat' dir='ltr'><strong>institutum</strong></span> <span class='ocrx_word' id='word_1_736' title='bbox 1187 4592 1273 4637; x_wconf 89' lang='lat' dir='ltr'><strong>tuum.</strong></span> <span class='ocrx_word' id='word_1_737' title='bbox 1290 4579 1321 4637; x_wconf 91' lang='lat' dir='ltr'><strong>Si</strong></span> <span class='ocrx_word' id='word_1_738' title='bbox 1340 4600 1399 4636; x_wconf 87' lang='lat' dir='ltr'><strong>non</strong></span> <span class='ocrx_word' id='word_1_739' title='bbox 1416 4579 1516 4637; x_wconf 75' lang='lat' dir='ltr'><strong>lavero</strong></span> 
     </span>
    </p>
   </div>
   <div class='ocr_carea' id='block_1_5' title="bbox 61 4657 1517 4845">
    <p class='ocr_par' dir='ltr' id='par_1_31' title="bbox 61 4657 1517 4845">
     <span class='ocr_line' id='line_1_53' title="bbox 63 4657 1517 4756; baseline 0.003 -44"><span class='ocrx_word' id='word_1_740' title='bbox 63 4677 99 4733; x_wconf 65' lang='lat' dir='ltr'><strong>„r</strong></span> <span class='ocrx_word' id='word_1_741' title='bbox 113 4678 187 4755; x_wconf 44' lang='grc' dir='ltr'>ἐμοῦ,</span> <span class='ocrx_word' id='word_1_742' title='bbox 200 4676 254 4736; x_wconf 53' lang='lat' dir='ltr'><strong>Kal</strong></span> <span class='ocrx_word' id='word_1_743' title='bbox 277 4682 291 4736; x_wconf 69' lang='lat' dir='ltr'><strong>g</strong></span> <span class='ocrx_word' id='word_1_744' title='bbox 315 4677 451 4756; x_wconf 58' lang='grc' dir='ltr'>μονοτόνος</span> <span class='ocrx_word' id='word_1_745' title='bbox 470 4677 515 4737; x_wconf 64' lang='lat' dir='ltr'><strong>„p</strong></span> <span class='ocrx_word' id='word_1_746' title='bbox 539 4681 554 4735; x_wconf 70' lang='lat' dir='ltr'><strong>g</strong></span> <span class='ocrx_word' id='word_1_747' title='bbox 573 4675 718 4756; x_wconf 46' lang='lat' dir='ltr'><strong>„mmm</strong></span> <span class='ocrx_word' id='word_1_748' title='bbox 774 4665 828 4719; x_wconf 81' lang='lat' dir='ltr'><strong>tibi</strong></span> <span class='ocrx_word' id='word_1_749' title='bbox 838 4662 935 4751; x_wconf 80' lang='lat' dir='ltr'><strong>pedes,</strong></span> <span class='ocrx_word' id='word_1_750' title='bbox 951 4681 1011 4718; x_wconf 88' lang='lat' dir='ltr'><strong>non</strong></span> <span class='ocrx_word' id='word_1_751' title='bbox 1020 4661 1140 4749; x_wconf 71' lang='lat' dir='ltr'><strong>babebis</strong></span> <span class='ocrx_word' id='word_1_752' title='bbox 1152 4671 1265 4749; x_wconf 78' lang='lat' dir='ltr'><strong>portent</strong></span> <span class='ocrx_word' id='word_1_753' title='bbox 1275 4672 1399 4753; x_wconf 13' lang='lat' dir='ltr'><strong>umerum,</strong></span> <span class='ocrx_word' id='word_1_754' title='bbox 1409 4657 1460 4717; x_wconf 90' lang='lat' dir='ltr'><strong>llle</strong></span> <span class='ocrx_word' id='word_1_755' title='bbox 1468 4680 1517 4717; x_wconf 87' lang='lat' dir='ltr'><strong>au-</strong></span> 
     </span>
     <span class='ocr_line' id='line_1_54' title="bbox 61 4737 1517 4845; baseline 0.002 -53"><span class='ocrx_word' id='word_1_756' title='bbox 61 4761 142 4845; x_wconf 52' lang='lat' dir='ltr'><strong>ggpoe,</strong></span> <span class='ocrx_word' id='word_1_757' title='bbox 165 4763 202 4841; x_wconf 67' lang='grc' dir='ltr'><strong>μὴ</strong></span> <span class='ocrx_word' id='word_1_758' title='bbox 228 4764 305 4842; x_wconf 60' lang='grc' dir='ltr'>μόνον</span> <span class='ocrx_word' id='word_1_759' title='bbox 326 4764 386 4832; x_wconf 55' lang='grc' dir='ltr'>τοὺς</span> <span class='ocrx_word' id='word_1_760' title='bbox 399 4764 500 4838; x_wconf 47' lang='grc' dir='ltr'>πόδας,</span> <span class='ocrx_word' id='word_1_761' title='bbox 523 4763 592 4824; x_wconf 58' lang='grc' dir='ltr'>ἀλλὰ</span> <span class='ocrx_word' id='word_1_762' title='bbox 612 4763 658 4822; x_wconf 64' lang='lat' dir='ltr'><strong>„p</strong></span> <span class='ocrx_word' id='word_1_763' title='bbox 670 4763 719 4832; x_wconf 58' lang='lat' dir='ltr'><strong>,gc</strong></span> <span class='ocrx_word' id='word_1_764' title='bbox 775 4753 828 4799; x_wconf 90' lang='lat' dir='ltr'><strong>tem</strong></span> <span class='ocrx_word' id='word_1_765' title='bbox 838 4739 947 4799; x_wconf 80' lang='lat' dir='ltr'><strong>rebellis</strong></span> <span class='ocrx_word' id='word_1_766' title='bbox 955 4752 981 4798; x_wconf 88' lang='lat' dir='ltr'><strong>ct</strong></span> <span class='ocrx_word' id='word_1_767' title='bbox 994 4750 1173 4797; x_wconf 78' lang='lat' dir='ltr'><strong>contentiosus</strong></span> <span class='ocrx_word' id='word_1_768' title='bbox 1190 4737 1263 4797; x_wconf 79' lang='lat' dir='ltr'><strong>dixit</strong></span> <span class='ocrx_word' id='word_1_769' title='bbox 1279 4762 1287 4794; x_wconf 76' lang='lat' dir='ltr'>z</span> <span class='ocrx_word' id='word_1_770' title='bbox 1302 4741 1439 4809; x_wconf 69' lang='lat' dir='ltr'><strong>Domine,</strong></span> <span class='ocrx_word' id='word_1_771' title='bbox 1457 4759 1517 4796; x_wconf 90' lang='lat' dir='ltr'><strong>non</strong></span> 
     </span>
    </p>
   </div>
   <div class='ocr_carea' id='block_1_6' title="bbox 61 4817 1519 5057">
    <p class='ocr_par' dir='ltr' id='par_1_32' title="bbox 61 4817 1519 5057">
     <span class='ocr_line' id='line_1_55' title="bbox 69 4817 1517 4934; baseline -0.007 -50"><span class='ocrx_word' id='word_1_772' title='bbox 69 4851 115 4910; x_wconf 64' lang='grc' dir='ltr'><strong>καγ</strong></span> <span class='ocrx_word' id='word_1_773' title='bbox 137 4849 185 4925; x_wconf 50' lang='grc' dir='ltr'><strong>τὴν</strong></span> <span class='ocrx_word' id='word_1_774' title='bbox 200 4852 329 4934; x_wconf 41' lang='grc' dir='ltr'>κεφαλήν.</span> <span class='ocrx_word' id='word_1_775' title='bbox 345 4853 386 4913; x_wconf 71' lang='lat' dir='ltr'><strong>Tg</strong></span> <span class='ocrx_word' id='word_1_776' title='bbox 407 4853 549 4934; x_wconf 51' lang='grc' dir='ltr'>κεφάλαιον</span> <span class='ocrx_word' id='word_1_777' title='bbox 566 4851 718 4933; x_wconf 51' lang='grc' dir='ltr'>ἀπεστέρει,</span> <span class='ocrx_word' id='word_1_778' title='bbox 775 4832 892 4879; x_wconf 84' lang='lat' dir='ltr'><strong>tantum</strong></span> <span class='ocrx_word' id='word_1_779' title='bbox 909 4819 1008 4910; x_wconf 76' lang='lat' dir='ltr'><strong>pedes,</strong></span> <span class='ocrx_word' id='word_1_780' title='bbox 1028 4819 1081 4878; x_wconf 87' lang='lat' dir='ltr'><strong>sed</strong></span> <span class='ocrx_word' id='word_1_781' title='bbox 1099 4830 1254 4877; x_wconf 80' lang='lat' dir='ltr'><strong>et&#39;manus</strong></span> <span class='ocrx_word' id='word_1_782' title='bbox 1274 4831 1303 4876; x_wconf 87' lang='lat' dir='ltr'><strong>et</strong></span> <span class='ocrx_word' id='word_1_783' title='bbox 1323 4829 1421 4909; x_wconf 76' lang='lat' dir='ltr'><strong>eaput.</strong></span> <span class='ocrx_word' id='word_1_784' title='bbox 1446 4817 1517 4875; x_wconf 89' lang='lat' dir='ltr'><strong>Tota</strong></span> 
     </span>
     <span class='ocr_line' id='line_1_56' title="bbox 61 4895 1519 5015; baseline -0.006 -53"><span class='ocrx_word' id='word_1_785' title='bbox 61 4937 165 5000; x_wconf 46' lang='grc' dir='ltr'>,τόκου</span> <span class='ocrx_word' id='word_1_786' title='bbox 180 4941 310 5002; x_wconf 39' lang='grc' dir='ltr'>ἀπέδωκε.</span> <span class='ocrx_word' id='word_1_787' title='bbox 327 4943 352 5001; x_wconf 75' lang='lat' dir='ltr'>x</span> <span class='ocrx_word' id='word_1_788' title='bbox 372 4948 493 5002; x_wconf 50' lang='grc' dir='ltr'>ιπιανῶν</span> <span class='ocrx_word' id='word_1_789' title='bbox 507 4935 569 5015; x_wconf 56' lang='grc' dir='ltr'>ἦθος</span> <span class='ocrx_word' id='word_1_790' title='bbox 582 4945 630 5002; x_wconf 58' lang='grc' dir='ltr'><strong>οὐχ</strong></span> <span class='ocrx_word' id='word_1_791' title='bbox 648 4942 719 5002; x_wconf 56' lang='lat' dir='ltr'><strong>,m</strong></span> <span class='ocrx_word' id='word_1_792' title='bbox 775 4920 880 4959; x_wconf 87' lang='lat' dir='ltr'><strong>summa</strong></span> <span class='ocrx_word' id='word_1_793' title='bbox 892 4897 1035 4990; x_wconf 73' lang='lat' dir='ltr'><strong>privabat,</strong></span> <span class='ocrx_word' id='word_1_794' title='bbox 1045 4911 1072 4956; x_wconf 94' lang='lat' dir='ltr'><strong>et</strong></span> <span class='ocrx_word' id='word_1_795' title='bbox 1085 4917 1147 4956; x_wconf 90' lang='lat' dir='ltr'><strong>cum</strong></span> <span class='ocrx_word' id='word_1_796' title='bbox 1167 4914 1249 4989; x_wconf 75' lang='lat' dir='ltr'><strong>usura</strong></span> <span class='ocrx_word' id='word_1_797' title='bbox 1263 4897 1392 4990; x_wconf 80' lang='lat' dir='ltr'><strong>reddidit.</strong></span> <span class='ocrx_word' id='word_1_798' title='bbox 1405 4895 1465 4954; x_wconf 88' lang='lat' dir='ltr'><strong>Non</strong></span> <span class='ocrx_word' id='word_1_799' title='bbox 1479 4910 1519 4954; x_wconf 89' lang='lat' dir='ltr'><strong>cst</strong></span> 
     </span>
     <span class='ocr_line' id='line_1_57' title="bbox 355 4967 1519 5057; baseline -0.007 -17"><span class='ocrx_word' id='word_1_800' title='bbox 355 4967 369 5023; x_wconf 68' lang='grc' dir='ltr'>ρ</span> <span class='ocrx_word' id='word_1_801' title='bbox 775 4999 833 5038; x_wconf 89' lang='lat' dir='ltr'><strong>mos</strong></span> <span class='ocrx_word' id='word_1_802' title='bbox 852 4979 1068 5037; x_wconf 77' lang='lat' dir='ltr'><strong>Christianorum</strong></span> <span class='ocrx_word' id='word_1_803' title='bbox 1087 4996 1143 5036; x_wconf 83' lang='lat' dir='ltr'><strong>esse</strong></span> <span class='ocrx_word' id='word_1_804' title='bbox 1160 4997 1326 5057; x_wconf 71' lang='lat' dir='ltr'><strong>pervicaces,</strong></span> <span class='ocrx_word' id='word_1_805' title='bbox 1343 4997 1395 5033; x_wconf 89' lang='lat' dir='ltr'><strong>non</strong></span> <span class='ocrx_word' id='word_1_806' title='bbox 1415 4987 1519 5055; x_wconf 90' lang='lat' dir='ltr'><strong>oportet</strong></span> 
     </span>
    </p>
   </div>
   <div class='ocr_carea' id='block_1_7' title="bbox 61 5023 1523 5220">
    <p class='ocr_par' dir='ltr' id='par_1_33' title="bbox 61 5023 1523 5220">
     <span class='ocr_line' id='line_1_58' title="bbox 61 5023 1521 5132; baseline 0.003 -23"><span class='ocrx_word' id='word_1_807' title='bbox 61 5053 99 5088; x_wconf 61' lang='grc' dir='ltr'><strong>’ν’</strong></span> <span class='ocrx_word' id='word_1_808' title='bbox 114 5032 144 5088; x_wconf 64' lang='grc' dir='ltr'><strong>Οὐ</strong></span> <span class='ocrx_word' id='word_1_809' title='bbox 163 5031 202 5089; x_wconf 61' lang='grc' dir='ltr'><strong>δεῖ</strong></span> <span class='ocrx_word' id='word_1_810' title='bbox 216 5031 374 5112; x_wconf 53' lang='grc' dir='ltr'>Χριστιανὸν</span> <span class='ocrx_word' id='word_1_811' title='bbox 389 5030 498 5112; x_wconf 65' lang='grc' dir='ltr'><strong>ἔίθθῑλθν</strong></span> <span class='ocrx_word' id='word_1_812' title='bbox 514 5023 576 5105; x_wconf 70' lang='lat' dir='ltr'><strong>iou&lt;</strong></span> <span class='ocrx_word' id='word_1_813' title='bbox 589 5030 676 5111; x_wconf 54' lang='grc' dir='ltr'><strong>(δείν’</strong></span> <span class='ocrx_word' id='word_1_814' title='bbox 691 5033 721 5092; x_wconf 66' lang='lat' dir='ltr'><strong>V&#39;</strong></span> <span class='ocrx_word' id='word_1_815' title='bbox 776 5057 960 5117; x_wconf 83' lang='lat' dir='ltr'><strong>Christianum</strong></span> <span class='ocrx_word' id='word_1_816' title='bbox 974 5056 1017 5116; x_wconf 91' lang='lat' dir='ltr'><strong>sui</strong></span> <span class='ocrx_word' id='word_1_817' title='bbox 1031 5070 1165 5116; x_wconf 88' lang='lat' dir='ltr'><strong>amantem</strong></span> <span class='ocrx_word' id='word_1_818' title='bbox 1176 5077 1244 5132; x_wconf 81' lang='lat' dir='ltr'><strong>esse3</strong></span> <span class='ocrx_word' id='word_1_819' title='bbox 1262 5077 1314 5113; x_wconf 92' lang='lat' dir='ltr'><strong>non</strong></span> <span class='ocrx_word' id='word_1_820' title='bbox 1325 5054 1401 5112; x_wconf 89' lang='lat' dir='ltr'><strong>decet</strong></span> <span class='ocrx_word' id='word_1_821' title='bbox 1416 5074 1472 5112; x_wconf 87' lang='lat' dir='ltr'><strong>esse</strong></span> <span class='ocrx_word' id='word_1_822' title='bbox 1485 5052 1521 5113; x_wconf 88' lang='lat' dir='ltr'><strong>ad</strong></span> 
     </span>
     <span class='ocr_line' id='line_1_59' title="bbox 61 5109 1523 5220; baseline 0.001 -31"><span class='ocrx_word' id='word_1_823' title='bbox 61 5117 205 5178; x_wconf 64' lang='grc' dir='ltr'>νπθῑκέθθν</span> <span class='ocrx_word' id='word_1_824' title='bbox 216 5109 282 5177; x_wconf 59' lang='lat' dir='ltr'><strong>‘lm</strong></span> <span class='ocrx_word' id='word_1_825' title='bbox 292 5122 329 5185; x_wconf 66' lang='lat' dir='ltr'><strong>‘lt</strong></span> <span class='ocrx_word' id='word_1_826' title='bbox 337 5118 490 5194; x_wconf 65' lang='grc' dir='ltr'>ἕπῑὸθυθθνν</span> <span class='ocrx_word' id='word_1_827' title='bbox 504 5122 562 5180; x_wconf 66' lang='grc' dir='ltr'>ἀλλ’</span> <span class='ocrx_word' id='word_1_828' title='bbox 576 5117 721 5202; x_wconf 64' lang='grc' dir='ltr'>ἀπθδῦτρθ·</span> <span class='ocrx_word' id='word_1_829' title='bbox 777 5137 888 5197; x_wconf 84' lang='lat' dir='ltr'><strong>insidias</strong></span> <span class='ocrx_word' id='word_1_830' title='bbox 902 5136 1035 5220; x_wconf 87' lang='lat' dir='ltr'><strong>parandas</strong></span> <span class='ocrx_word' id='word_1_831' title='bbox 1050 5135 1194 5211; x_wconf 85' lang='lat' dir='ltr'><strong>callidum,</strong></span> <span class='ocrx_word' id='word_1_832' title='bbox 1210 5134 1257 5194; x_wconf 87' lang='lat' dir='ltr'><strong>sed</strong></span> <span class='ocrx_word' id='word_1_833' title='bbox 1278 5134 1336 5194; x_wconf 90' lang='lat' dir='ltr'><strong>sine</strong></span> <span class='ocrx_word' id='word_1_834' title='bbox 1356 5136 1418 5192; x_wconf 90' lang='lat' dir='ltr'><strong>suco</strong></span> <span class='ocrx_word' id='word_1_835' title='bbox 1433 5133 1523 5191; x_wconf 87' lang='lat' dir='ltr'><strong>virtu·</strong></span> 
     </span>
    </p>
   </div>
   <div class='ocr_carea' id='block_1_8' title="bbox 61 5198 1525 5380">
    <p class='ocr_par' dir='ltr' id='par_1_34' title="bbox 61 5198 1525 5380">
     <span class='ocr_line' id='line_1_60' title="bbox 62 5198 1522 5297; baseline -0.006 -18"><span class='ocrx_word' id='word_1_836' title='bbox 62 5206 173 5289; x_wconf 69' lang='grc' dir='ltr'>ἀρετήν·</span> <span class='ocrx_word' id='word_1_837' title='bbox 185 5198 238 5266; x_wconf 75' lang='grc' dir='ltr'><strong>οἷον</strong></span> <span class='ocrx_word' id='word_1_838' title='bbox 253 5209 292 5267; x_wconf 80' lang='grc' dir='ltr'><strong>δεῖ</strong></span> <span class='ocrx_word' id='word_1_839' title='bbox 306 5198 390 5284; x_wconf 77' lang='grc' dir='ltr'>εἶναι,</span> <span class='ocrx_word' id='word_1_840' title='bbox 401 5209 509 5292; x_wconf 73' lang='grc' dir='ltr'>φαιδρὸν</span> <span class='ocrx_word' id='word_1_841' title='bbox 530 5209 578 5289; x_wconf 73' lang='grc' dir='ltr'><strong>μὲν</strong></span> <span class='ocrx_word' id='word_1_842' title='bbox 592 5213 619 5270; x_wconf 80' lang='grc' dir='ltr'><strong>έν</strong></span> <span class='ocrx_word' id='word_1_843' title='bbox 636 5212 722 5291; x_wconf 80' lang='grc' dir='ltr'>καιρῷ</span> <span class='ocrx_word' id='word_1_844' title='bbox 777 5231 830 5276; x_wconf 84' lang='lat' dir='ltr'><strong>tem</strong></span> <span class='ocrx_word' id='word_1_845' title='bbox 847 5216 941 5276; x_wconf 79' lang='lat' dir='ltr'><strong>adire:</strong></span> <span class='ocrx_word' id='word_1_846' title='bbox 955 5215 1032 5276; x_wconf 83' lang='lat' dir='ltr'><strong>velut</strong></span> <span class='ocrx_word' id='word_1_847' title='bbox 1051 5227 1155 5297; x_wconf 82' lang='lat' dir='ltr'><strong>oportet</strong></span> <span class='ocrx_word' id='word_1_848' title='bbox 1167 5234 1224 5297; x_wconf 71' lang='lat' dir='ltr'><strong>esse</strong></span> <span class='ocrx_word' id='word_1_849' title='bbox 1235 5214 1327 5274; x_wconf 82' lang='lat' dir='ltr'><strong>latum</strong></span> <span class='ocrx_word' id='word_1_850' title='bbox 1339 5213 1438 5272; x_wconf 79' lang='lat' dir='ltr'><strong>latitia</strong></span> <span class='ocrx_word' id='word_1_851' title='bbox 1454 5226 1522 5272; x_wconf 81' lang='lat' dir='ltr'><strong>rem-</strong></span> 
     </span>
     <span class='ocr_line' id='line_1_61' title="bbox 61 5290 1525 5380; baseline -0.001 -27"><span class='ocrx_word' id='word_1_852' title='bbox 61 5318 136 5371; x_wconf 83' lang='grc' dir='ltr'>ητος,</span> <span class='ocrx_word' id='word_1_853' title='bbox 159 5297 268 5377; x_wconf 81' lang='grc' dir='ltr'>στυγνδν</span> <span class='ocrx_word' id='word_1_854' title='bbox 293 5297 320 5358; x_wconf 79' lang='grc' dir='ltr'><strong>δέ</strong></span> <span class='ocrx_word' id='word_1_855' title='bbox 343 5301 370 5358; x_wconf 82' lang='grc' dir='ltr'><strong>έν</strong></span> <span class='ocrx_word' id='word_1_856' title='bbox 384 5302 470 5380; x_wconf 80' lang='grc' dir='ltr'>καιρῷ</span> <span class='ocrx_word' id='word_1_857' title='bbox 489 5297 589 5378; x_wconf 81' lang='grc' dir='ltr'>λάπης,</span> <span class='ocrx_word' id='word_1_858' title='bbox 602 5301 640 5366; x_wconf 82' lang='grc' dir='ltr'><strong>ὡς</strong></span> <span class='ocrx_word' id='word_1_859' title='bbox 651 5297 722 5379; x_wconf 81' lang='grc' dir='ltr'>λέγει</span> <span class='ocrx_word' id='word_1_860' title='bbox 779 5316 859 5379; x_wconf 87' lang='lat' dir='ltr'><strong>pore,</strong></span> <span class='ocrx_word' id='word_1_861' title='bbox 880 5308 1007 5356; x_wconf 83' lang='lat' dir='ltr'><strong>moestum</strong></span> <span class='ocrx_word' id='word_1_862' title='bbox 1031 5315 1096 5358; x_wconf 81' lang='lat' dir='ltr'><strong>vero</strong></span> <span class='ocrx_word' id='word_1_863' title='bbox 1113 5307 1233 5376; x_wconf 80' lang='lat' dir='ltr'><strong>tompore</strong></span> <span class='ocrx_word' id='word_1_864' title='bbox 1252 5293 1397 5370; x_wconf 76' lang='lat' dir='ltr'><strong>mestitia,</strong></span> <span class='ocrx_word' id='word_1_865' title='bbox 1412 5305 1443 5350; x_wconf 91' lang='lat' dir='ltr'><strong>ut</strong></span> <span class='ocrx_word' id='word_1_866' title='bbox 1455 5290 1525 5351; x_wconf 88' lang='lat' dir='ltr'><strong>dicit</strong></span> 
     </span>
    </p>
   </div>
   <div class='ocr_carea' id='block_1_9' title="bbox 0 0 1882 5940">
    <p class='ocr_par' dir='ltr' id='par_1_35' title="bbox 0 0 1882 5940">
     <span class='ocr_line' id='line_1_62' title="bbox 0 0 1882 5940; baseline 0 0"><span class='ocrx_word' id='word_1_867' title='bbox 0 0 1882 5940; x_wconf 95' lang='lat' dir='ltr'><strong> </strong></span> 
     </span>
    </p>
   </div>
  </div>
 </body>
</html>
