3750 5940
52 430 81 480 n.
107 430 202 482 uvi.
228 408 278 483 el.
305 434 387 486 uxr.
770 408 843 506 455

96 559 304 631 catartaria,
318 559 400 641 quod
408 561 558 621 hamne
565 563 775 621 resuscitasset.
783 557 845 618 Non

97 648 169 708 enim
176 662 217 709 tot
228 665 337 732 repente
349 652 447 712 mutati
459 653 582 728 finissent,
593 653 692 733 inquit,
703 652 756 712 nisi
768 651 846 732 signo

97 741 282 803 credidissent.
296 747 345 805 19.
355 749 503 807 Plarisoei
511 761 610 808 autem
619 750 759 807 diruunt
771 747 844 820 iilis,

102 836 213 895 Videtis
219 840 291 918 quia
304 839 381 897 nidil
389 838 553 921 projicitis?
566 841 645 899 Ecce
657 839 784 899 mundus
799 851 844 899 to·

101 939 148 987 tus
158 941 225 1008 post
238 929 325 988 iilum
335 933 408 990 abit.
422 930 481 991 Hoc
492 929 597 992 dictum
611 930 680 991 mihi
688 928 798 991 videtur
809 931 846 991 ab

100 1019 136 1080 iis
145 1021 193 1101 qui
205 1043 275 1082 sene
290 1023 387 1084 mentis
398 1037 484 1101 erent,
494 1046 544 1085 nec
556 1024 690 1085 audebant
702 1024 793 1106 pelam
804 1024 846 1085 lo-

102 1115 161 1193 qui3
176 1128 250 1176 etex
268 1130 367 1178 eventu
381 1117 554 1179 confutabant
574 1118 647 1194 illos,
659 1116 751 1197 utqui
764 1116 847 1178 inuti·

99 1207 137 1268 lia
154 1223 293 1269 tentarent.
304 1210 441 1270 Mundum
458 1224 548 1271 nutem
559 1211 606 1272 hic
617 1210 728 1271 turbem
738 1224 846 1274 vocent.

100 1300 174 1361 Solet
185 1301 257 1361 enim
271 1302 412 1384 Scriptura
425 1300 558 1363 mundum
568 1302 657 1363 dicere
666 1316 846 1382 mereatoris,

51 1405 84 1453 »n
100 1408 126 1454 et
137 1416 182 1455 eos
200 1395 247 1475 qui
263 1395 291 1454 in
312 1395 431 1476 nequitia
443 1396 636 1457 virunttillud
660 1396 772 1477 quidem
785 1417 848 1457 cnm

100 1487 153 1562 nit,
172 1489 315 1569 Efferens
341 1490 502 1549 secuudum
525 1510 677 1550 munerum
706 1490 969 1566 mundtonteaetto.

101 1600 187 1640 sunm
202 1604 211 1638 .·
227 1579 279 1640 hoc
303 1601 367 1641 reio
392 1602 455 1641 cnm
475 1581 552 1658 dicit,
567 1583 700 1643 Mundus
718 1602 773 1642 ‘cos
790 1601 850 1640 non
859 1568 928 1679 ᾖ.

101 1673 174 1749 odit,
189 1693 236 1731 me
248 1685 348 1732 autern
358 1675 430 1734 odit.
445 1673 511 1734 llaec
521 1687 646 1734 eccurute
655 1674 724 1734 scire
734 1694 785 1756 per
797 1687 848 1752 set,
941 1647 964 1695 ⁷⁸
977 1649 1000 1697 7‘

101 1780 237 1848 nepraeter
246 1769 386 1828 nominum
395 1769 619 1849 significationem
627 1770 747 1831 heretici
757 1790 852 1853 ensem

100 1861 240 1942 arripiant.
250 1864 299 1920 20.
308 1864 406 1921 Erant
416 1876 516 1921 autem
524 1864 647 1944 quidam
655 1864 788 1944 gentiles,
799 1865 853 1946 qui

101 1955 296 2014 ascenderant
316 1955 443 2013 adorare
461 1958 494 2012 in
508 1957 695 2015 solennitate.
710 1956 780 2019 Cum
792 1953 852 2035 jun

101 2066 184 2127 prope
194 2061 262 2106 esset
272 2060 302 2107 ut
312 2046 442 2129 proselyti
455 2046 561 2121 fierent,
575 2061 703 2108 renerent
714 2046 751 2107 nd
763 2046 851 2107 solen·

101 2140 222 2216 nitatem,
236 2154 262 2200 et
284 2142 355 2201 ierne
374 2144 502 2202 commoti
525 2139 621 2202 dicunt
632 2144 699 2201 zet.
710 2142 851 2203 totunm

101 2237 206 2294 Jesum
225 2235 337 2295 videre.
354 2235 500 2316 Philippus
516 2248 608 2295 entem
627 2232 764 2295 induam
782 2233 851 2311 edit,

51 2360 52 2365 κ
102 2341 194 2410 utpote
204 2328 253 2406 qui
265 2328 354 2411 ipsum
372 2327 544 2411 precederet,
555 2341 582 2388 et
593 2348 651 2388 reni
665 2327 691 2387 ei
702 2327 853 2389 motuni·

68 2426 85 2473 Ε
102 2434 153 2479 cet.
167 2423 271 2481 Verum
283 2440 335 2481 non
351 2421 409 2480 sine
419 2420 543 2481 cautione
555 2440 606 2480 nec
615 2418 707 2502 palam
721 2418 751 2479 id
763 2419 828 2481 iecit
843 2442 852 2477 e

103 2511 224 2572 audierat
247 2512 380 2588 enimin
399 2517 485 2573 uiam
504 2517 636 2594 gentium
650 2534 688 2572 ne
708 2514 850 2573 abieritis.
862 2542 951 2591 Μ,
967 2554 1003 2589 ,0,

51 2649 52 2655 1
104 2604 169 2664 ldeo
182 2627 238 2665 rem
256 2627 319 2665 cum
335 2605 472 2686 discipulo
483 2606 710 2667 communicatem
719 2605 853 2687 Magistro
861 2608 887 2659 ⁵·

104 2698 184 2758 refert
195 2698 294 2757 :ambo
309 2697 380 2757 enim
399 2696 428 2757 id
440 2698 588 2758 retulerunt
602 2697 636 2757 ei.
650 2697 701 2757 llle
711 2718 777 2759 vero
786 2697 855 2779 quid

51 2811 53 2832 ¹
104 2787 194 2848 dicit?
205 2790 252 2848 23.
266 2792 351 2848 Venit
365 2792 440 2849 liora
453 2802 486 2848 ut
498 2788 682 2870 clarificetur
690 2790 789 2850 Filius
798 2791 853 2851 to-

51 2904 53 2924 ·
105 2888 203 2943 minis.
214 2882 262 2943 24.
272 2886 341 2943 Nisi
348 2904 474 2963 grannm
476 2884 627 2965 frumenti
641 2884 750 2943 cadens
757 2887 790 2942 in
798 2897 856 2944 ter-

51 2996 169 3075 ›mram
177 2990 323 3035 mortuum
327 2977 437 3057 suerit,
446 2979 541 3057 ipsum
548 2975 643 3035 solum
653 2988 763 3036 menet.
777 2975 856 3050 Quid

51 3111 54 3132 .
70 3093 89 3138 Α
105 3068 241 3147 significet
257 3065 336 3141 illud,
353 3069 438 3127 Venit
458 3069 554 3127 liora?
568 3066 697 3145 Dixerat,
711 3072 751 3127 In
771 3073 857 3130 uiam

51 3190 53 3198 ·
103 3162 431 3241 gentiumneabieritis,
445 3156 666 3219 omnemludeeis
675 3157 857 3240 praescindens

51 3282 54 3293 ·
105 3250 262 3332 pervicaciae
277 3271 379 3326 ansam3
394 3249 457 3309 illos
471 3248 603 3308 cohibuit.
618 3251 689 3310 cum
708 3264 800 3312 antem
815 3252 857 3313 illi

51 3375 54 3386 ·
106 3343 270 3423 immorigeri
280 3357 429 3417 monerent,
438 3342 551 3423 gentiles
563 3356 655 3402 eutem
663 3342 791 3405 accedere
801 3345 858 3406 vel·

51 3458 55 3492 ι
105 3436 170 3510 lent,
182 3437 303 3516 Tempus
313 3433 436 3510 demum,
448 3434 590 3514 inquit,est
601 3432 797 3516 adpersionem
807 3458 858 3498 uc-

51 3562 54 3571 »
106 3526 227 3603 cedendi,
238 3549 301 3587 cum
308 3526 398 3587 omnin
408 3526 519 3608 impleta
527 3530 591 3586 sint.
603 3528 674 3587 Num
688 3528 859 3589 sicontume·

51 3653 54 3664 ·
106 3620 183 3679 cibus
200 3620 256 3679 illis
273 3642 379 3702 semper
400 3619 577 3695 haereremus,
596 3620 712 3701 illosque
733 3623 860 3684 accedere

51 3737 54 3770 ι
105 3712 284 3773 volentesnon
293 3710 653 3792 admitteremus,indignum
662 3714 715 3773 hoc
723 3731 789 3775 esset
797 3737 860 3798 pro-

51 3828 55 3870 :
107 3803 227 3865 videntia
245 3819 346 3864 nostru.
361 3805 433 3880 Quia
450 3804 534 3884 igitur
547 3803 697 3886 discipulos
715 3828 778 3867 suos
797 3821 859 3890 post

51 3943 54 3955 .
107 3917 214 3955 crucem
230 3895 265 3954 ad
283 3910 374 3976 gentes
393 3896 526 3955 missnms
546 3910 612 3972 erat,
626 3918 689 3956 cum
706 3898 781 3960 videt
797 3901 859 3963 illes

51 4013 55 4040 ι
103 3991 161 4071 jum
181 3990 316 4064 accedere,
325 3989 372 4065 nit,
383 3990 506 4071 Tempus
526 4001 566 4048 est
587 4004 617 4047 nt
629 3991 665 4049 nd
689 4011 797 4051 crucem
811 4015 858 4055 ve-

51 4126 55 4150 ,
71 4100 90 4147 B
107 4080 189 4139 niam.
200 4082 259 4138 Non
272 4094 349 4139 antee
360 4079 424 4138 sivit
437 4077 612 4149 accedere,ut
626 4077 655 4138 id
665 4093 732 4139 esset
743 4080 770 4139 in
784 4082 859 4141 testi-

51 4209 57 4218 ·
109 4172 230 4229 monium
252 4170 316 4229 illis.
334 4174 485 4248 Antequam
505 4168 577 4227 enim
593 4168 672 4229 illum
689 4171 857 4253 repellerent,

51 4291 54 4338 Ι
108 4272 251 4337 antequem
272 4259 301 4317 in
323 4279 430 4318 crucem
448 4271 565 4337 agerent,
580 4277 632 4316 non
649 4256 732 4336 dixit,
744 4262 858 4322 Euntes
869 4300 954 4346 m·
969 4299 1008 4348 23·

51 4392 56 4403 ·
108 4353 209 4410 docete
225 4371 324 4409 omnes
337 4363 449 4431 genten·
463 4347 522 4426 sed,
532 4352 571 4407 In
583 4353 668 4410 uiam
679 4356 810 4432 gentium
821 4376 858 4413 ne
872 4376 908 4422 ις.
920 4372 942 4409 ei
959 4376 995 4415 m.

51 4475 56 4509 ι
108 4447 237 4502 abieritis
244 4468 257 4513 ,·
268 4457 303 4514 et,
318 4445 386 4502 Νοη
396 4445 500 4501 missus
510 4461 575 4501 sum
588 4446 647 4502 nisi
661 4444 703 4503 ad
715 4464 782 4505 ores
793 4467 858 4529 quae
868 4424 930 4533 {m
953 4489 989 4534 ¹3·

51 4567 57 4610 ;
106 4540 253 4616 perierunt
265 4537 370 4594 domus
381 4535 489 4597 lsraeir
501 4546 539 4612 et,
550 4536 620 4594 Non
630 4549 674 4596 est
688 4539 796 4597 bonum
808 4560 858 4599 ac·
868 4552 908 4610 ²4·
926 4554 966 4602 ιθ.

50 4659 57 4703 3
108 4634 202 4709 cipere
221 4650 329 4709 panem
339 4628 488 4709 filiorum,
499 4639 527 4686 et
547 4626 620 4688 dare
637 4632 771 4690 canibus.
788 4631 858 4690 Cum

51 4761 55 4772 ·
109 4736 198 4780 autem
208 4720 270 4780 odio
284 4720 412 4779 baberent
425 4739 499 4796 eum,
510 4733 536 4778 et
551 4719 588 4778 ite
602 4718 666 4780 odio
679 4721 817 4797 haberent,
828 4736 859 4783 ut

51 4852 58 4862 ·
109 4815 275 4889 occiderent,
290 4813 457 4895 superfluum
475 4826 532 4872 eret
554 4814 702 4893 persistere,
717 4817 858 4877 renitenti-

51 4935 59 4970 ε
111 4908 162 4966 bus
173 4907 236 4965 illis.
247 4908 317 4966 Nam
327 4919 485 4966 recusarunt
497 4905 575 4964 illum
586 4905 714 4978 dicentes,
723 4911 792 4968 Non
804 4912 858 4970 lia-
866 4954 897 4997 to
898 4962 937 4998 a.
972 4960 1009 5010 ¹9·

51 5018 59 5061 t
113 5005 210 5062 bemus
224 5023 319 5083 regern
333 5004 392 5059 nisi
407 5002 563 5060 Coesarem.
580 5002 660 5061 Tunc
673 5010 783 5062 demum
797 5003 858 5065 illos
871 5015 907 5064 ιε.

50 5130 58 5141 ·
112 5092 229 5171 dimisit,
240 5093 305 5172 quie
322 5092 374 5174 ipsi
391 5091 495 5174 priores
517 5091 685 5154 dimiserant.
702 5092 767 5155 ldeo
778 5092 857 5176 dicit,

60 5284 86 5324 et
98 5288 153 5325 vere
165 5268 201 5324 sic
210 5269 298 5325 melius
306 5266 419 5321 heberet.
