3750 5940
385 443 419 492 tlt
441 439 647 491 PARABOLAM
672 436 717 486 DE
743 436 830 487 Flhlo
855 439 1018 489 reomao·

49 571 110 632 :eo't
123 569 190 645 έμοῧ
198 565 306 643 παιδὸς,
323 565 390 644 ίμιλν
412 565 487 636 δόξαν
501 570 618 646 ἡγοῦμαι
629 562 689 623 τού·

49 647 240 787 lolliginibus
254 729 291 793 εἰς
301 725 351 799 τὴν
364 734 441 805 χεῖρα
453 726 547 784 αὐτοῦ·
561 724 605 782 ἵνα
620 727 687 802 φορῇ

49 807 114 866 δῶνα
127 812 173 864 τοῦ
184 804 352 883 Πνεόματος,
367 805 413 864 καί
420 809 505 885 φορῶν
521 803 599 864 αὐτὸν
607 826 686 883 φρου-

1409 417 1481 495 655

741 562 923 642 relinquatur:
934 586 1023 625 meum
1033 567 1164 659 probrum
1178 589 1270 628 censeo
1279 569 1331 629 filii
1341 570 1481 652 probrum,

741 663 828 702 meam
841 642 953 721 gloriam
969 647 1094 713 existimo
1109 648 1190 729 hujus
1204 649 1306 708 celebre
1316 671 1421 709 nomen.

782 724 811 781 5.
837 724 1019 785 Dateetiam
1041 728 1185 786 annulum
1207 733 1239 786 in
1258 750 1377 788 manum
1398 732 1481 810 ejus:

742 814 772 892 ut
785 802 903 883 Spiritus
921 804 1020 884 pignus
1046 820 1129 885 gerat,
1148 821 1173 866 et
1189 807 1278 889 ipsum
1296 808 1383 868 serens
1396 821 1483 867 custo-

56 888 136 944 αθτοῧ
149 889 195 944 τοῦ
207 884 376 1039 Πνεύχατος·
397 882 440 942 ίνα
463 883 509 956 τὴν
524 882 591 961 ἐμὴν
606 905 688 961 σφρα-
742 879 835 940 dratur
848 881 948 963 abipso
964 885 1066 976 Spiritu
1075 909 1083 961 ;
1093 900 1122 944 ut
1135 908 1226 959 meum
1235 887 1358 967 sigillum
1369 888 1484 946 circurn-

49 963 267 1047 deauratae

49 1070 52 1080 ·
66 1045 110 1104 ἵνα
121 1044 256 1125 πόρρωθεν
270 1032 409 1125 φαίνηται,
421 1043 497 1102 ποίου
509 1041 609 1121 πατρός
619 1044 689 1100 ἐστιν

49 1150 63 1192 ;.
77 1124 144 1183 Δότε
152 1124 364 1201 καλδποδήματα
376 1126 413 1190 εἰς
424 1122 485 1189 τοὺς
496 1121 577 1187 πόδας
591 1122 687 1179 αὐτοῦ·

49 1203 109 1264 ιίλιν
124 1202 187 1285 εὕρη
198 1207 212 1262 δ
222 1202 280 1283 όφις
290 1202 392 1284 γυμνὴν
403 1202 451 1274 τὴν
466 1202 579 1285 πτέρναν
594 1203 687 1272 αὐτοῦ,

52 1282 81 1356 ξη
97 1283 175 1343 αὐτὸν
189 1281 233 1340 διδ
247 1287 293 1343 τοῦ
310 1281 432 1364 κέντρου·
448 1280 565 1340 ἀλλ’ἵνα
587 1280 688 1356 μᾶλλον

49 1351 146 1440 τόπατῇ
161 1362 209 1434 τὴν
219 1368 264 1421 τοῦ
278 1364 294 1420 δ
311 1363 418 1427 ἄκοντος
431 1359 558 1441 κεφαλὴν,
572 1357 616 1417 ἵνα
628 1381 687 1417 συν-

49 1450 55 1500 i
75 1440 203 1519 πολεμίου
224 1440 258 1500 rit
321 1464 390 1521 τρα,
405 1442 451 1500 καί
471 1439 515 1499 ἵνα
534 1437 617 1520 τρέχῃ
639 1436 687 1509 τὴν

49 1545 70 1582 ιν
83 1522 152 1583 δδόν.
173 1521 226 1580 Καί
251 1522 402 1600 ἐνέγκαντες
422 1520 465 1580 τὸν
481 1519 580 1619 μόσχον
592 1518 636 1576 τὸν
652 1540 689 1576 σι·

49 1602 132 1661 trees.
145 1603 225 1661 Ποῖον
243 1600 343 1681 μόσχον
355 1599 385 1658 λέ
403 1624 426 1659 ει
437 1620 570 1669 σιτευτονς
591 1598 671 1654 Ποῖον
679 1619 688 1669 3

49 1683 124 1748 ιιαλις
141 1680 234 1760 Μαρία
245 1679 373 1760 παρθένος
385 1625 532 1759 έγέννησεν.
545 1676 688 1755 Ἐνέγκατε

49 1782 74 1818 ιν
93 1761 137 1820 τὸν
152 1760 317 1838 ἀδάμαστον,
333 1759 377 1818 τδν
395 1759 433 1836 μὴ
447 1756 584 1834 δεξόμενον
598 1757 688 1834 ἁμαρ-

49 1864 76 1914 ν,
97 1842 140 1899 τὸν
153 1837 296 1918 παρθένον,
307 1839 352 1898 καί
363 1842 394 1898 έκ
406 1837 545 1920 παρθένου,
556 1838 601 1895 τδν
621 1838 688 1893 ἀκο-

49 1929 117 1986 ιτοῖς
136 1922 320 1979 ἀκολουθοῦσιν
337 1921 424 1999 αὐτῷ,
442 1921 489 1977 οὐκ
511 1915 537 1984 ἐξ
555 1913 688 1994 ἀνάγκης,

309 974 376 1024 πᾶσι
389 972 444 1030 τοῖς
453 962 590 1042 πολεμίοις
601 985 631 1020 τε
643 961 688 1019 καὶ
706 976 725 1022 n
741 960 837 1033 ferens,
849 961 1029 1022 formidabtbs
1039 966 1165 1024 omnibus
1175 966 1299 1026 hostibus
1309 966 1489 1027 adversariis--

742 1060 795 1117 que
803 1055 931 1130 appareat
939 1066 947 1119 ς
956 1057 986 1102 ut
995 1065 1011 1102 a
1022 1044 1109 1124 longe,
1119 1046 1162 1126 cuj
1166 1067 1196 1105 us
1203 1046 1287 1128 patris
1293 1047 1342 1105 iste
1352 1047 1387 1105 sit
1398 1045 1481 1118 filius,

742 1118 918 1199 intelligatur.
931 1124 1012 1182 Date
1025 1129 1115 1183 etiam
1130 1124 1332 1185 calceamenta
1353 1130 1384 1184 in
1397 1127 1485 1206 pedes

742 1202 805 1279 ejus
818 1222 826 1255 :
841 1219 873 1258 ne
885 1222 995 1261 rursum
1005 1203 1136 1262 nudatum
1147 1206 1262 1285 rqieriat
1273 1226 1381 1297 serpens
1394 1204 1485 1264 calca-

743 1297 823 1337 neum
837 1279 905 1358 ejus,
921 1302 1036 1360 eumque
1047 1283 1139 1342 aculeo
1163 1305 1212 1342 suo
1244 1299 1371 1362 ercutrat3
1392 1283 1440 1343 sed
1455 1297 1487 1342 ut

743 1358 800 1437 ipse
810 1358 899 1438 potius
910 1375 991 1441 caput
1001 1360 1125 1423 draconis
1133 1307 1279 1438 conculiet,
1287 1378 1317 1422 ut
1328 1363 1412 1423 hostis
1423 1385 1486 1423 con·

742 1451 810 1496 terat
824 1438 956 1515 stimulos,
973 1454 999 1499 et
1009 1441 1081 1500 viam
1096 1464 1156 1520 quae
1171 1443 1320 1503 secundum
1334 1446 1423 1502 Deum
1437 1457 1485 1520 est,

742 1531 891 1596 percurrat.
908 1521 950 1577 Et
971 1521 1108 1579 adducite
1122 1523 1440 1604 vitulumsaginatum,
1458 1537 1486 1583 et
1576 1563 1580 1574 ·
1630 1560 1637 1574 ·

743 1598 875 1656 occidite.
892 1597 981 1668 Quem
991 1600 1097 1659 tandem
1114 1600 1230 1661 vitulum
1239 1602 1306 1662 dicit
1316 1603 1486 1683 saginatum?

744 1676 915 1748 Quemnam?
928 1678 1016 1748 Quem
1026 1680 1142 1770 juvenca
1158 1681 1245 1741 Maria
1261 1683 1350 1761 Virgo
1369 1683 1484 1764 peperit.

743 1754 862 1815 Prolerte
875 1757 1003 1817 Vitulum
1026 1759 1198 1832 indomitum,
1217 1761 1264 1840 qui
1283 1761 1403 1821 nondum
1423 1784 1487 1843 pec-

743 1834 794 1893 cati
801 1836 900 1916 jugum
914 1837 1051 1916 sustinuit,
1076 1838 1218 1919 virginem,
1245 1862 1279 1900 ex
1301 1842 1416 1921 Virgine
1440 1863 1475 1900 na

744 1926 812 1990 tum,
838 1915 885 1994 qui
910 1917 1031 1995 sequitur
1056 1939 1101 1978 eos
1128 1920 1176 1998 qui
1199 1935 1348 2001 sequuntur
1372 1943 1409 1998 se,
1435 1943 1486 1982 non

49 1999 123 2066 τίως·
146 1998 190 2059 τὸν
207 1998 245 2076 μὴ
267 1998 403 2082 χριόμενον
423 2003 456 2078 τῇ
476 1995 585 2074 δυνάμει
600 1995 689 2063 αὐτοῦ,
707 1998 726 2046 E
744 2014 779 2053 ex
801 1995 973 2072 necessitate,
998 1997 1044 2057 sed
1080 2013 1199 2079 sponte;
1231 2002 1278 2081 qui
1314 2023 1367 2061 non
1401 2001 1488 2060 utitur

53 2079 173 2160 κέρασιν,
186 2078 246 2137 ἀλλ’
260 2079 371 2156 ἑτοίμως
384 2077 569 2178 broxhlvarrq
572 2075 617 2134 τὸν
630 2077 690 2172 {au-

49 2182 77 2218 να
93 2169 147 2226 τοῖς
160 2158 283 2240 σφάττειν
295 2159 407 2218 θέλουσι.
421 2157 529 2217 θύσατε
540 2177 583 2213 ουν
597 2158 690 2213 ἑκοντα

49 2291 51 2300 1
63 2238 158 2298 θύσατε
171 2238 216 2297 τὸν
232 2242 409 2307 ζωοποιοῦντα
422 2235 481 2303 τοὺς
501 2234 621 2305 θύοντας,
645 2233 690 2292 θύ-

51 2318 175 2396 θνόμενον
189 2317 465 2400 καίμὴνεκρούμινον·
477 2315 572 2376 θύσατε
584 2313 628 2373 τὸν
645 2337 690 2391 με·

52 2397 179 2473 ,καὶτοὺς
188 2399 340 2476 μελίζοντας
347 2398 424 2458 αὐτὸν
435 2396 585 2475 δγιόζοντα·
593 2391 689 2452 θύσατε

49 2500 116 2536 ιενον
128 2477 203 2558 παρὰ
215 2483 268 2537 τῶν
283 2477 388 2537 εἰδότων
400 2477 487 2548 αὐτὸν,
499 2473 544 2534 καὶ
556 2471 688 2549 μηδέποτε

49 2580 117 2617 ινον·
141 2559 237 2619 θύσατε
253 2558 297 2618 τὸν
313 2556 373 2623 τοὺς
391 2556 522 2622 ἐσθίοντας
545 2551 690 2633 μακαρίως

49 2660 133 2716 μενον.
160 2639 212 2697 Καὶ
229 2637 355 2718 φαγόντες
380 2636 477 2702 πάντες
497 2635 689 2714 εὐφρανθῶμεν,

745 2074 840 2134 robore
868 2095 928 2152 suo,
955 2097 1039 2169 neque
1065 2079 1202 2158 cornibus,
1228 2079 1274 2139 sed
1301 2094 1406 2163 promte
1430 2102 1488 2140 cer·

744 2153 831 2213 vicem
853 2154 966 2214 inclinat
993 2157 1036 2233 ris,
1062 2157 1109 2236 qui
1132 2172 1248 2219 mactare
1271 2160 1360 2241 ipsum
1379 2160 1485 2220 volunt.

744 2236 862 2293 Mactate
875 2235 965 2325 itaque
980 2239 1041 2296 'eum
1056 2237 1102 2316 qni
1115 2252 1210 2319 sponte
1217 2254 1365 2317 mactatur;
1375 2253 1489 2299 mactate

743 2331 815 2389 eum,
831 2313 878 2391 qui
896 2314 1019 2375 viviticat
1039 2337 1083 2376 eos
1125 2317 1153 2376 ni
1176 2339 1205 2377 se
1224 2333 1355 2397 mactant;
1376 2318 1490 2379 ooeidite

744 2413 816 2468 eum,
836 2393 885 2473 qui
905 2393 1050 2473 occiditur,
1074 2340 1124 2456 seri
1146 2418 1199 2456 non
1215 2400 1345 2477 moritur,
1375 2398 1491 2460 occidite

744 2493 815 2548 eum,
832 2473 879 2552 qui
891 2474 1064 2536 membratim
1077 2476 1239 2556 conciditur,
1256 2493 1282 2539 et
1302 2501 1347 2539 eos
1368 2479 1489 2538 sanctisi-

744 2565 796 2627 cat,
830 2553 858 2612 ui
872 2574 901 2613 se
915 2555 1076 2634 concidunt,
1094 2556 1209 2616 occidite
1218 2580 1290 2636 eum,
1307 2558 1353 2638 qui
1367 2559 1488 2619 comedi·

744 2646 790 2690 tur
802 2575 837 2690 ab
850 2633 883 2692 iis
894 2635 942 2725 qui
956 2634 1047 2716 ipsum
1058 2651 1164 2712 norunt,
1182 2651 1208 2695 et
1226 2659 1374 2717 numquam
1391 2660 1488 2698 consu-

49 2716 144 2786 ςθυίός
158 2742 208 2794 μου
222 2717 313 2797 νεκρὸς
324 2708 367 2789 ἦν,
381 2717 426 2775 καὶ
434 2713 567 2787 ἀνέζησεν·
584 2714 689 2776 ἀπολω-
706 2730 730 2768 ar
745 2711 828 2770 mitur
833 2735 841 2787 3
853 2713 968 2772 oeerdrte
981 2736 1054 2791 eum,
1074 2717 1120 2795 qui
1139 2717 1306 2778 comedentes
1323 2718 1415 2777 beatos
1427 2718 1488 2778 red-

49 2797 79 2857 al
90 2801 201 2879 ηὑρέθη.
214 2798 268 2858 Καὶ
280 2795 392 2876 ἤρξαντο
406 2796 599 2877 εὐφραίνεσθαι.
608 2791 690 2856 Ἐπί·
708 2786 728 2833 Α
744 2790 794 2851 dit.
804 2791 840 2850 Et
852 2792 990 2873 epulantes
1003 2817 1095 2855 omnes
1106 2795 1238 2873 laetemur,
1256 2800 1334 2876 Quia
1345 2800 1394 2856 hic
1398 2799 1487 2879 filius
1557 2825 1578 2853 ι.
1597 2807 1636 2871 aq.

50 2876 257 2955 νπνιυματικὴν
270 2874 443 2958 εὐφροσύνην,
454 2880 478 2934 οἱ
486 2874 584 2946 ταύτης
594 2876 689 2953 γευσό-

49 2956 233 3035 ιμεμνημένοι
254 2958 307 3014 τῶν
325 2959 440 3092 φρικτῶν
459 2953 620 3035 μυστηρίων,
636 2959 688 3015 τῶν

49 3041 126 3108 iss-“rie
139 3036 211 3104 θείας
223 3040 328 3117 ίερουργ
340 3058 385 3108 ος,
396 3037 449 3093 τῶν
460 3033 630 3112 μιμουμένων
641 3034 689 3103 τὰς

49 3118 102 3174 λων
116 3115 250 3198 πτέρυγας
263 3123 320 3181 ταῖς
333 3117 442 3181 λεπταῖς
456 3111 557 3180 ὀθόναις
571 3123 628 3181 ταῖς
644 3115 687 3174 teet

49 3199 125 3277 ιεριῖιν
139 3196 220 3272 ὤμων
234 3193 384 3272 κειμέναις,
398 3193 444 3252 καί
458 3198 485 3253 ἐν
500 3198 533 3274 τῇ
560 3194 688 3274 ἐκκλησίᾳ

49 3275 122 3334 ίντων
142 3275 187 3334 κοιλ
250 3274 345 3333 όντων·
367 3272 405 3350 μή
422 3297 462 3340 τις
480 3276 533 3332 τῶν
554 3296 689 3353 κατηχου-

49 3354 59 3426 i
70 3378 110 3422 τις
119 3358 172 3414 τῶν
185 3381 205 3433 μ
238 3354 388 3425 ἐσθιόντων,
399 3352 484 3430 μήτις
493 3355 545 3411 τῶν
557 3353 689 3413 κατασκό·

62 3459 102 3501 τις
122 3439 175 3493 τῶν
190 3433 228 3513 μὴ
253 3431 404 3511 δυναμένων
423 3432 630 3492 θεάσασθαιετὸν
662 3433 688 3491 ό-

49 3512 151 3592 όμινον,
163 3513 201 3591 μή
214 3538 254 3581 τις
265 3517 317 3571 τῶν
331 3511 367 3588 μὴ
381 3511 530 3590 δυναμένων
545 3511 689 3573 θεάσασθαι

49 3617 77 3653 ον
105 3586 173 3672 αἷμα
192 3594 224 3652 τὸ
245 3591 418 3671 ἔκχυνόμενον
432 3595 468 3658 είς
490 3591 582 3672 ἄφεσιν
598 3594 688 3672 ἆμαρ-

55 3696 95 3739 τις
105 3673 210 3742 ἀνάξιος
219 3676 266 3743 τῆς
280 3669 365 3742 ζώσης
378 3670 482 3745 θυσίας,
497 3672 535 3748 μή
549 3696 589 3740 τις
602 3672 689 3749 ἀμύη-

49 3775 78 3821 rt<
101 3752 138 3830 μὴ
152 3753 293 3830 δυνάμενος
310 3751 467 3832 ἀκαθάρτοις
504 3749 583 3810 είλεσι
604 3774 690 3830 προσ-

49 3854 65 3890 ιι
82 3837 135 3891 τῶν
148 3836 264 3914 φρικτῶν
280 3854 365 3909 μυστη
385 3830 444 3890 tus·
465 3854 523 3890 ετα
551 3829 597 3890 καὶ
618 3835 689 3890 ’τῶν

60 3915 90 3971 οὐ
139 3913 196 3972 όθεν
226 3913 443 3991 έπευφημοοντων
470 3909 515 3968 καί
546 3909 690 3989 λεγόντων·

744 2893 825 2930 meus
839 2885 968 2932 mortuus
982 2888 1056 2946 erat,
1070 2888 1097 2934 et
1111 2879 1217 2934 revixit
1222 2901 1233 2944 ;
1245 2881 1383 2956 perierat,
1402 2889 1429 2936 et
1441 2881 1486 2935 in-

745 2964 846 3012 ventus
862 2964 914 3010 est.
926 2954 968 3011 Et
979 2968 1124 3034 ceperunt
1138 2956 1263 3036 epulari.
1279 2956 1369 3015 Nostis
1378 2956 1487 3038 spirita·

743 3030 781 3090 les
793 3031 912 3104 delicias,
926 3033 974 3110 qui
986 3053 1031 3092 eas
1050 3033 1197 3112 degustatis
1211 3048 1237 3092 et
1260 3036 1404 3096 tremendis
1425 3057 1486 3128 mp-

743 3110 831 3169 steriis
849 3110 947 3170 initiati
967 3111 1041 3189 estis,
1069 3113 1134 3172 dum
1154 3113 1270 3174 ministri
1297 3114 1366 3175 sacri
1393 3116 1486 3192 officii,

743 3189 878 3250 imitanter
891 3192 1049 3270 angelorum
1061 3192 1119 3251 alas
1132 3194 1257 3253 tenuibus
1271 3194 1327 3254 suis
1340 3196 1419 3255 lineis
1434 3216 1484 3255 ve-

742 3268 788 3348 lis,
798 3291 857 3350 quae
871 3270 988 3330 sinistris
1000 3270 1121 3331 humeris
1135 3273 1261 3351 insident,
1271 3275 1298 3333 in
1310 3276 1418 3334 ecclesia
1427 3273 1484 3334 dis·

744 3364 867 3426 currunt,
890 3349 1059 3429 clamantque
1073 3374 1080 3408 ι
1094 3353 1135 3411 Ne
1153 3353 1214 3430 quis
1224 3374 1258 3412 ex
1275 3355 1483 3431 catechumenis,
1510 3369 1595 3413 Διιιιιιι
1608 3369 1634 3411 ιι

744 3449 777 3488 ne
786 3429 847 3567 qqis
860 3450 952 3489 eorum
965 3429 1011 3522 qui
1026 3451 1079 3489 non
1092 3429 1187 3506 edunt,
1199 3433 1291 3492 nullus
1312 3454 1346 3493 ex
1359 3436 1484 3528 explora·
1493 3433 1637 3537 lff²f⁰¹¹⁰ft¹¹¹¹

743 3509 796 3567 tori
818 3531 861 3590 us,
883 3529 917 3568 ne
934 3532 995 3588 qurs
1014 3531 1105 3569 eorum
1120 3511 1165 3589 qui
1180 3533 1232 3572 non
1251 3529 1363 3594 possunt
1387 3516 1485 3574 intueri
1494 3504 1527 3538 ⁸¹⁰
1538 3509 1568 3538 '⁵'

744 3590 871 3651 Vitulnm
889 3589 936 3669 qui
960 3589 1120 3666 eumedium,
1150 3613 1216 3652 neve
1229 3594 1298 3671 ‘quis
1319 3615 1412 3654 eorum
1438 3596 1486 3673 qni

745 3684 926 3750 spectarenon
936 3684 1047 3750 possunt
1060 3670 1190 3731 caelestem
1206 3673 1373 3752 sanguinem,
1386 3674 1433 3753 qui
1448 3676 1487 3733 es-

745 3749 870 3808 sunditur
882 3748 911 3808 in
924 3749 1107 3809 remissionem
1121 3766 1302 3831 peccatorum,
1314 3774 1348 3812 ne
1363 3755 1424 3831 quis
1444 3754 1486 3813 in-

744 3827 843 3921 diqnus
867 3827 955 3887 hostia
966 3830 1083 3906 vivente,
1103 3831 1213 3909 nequis
1236 3852 1288 3890 non
1304 3832 1436 3911 initiatus,
1453 3855 1487 3894 ne

745 3930 806 3987 qurs
817 3929 920 3986 corum,
935 3907 983 3998 qni
997 3929 1054 3999 nou·
1063 3924 1174 3989 possunt
1182 3910 1334 3991 impollutis
1344 3911 1423 3970 labiis
1434 3926 1486 3971 tre-

49 3993 54 4050 l
110 4016 140 4072 ρ,
150 3997 165 4051 ὁ
177 3991 288 4064 θελήσας
301 3996 410 4063 τυθῆναι
424 3990 469 4049 τδν
482 3989 581 4068 μόσχον
592 3989 636 4049 τὸν
651 4014 690 4050 σι·
709 4011 727 4058 B
746 3989 842 4047 menda
857 4001 985 4068 mysteria
1006 4001 1137 4066 attingere
1153 3989 1268 4048 :deinde
1285 3991 1487 4082 sub'nnguntur

50 4072 78 4130 δν
93 4070 131 4148 μὴ
142 4070 237 4151 γνόντα
251 4071 307 4147 ἅμα
342 4069 393 4144 ίαν,
406 4068 493 4136 καθώς
507 4091 585 4148 φησιν
599 4073 613 4128 δ
627 4093 691 4150 προ·

49 4147 138 4217 uriae·
152 4149 204 4217 Ὃς
218 4151 235 4208 ἃ
258 4094 351 4232 apellis
362 4153 408 4209 οὐκ
422 4149 552 4222 ἐποίησεν,
567 4147 624 4208 οὐδέ
644 4153 690 4208 εὑ-

49 4255 74 4300 ος
91 4233 118 4289 ἐν
135 4233 174 4310 τῷ
242 4231 406 4307 ματιαθτοδ·
422 4228 614 4306 ἅγιοςδΥἱδς,
634 4227 691 4308 ἅμα

49 4335 77 4389 Ιος
91 4314 105 4369 δ
117 4310 158 4370 del
169 4309 293 4388 hudperto<
307 4308 384 4383 ἑκὼν,
398 4308 443 4368 καί
456 4309 496 4368 ἀεὶ
511 4311 578 4375 ζῶν·
591 4308 664 4386 δίγιος
677 4314 691 4368 θ

49 4415 108 4461 eor,
122 4391 153 4450 τὸ
167 4391 279 4448 Πνεῦαα
292 4390 322 4448 rh
336 4389 353 4447 ό
372 4412 420 4460 ιον,
432 4388 463 4447 τδ
479 4388 527 4460 τὴν
539 4386 629 4446 θυσίαν
644 4413 690 4448 τε·

49 4476 118 4543 ieter.
149 4444 257 4530 Τούτων
277 4458 320 4527 σύν
348 4414 419 4526 litos
447 4468 653 4545 ἐπιτελουμένων
678 4473 692 4528 δ

51 4574 93 4629 ρος
121 4550 175 4618 υίὸς
203 4549 333 4630 μακρόθεν
360 4547 571 4629 παραγενόμενος
595 4546 693 4618 ἤκουσε

49 4630 129 4698 ιςκαλ
139 4630 249 4733 χορῶν·
266 4628 311 4688 καί
324 4627 571 4709 προσκαλεσάμενος
584 4626 629 4684 ἵνα
640 4633 693 4688 τῶν

49 4713 206 4770 έπυνθανετο
215 4709 242 4767 τί
256 4708 287 4767 ἂν
302 4707 445 4778 εἴητοῦτο·
459 4697 541 4786 Ι’ἦχός
554 4730 594 4773 τις
605 4729 638 4764 πε
658 4731 693 4767 ιε-

49 4779 198 4849 υυτδόιτα.
218 4787 252 4847 ‘O
275 4789 305 4846 δέ
324 4810 405 4866 φησι,
420 4787 504 4845 neoth
523 4790 537 4844 ὁ
556 4808 608 4865 προ
640 4810 694 4858 Ιτης

49 4872 132 4930 ιωδεῖ·
147 4868 217 4928 Τότε
235 4867 382 4927 ἀνοίσουσιν
399 4865 444 4923 ἐπὶ
459 4865 490 4925 τδ
509 4866 694 4945 θυσιαστήριόν

51 4930 102 5018 ube.
115 4948 150 5009 Ὁ
161 4949 236 5014 αὐτὸς
247 4947 327 5007 πάλιν
340 4969 408 5026 προτ
426 4944 517 5005 έπεται
530 4944 588 5013 τοὺς
598 4944 695 5026 παρόν-

49 5019 97 5103 πλν
110 5027 238 5102 ἑστίασιν,
246 5027 292 5086 καλ
302 5025 387 5106 λέγει·
400 4970 548 5101 leonaste,
560 5026 606 5084 καί
616 5025 695 5100 ίδετι,

49 5250 87 5289 τῶν
100 5241 210 5301 α’τγίων...«
225 5239 237 5285 δ
249 5240 326 5304 πατὴρ
338 5236 350 5284 δ
361 5235 473 5290 κολούσας.

745 4089 823 4129 voces
843 4066 1000 4146 angelornm
1015 4067 1227 4127 collaudantium
1240 4068 1275 4128 de
1296 4013 1368 4130 calis
1391 4086 1417 4130 et
1440 4071 1484 4130 di·

746 4148 883 4208 centium:
900 4148 1013 4207 Sanctus
1027 4150 1113 4221 Pater,
1124 4148 1173 4225 qui
1187 4149 1272 4208 voluit
1282 4151 1393 4209 mactari
1403 4152 1485 4213 Vitu-

746 4228 804 4287 lum
817 4226 981 4306 saginatum,
996 4224 1043 4305 qui
1094 4241 1199 4286 ceatum
1214 4249 1267 4287 non
1283 4224 1368 4300 norit,
1384 4244 1414 4289 ut
1422 4251 1486 4312 pro-

746 4308 825 4389 pheta
838 4306 911 4366 dixit
923 4307 1006 4365 isaias
1022 4330 1028 4362 :
1044 4249 1100 4384 dih
1108 4321 1260 4386 peccatum
1271 4313 1424 4391 nonsecit,
1437 4334 1486 4370 ne·
1496 4325 1553 4371 lsai.
1568 4323 1635 4384 ⁵³·9·

767 4384 1098 4446 ueinoentusestdolus
1109 4390 1141 4444 ιἰι
1156 4408 1205 4445 ore
1221 4392 1293 4469 ejus.
1312 4390 1426 4449 Sanctus
1448 4405 1486 4451 cst
1499 4404 1518 4435 ¹·
1544 4389 1595 4435 Per.
1613 4401 1635 4431 ²·

746 4409 833 4526 lilius
848 4465 967 4525 simulet
980 4466 1396 4548 Vitulusquisemperocciditur
1407 4492 1486 4551 spon-
1496 4466 1534 4499 '²‘

746 4561 783 4622 te,
800 4546 846 4624 qui
860 4566 964 4636 semper
976 4545 1059 4603 vivit:
1075 4559 1182 4605 sanctus
1195 4547 1357 4626 Paracletus,
1370 4550 1488 4631 Spiritus
1518 4585 1524 4596 ·

747 4639 862 4703 sanctus,
877 4646 922 4704 qm
935 4624 1099 4684 sacrificium
1120 4625 1228 4686 ›erficit
1242 4628 1305 4688 Haec
1321 4628 1411 4709 itaque
1421 4630 1488 4690 dum

748 4707 819 4765 intus
832 4718 982 4786 agerentur,
996 4704 1113 4764 seniorfi
1127 4705 1169 4764 ius
1193 4728 1255 4767 cum
1268 4711 1394 4789 venisset,
1408 4710 1487 4770 audi·
1499 4725 1638 4773 necatas.

749 4786 789 4847 rit
808 4786 917 4864 alonge
929 4784 1130 4866 symphoniam,
1148 4800 1173 4844 et
1196 4786 1303 4864 choros3
1328 4803 1354 4849 et
1376 4811 1438 4849 cum
1456 4813 1491 4849 er

749 4866 841 4948 pueris
856 4885 940 4923 unum
956 4863 1123 4941 advocasset,
1149 4865 1330 4947 interrogabat
1349 4867 1417 4949 quid
1440 4868 1492 4928 hoe

750 4960 833 5004 esset:
850 4947 937 5003 Aures
951 4964 1022 5003 meas
1047 4945 1171 5006 verberat
1187 4968 1267 5006 sonus
1280 4948 1425 5028 quispiam.
1444 4950 1493 5007 Ille

751 5039 839 5085 autem
866 5023 955 5102 inquit
971 5047 978 5079 ι
993 5023 1084 5085 David
1104 5026 1235 5106 propheta
1255 5028 1327 5087 intus
1343 5028 1468 5088 'concinit
1485 5053 1491 5086 r

765 5232 777 5268 θ
796 5228 843 5280 Alit
856 5233 909 5297 ἦχός
924 5251 957 5286 τις
968 5241 1079 5300 πιριηχιῖ.
