3750 5940
315 425 350 472 ιιι
376 424 505 474 morou
536 424 720 492 ιεοοτοιι,
748 427 816 475 non
844 400 951 491 ouon,
979 428 1057 476 nnc.
1401 410 1473 482 853

69 541 162 602 καὶτὸ
183 542 262 611 ἔλεος.
279 544 347 605 Ἀλλ’
369 544 434 614 ἴσως
453 571 493 616 τις
517 546 671 626 ἀπιλαμάά-
690 555 709 601 o
725 547 844 638 recepit5
854 561 885 607 ut
895 547 1017 608 ostendet
1028 569 1247 628 unumquemque
1253 551 1282 611 in
1298 573 1327 612 se
1340 552 1474 615 advocare

61 625 138 692 ιωνῆς
151 622 262 696 ταθιης,
278 627 378 702 μᾶλλον
390 626 418 685 δὲ
429 631 477 699 τῆς
490 625 596 701 λέξεως,
607 626 672 687 Ἐπὶ
725 626 769 686 rel
778 647 848 686 iram
856 627 899 687 vel
913 626 1136 687 misericordiam.
1148 627 1323 690 Sedtortasse
1331 631 1394 710 quis
1404 633 1475 694 hanc

61 725 71 768 ς
85 702 283 783 κατηρτισμένα
303 706 339 770 εἰς
353 702 496 765 ἀπώλειαν.
510 705 602 781 otto,
617 729 671 785 φη·
724 726 826 781 νοοοιιι,
845 707 903 765 sive
917 706 970 770 hoc
981 707 1085 766 dictum
1103 704 1256 786 redarguet,
1273 713 1311 767 ln
1327 732 1405 771 noso
1420 717 1473 772 irae

72 779 221 854 πολιτείας,
242 782 300 841 ἀλλ’
317 783 394 849 αὐτὸς
407 783 560 866 κατήρτισε.
583 787 630 844 Δεῖ
644 786 671 843 δὲ
725 797 797 876 apta
812 790 845 843 in
864 789 1024 844 interitum.
1035 787 1087 859 lta,
1101 786 1200 864 inquit,
1222 807 1274 846 non
1292 809 1327 847 ex
1341 789 1473 852 instituto

67 860 98 918 τὸ
111 864 319 941 καταρτιοθῆναι
334 865 423 922 οὐκ·ἐιι
438 861 552 942 φύσεως,
567 865 625 923 ἀλλ’
642 868 672 923 ἀνι
723 877 787 924 rttae
799 878 862 945 apta
881 877 922 925 est
934 864 986 939 ira,
996 863 1044 922 sed
1057 863 1133 924 illam
1146 865 1186 924 sic
1197 879 1289 946 aptam
1299 866 1370 927 lecit.
1380 869 1474 930 Scien-

61 961 82 1005 t·
96 939 150 998 rtet
161 938 252 999 τούτου
264 938 341 1020 δέχου
355 940 404 1012 τλν
419 942 567 1025 μαριυρίαν
578 942 609 1005 εδ
622 966 671 1002 κα·
723 941 790 1002 dum
811 958 901 1002 eutem
917 957 968 1017 est,
982 964 1035 1005 uon
1049 958 1195 1019 ornatura
1214 945 1253 1004 sic
1274 945 1357 1018 effici,
1370 947 1419 1007 sed
1440 971 1474 1010 ex

61 1063 75 1090 ι,
96 1017 127 1076 τθ
139 1021 166 1076 ἐν
181 1021 215 1096 τῇ
232 1020 385 1101 προαιρέσει
397 1023 535 1081 ἀποτελεῖν
547 1020 616 1090 ἀξιον
626 1045 670 1080 τι·
723 1021 870 1081 voluntatis
887 1022 1036 1103 proposito.
1053 1022 1143 1103 Hujus
1163 1024 1349 1084 testimonium
1370 1029 1471 1106 arripe,

61 1097 238 1175 lautomiae.
253 1098 671 1181 Λίγειγάρ·να“ι,οθκήκρί6ω-
723 1120 819 1180 nempe
831 1114 927 1181 aptum
948 1101 1031 1178 effici,
1049 1099 1079 1159 id
1100 1122 1156 1161 esse
1175 1123 1210 1161 ex
1225 1103 1365 1183 proposito
1385 1127 1414 1164 se
1428 1109 1474 1168 vel

61 1175 136 1254 αφάς.
150 1174 229 1236 ’λλλά
246 1177 277 1236 εδ
296 1179 469 1256 ζητούμενον,
481 1179 525 1239 ἵνα
539 1179 571 1238 σθ
590 1185 670 1260 θερα-
723 1179 858 1270 supplicio
883 1179 928 1240 vel
952 1179 1092 1240 clementia
1117 1180 1232 1260 dignum
1259 1181 1381 1242 reddere.
1399 1185 1474 1246 Dicit

61 1253 135 1335 ιγδιρ
150 1260 165 1315 θ
178 1261 207 1314 θε
242 1256 385 1336 πενόμενος
396 1257 574 1340 παράτῷίατ
593 1262 626 1330 ”,
640 1261 669 1318 οθ
723 1279 814 1317 enim:
830 1258 933 1331 Etiam,
948 1279 1001 1318 non
1022 1272 1147 1319 accurate
1166 1260 1400 1342 scioScripturas.
1418 1267 1473 1325 Ve-

61 1337 99 1392 ιῒιν
120 1356 174 1470 ροιρ
215 1357 267 1393 κων
281 1336 495 1472 περιεργάζεται,
521 1281 612 1396 ἀλλίῳ
615 1342 671 1405 πῶς
722 1357 785 1396 rum
799 1337 873 1416 quod
889 1337 1021 1415 queritur
1035 1351 1084 1409 est,
1098 1350 1129 1395 ut
1146 1351 1177 1396 tu
1193 1338 1309 1424 sulutem
1329 1340 1470 1422 reciperes.

61 1436 120 1472 ιτεου
138 1413 202 1481 ἄζει.
216 1413 281 1473 Ἐἀν
294 1438 307 1474 ε
318 1439 356 1496 πη
369 1438 410 1475 σοι
423 1420 437 1475 ὁ
454 1415 606 1494 ἀντιλέγειν,
614 1421 671 1483 πῶς
722 1417 791 1474 Nam
802 1417 849 1495 qui
860 1429 970 1476 curatur
986 1415 1136 1491 amedico,
1148 1416 1330 1477 remediorum
1345 1435 1470 1481 naturam

61 1515 78 1559 ν,
93 1492 247 1572 ἐδιδάχθηςς
258 1495 332 1565 stol,
346 1498 404 1561 πῶς
415 1492 464 1572 μὲν
477 1495 591 1574 ἔμαθον,
603 1486 669 1568 οἶδα,
723 1514 776 1554 non
789 1496 924 1575 explorat,
939 1494 986 1553 sed
1000 1493 1031 1553 id
1044 1515 1078 1553 ex
1113 1495 1146 1554 tit
1169 1510 1200 1555 ut
1213 1510 1329 1556 senetur.
1353 1499 1383 1558 si
1403 1521 1469 1590 per-

61 1572 176 1649 αγμλῶ,
196 1575 244 1631 οὐκ
265 1563 334 1631 οἶδα.
359 1576 400 1633 ot
419 1574 471 1656 γὰρ
493 1574 670 1653 ἐθεράπευσα,
723 1588 845 1634 coutetur
858 1573 915 1649 ille,
924 1573 972 1652 qui
986 1516 1156 1650 contradicit,
1169 1575 1314 1646 Quomodo
1323 1575 1469 1639 didicisti?

60 1648 140 1722 τεθθην
158 1651 253 1723 ἀκλινῆ
264 1650 313 1722 vlu
328 1651 416 1752 ῷνχὴν
436 1651 517 1733 ἔχειν.
529 1652 594 1712 ’Etr
613 1652 670 1732 ἴδῃς
688 1673 705 1720 ε
723 1651 858 1729 quomodo
869 1652 979 1714 edoctus
992 1673 1020 1711 es
1030 1653 1044 1711 θ
1055 1652 1197 1734 responde,
1210 1654 1354 1726 Quomodo
1364 1653 1469 1718 didice-

61 1729 169 1807 ίγοντα,
182 1728 253 1788 etot·
268 1731 359 1802 ἐπειδὴ
372 1729 617 1811 ἀνολοθκάγενόμην
630 1734 670 1790 ta·
723 1732 775 1790 rim
802 1732 876 1809 novi,
903 1730 1039 1810 quomodo
1065 1731 1093 1790 id
1119 1733 1253 1812 explicem
1273 1734 1389 1794 nescio?
1407 1737 1468 1796 Non

61 1807 163 1887 ιτρικήν
172 1807 405 1881 ἀπιστείθην,ἀλθδ
413 1811 478 1891 πρὸς
484 1809 545 1878 τοὺς
552 1808 670 1890 ῖατροθς,
722 1810 794 1870 enim
806 1810 911 1887 curari,
927 1810 976 1870 scd
986 1823 1096 1869 curatus
1111 1832 1171 1870 sum
1185 1813 1235 1889 ita,
1249 1827 1279 1872 ut
1293 1814 1400 1873 firmam
1409 1816 1468 1875 ani·

61 1885 139 1947 ιλοῦοί
165 1910 207 1946 σοι
222 1886 271 1959 τὴν
293 1893 345 1948 τῶν
367 1890 515 1970 φαρμάκων
538 1890 668 1968 βοήθειαν.
721 1911 794 1948 marn
812 1890 958 1950 obtineam.
978 1889 1007 1948 si
1025 1888 1119 1950 rideas
1140 1890 1218 1950 illum
1232 1890 1324 1950 adhuc
1337 1892 1469 1954 obsisten-
1492 1881 1500 1903 ‘

61 1976 119 2044 ,μᾶς
133 1967 345 2046 ἰατρευομένοις,
360 1967 436 2038 δόξαν
448 1968 616 2046 ἀναπέμπειν
629 1973 668 2028 τῶ
721 1981 786 2043 tem,
808 1969 855 2028 dic
869 1993 875 2026 t
889 1969 949 2047 Ego
969 1989 1022 2027 non
1040 1990 1101 2027 sum
1120 1968 1257 2046 medicus,
1272 1992 1360 2049 neque
1382 1988 1467 2033 artem

71 2045 117 2105 καὶ
129 2050 202 2127 σορῷ
215 2049 290 2127 Θεῷ
303 2050 375 2127 αὐτῷ
390 2052 408 2118 ἡ
423 2046 487 2116 δόξα
496 2049 543 2108 καί
563 2025 668 2127 τδιιρά-
720 2047 861 2108 medicine
878 2047 962 2106 calleo
974 2070 982 2122 ς
997 2047 1043 2106 adi
1067 2047 1196 2124 medicos,
1219 2063 1246 2108 ct
1259 2050 1467 2131 pharmacorum

74 2126 171 2193 αἰῶνας
181 2127 234 2184 τῶν
248 2124 360 2187 αἰώνων.
372 2125 465 2205 Ἀμήν.
720 2146 799 2216 opem
810 2142 837 2186 te
851 2126 1007 2186 docebunt·
1016 2126 1127 2186 Utinam
1139 2149 1204 2188 vero
1218 2150 1278 2206 nos,
1293 2130 1341 2209 qui
1355 2152 1403 2210 per
1412 2153 1467 2190 me·

720 2204 840 2265 drciuam
849 2205 934 2265 sanati
946 2226 1049 2282 sumus,
1062 2206 1177 2296 gloriam
1192 2208 1338 2267 reseramus
1348 2209 1399 2268 soli
1412 2230 1467 2270 mc·

719 2284 781 2344 dico
792 2299 819 2344 et
837 2285 951 2366 sapienti
965 2287 1023 2344 Deo
1038 2309 1045 2341 ι
1062 2285 1115 2366 ipsi
1129 2287 1216 2366 gloria
1231 2301 1257 2347 et
1279 2287 1424 2369 imperium
1437 2289 1466 2348 in

626 2420 629 2425 ,
719 2364 1113 2424 montemmaranum.

437 2774 936 2915 ,Αωιιοινιιιο

226 3031 230 3038 ’
290 3071 343 3143 ιιι
368 3066 695 3144 onlmonnn
721 3068 1068 3164 snounnrnu.
1139 3146 1143 3156 ,

61 3317 90 3373 is
97 3314 216 3392 plenior
225 3317 331 3385 oratio,
344 3311 432 3391 inquit
442 3311 669 3392 Scrilius,quam
676 3332 730 3392 pro
740 3331 819 3371 more
826 3335 846 3392 χ
848 3311 1040 3392 ρυοοῤῥήμονος
1045 3314 1147 3370 nostri.
1157 3311 1301 3371 Ceterum
1309 3325 1362 3371 aut
1371 3316 1462 3393 ipsius

61 3440 73 3482 ι,
87 3421 139 3467 aut
159 3408 286 3489 alicujus
303 3429 340 3465 ex
358 3410 491 3487 antiquis
503 3408 656 3466 Patribus.
671 3408 751 3466 Loca
771 3407 929 3486 aliquotut
944 3409 1076 3464 inunico
1165 3406 1248 3489 ptari
1259 3408 1461 3466 mendosooel

61 3511 191 3580 suspecta
206 3502 393 3581 subjecimus,
406 3511 439 3558 ut
449 3501 574 3559 studiosi
588 3500 760 3581 rosacitirts
769 3520 806 3558 ex
815 3500 884 3557 aliis
895 3499 1053 3558 Codicibus
1064 3518 1098 3558 co
1140 3511 1224 3580 gant.
1242 3499 1289 3559 Sic
1297 3499 1368 3560 inter
1378 3504 1461 3581 ἀμφι-

61 3616 119 3654 tanc
127 3595 275 3654 orationem
285 3594 355 3653 locat
371 3594 503 3668 savitius,
512 3615 594 3672 quam
607 3594 645 3653 ita
659 3593 782 3674 spuriam
798 3592 938 3670 existimo,
949 3606 979 3651 ut
993 3592 1099 3651 nullam
1112 3592 1254 3674 reperiam,
1267 3615 1351 3673 quaea
1362 3594 1460 3675 Chry-

61 3691 83 3749 lo
97 3689 185 3768 magis
198 3689 353 3758 abhorreat.
369 3689 422 3748 llic
433 3687 524 3748 omnia
537 3688 679 3770 peregrina
693 3700 770 3766 sunt3
781 3686 890 3746 dicendi
909 3686 989 3762 ratio,
1003 3686 1195 3767 allegoriarum
1212 3708 1277 3746 usur
1288 3688 1412 3766 frequens
1423 3686 1459 3746 ad
1566 3726 1568 3731 -

61 3805 93 3843 no
107 3783 142 3843 ad
155 3784 285 3865 φλυαρίαν
300 3804 394 3863 usque.
410 3783 594 3858 Quamobrem
607 3782 794 3843 incunctanter
808 3781 885 3841 illam
899 3781 969 3841 inter
979 3781 1071 3861 spuria
1085 3779 1243 3841 locavimus.

70 4167 289 4229 τοθάποοτολυο·
304 4159 747 4262 Οθχθθίλωηοθτοποιῶρρηιι
765 4160 877 4218 dictum
899 4150 1026 4237 apostoli
1039 4175 1046 4211 :
1059 4154 1120 4214 Non
1141 4153 1213 4231 quod
1230 4152 1292 4213 volo
1312 4152 1390 4229 tucio,
1406 4151 1605 4239 seditem.
1649 4140 1652 4145 ’

61 4265 116 4329 σῷ,
134 4268 211 4320 τοῦτο
232 4259 358 4339 πράσσω·
381 4258 427 4318 καὶ
446 4260 504 4326 πῶς
525 4256 657 4335 ἐγένετοὸ
749 4248 904 4330 quodnolo,
916 4247 968 4307 hoc
978 4267 1046 4327 ago:
1059 4258 1088 4305 et
1102 4247 1247 4326 quomodo
1257 4247 1351 4304 Jacob
1365 4258 1453 4325 typus

61 4352 125 4419 θπος
142 4354 266 4434 Χριστοῦ.
283 4351 330 4410 Ἔν
354 4349 382 4409 δὲ
395 4353 434 4430 τῷ
457 4347 590 4431 προοιμίῳ
608 4353 655 4406 τοῦ
750 4342 861 4403 Οθνίιιὶ
867 4343 975 4423 fuerit.
989 4341 1028 4396 In
1039 4337 1159 4396 exordio
1178 4350 1275 4396 autem
1289 4341 1450 4410 concionis,

61 4442 100 4503 trd
113 4448 165 4503 τῶν
179 4445 343 4526 θεωρούντων
356 4442 390 4501 τά
403 4442 509 4525 θέατρα.
747 4448 852 4495 contra
860 4436 1039 4493 theatrorum
1048 4443 1232 4511 spectatores,

63 4628 111 4707 μὲν
132 4633 207 4707 θμῶν
223 4628 267 4688 τδν
281 4627 373 4699 πόθον,
394 4625 440 4686 καλ
461 4625 587 4703 θαυμάζω
609 4626 653 4686 τδν
748 4623 778 4682 t.
800 4620 931 4688 ,Vestrum
962 4614 1072 4695 quidem
1089 4613 1172 4674 laudo
1190 4613 1375 4691 desiderium,
1396 4631 1451 4676 stu-

61 4708 97 4779 ην
118 4707 202 4778 καλὴν
221 4708 320 4780 ταύτην
340 4707 455 4785 άμιλλαν
479 4705 653 4785 ἀποδέχομαι.
707 4699 784 4759 dium
802 4700 893 4772 miror,
907 4710 932 4757 et
943 4694 1153 4786 pulchrumnhoc
1169 4707 1301 4753 certamen
1318 4695 1450 4776 approbo.

63 4813 72 4846 ι
85 4788 191 4868 ταραχὴ
206 4785 312 4864 θόρυὸον
330 4788 466 4867 γεννῶσα,
481 4784 550 4843 ἀλλά
568 4784 655 4865 θλίψις
708 4780 790 4839 Nulla
801 4778 872 4836 enim
880 4777 938 4867 jam
948 4774 1117 4864 perturbatio
1127 4787 1236 4865 estque
1245 4775 1392 4833 tumultum
1402 4795 1451 4855 pr-

61 4867 183 4947 ττέρανον
196 4865 339 4925 πλέκουσα.
351 4865 498 4945 Μακαρίζω
511 4864 559 4936 τὴν
569 4863 653 4937 καλὴν
706 4859 769 4930 rint,
787 4853 1239 4943 sedenrmimoeror,qurjnst1t1ae
1260 4874 1386 4912 eoronam
1399 4875 1449 4913 ne-

61 4946 115 5005 ιίαν
127 4948 178 5017 ,δι’
194 4946 227 5017 ἣν
248 4944 336 5004 πάντα
355 4943 435 5003 πόνον
449 4944 593 5024 θρίσεασθε
605 4948 653 5015 τῆς
706 4939 763 4999 etit.
777 4939 974 4997 Berunroerte
991 4931 1112 5024 praedrco
1123 4932 1248 5024 studium
1256 4946 1385 5023 restrum,
1394 4953 1449 5071 'idio

61 5025 144 5094 α’λεως
162 5024 341 5107 ἐξηρτημένοι.
360 5021 429 5082 Ἀλλ’
452 5021 543 5104 ὥσπερ
563 5028 653 5082 τοῦτον
671 5022 688 5068 Β
706 5017 773 5078 moti
786 5036 891 5075 omnem
905 5014 1025 5073 laborem
1034 5025 1209 5085 sustinuistis,
1219 5011 1313 5071 divino
1322 5033 1400 5091 praesr
1433 5033 1449 5071 o

76 5106 165 5179 ζῆλον,
179 5103 261 5170 οὕτως
271 5107 357 5163 ἀποστ
375 5100 526 5184 ίρομαιτδν
543 5124 577 5161 πε
594 5101 652 5161 tel
705 5095 816 5158 addicti.
837 5093 897 5186 Sed
913 5093 1018 5184 ut'hoc
1042 5090 1163 5152 admiror
1182 5090 1319 5182 studium3
1335 5090 1372 5149 ita
1397 5111 1447 5150 ve-

61 5211 83 5244 ν.
98 5185 166 5252 Χθὲς
180 5183 231 5266 γὰρ
245 5188 308 5262 ἡμῖν
332 5124 405 5248 diret
423 5187 437 5242 δ
451 5182 518 5262 ίερδς
529 5125 652 5261 σύλλογος
706 5192 792 5238 strum
806 5175 875 5235 circe
889 5193 980 5233 inania
991 5171 1113 5231 laborem
1123 5190 1242 5230 eversor.
1254 5169 1319 5230 Hem
1333 5190 1448 5248 namque
