3750 5940
262 429 296 477 ru
320 429 439 497 iinon,
468 427 716 478 oonnncnnnun
741 425 845 474 sunni
871 425 1078 492 concinuit,
1105 417 1185 475 τοτα·
1421 395 1492 470 663

53 554 156 636 ίίριστῷ
179 552 268 626 Ἰησοῦ
286 557 325 634 τῷ
343 554 434 636 Κυρίῳ
450 556 537 632 ἡμῶν,
553 543 576 633 ᾧ
596 557 613 624 ἠ
637 549 698 620 δόξα
714 547 738 589 ‘⁴³
754 549 854 625 Judaei,
868 561 896 608 et
906 549 933 608 iu
944 548 1064 608 caedibus
1077 547 1113 608 ab
1135 547 1173 607 eis
1186 543 1298 621 eruditi,
1308 542 1346 604 ad
1355 542 1496 603 Christum

53 643 125 710 »ἄτης
137 643 176 709 εἰς
191 639 252 710 τοὺς
264 644 362 711 αἰῶνας
374 646 427 702 τῶν
439 641 549 702 αἰώνων,
566 641 657 720 Ἀμήν,
717 606 736 650 Δ
755 628 971 688 interficiendum
984 628 1096 709 impulsi
1107 640 1177 700 sunt,
1185 625 1283 686 lsaiam
1294 636 1443 696 secuerunt,
1453 625 1496 682 Je·

53 712 55 723 ’
755 709 866 767 remiani
892 709 1095 775 interfecerunt,
1109 705 1235 765 Nabuthe
1260 703 1423 793 lapidarunt,
1448 701 1521 772 Zap

756 788 876 846 chariam
886 787 1053 861 occiderunt,
1066 786 1206 846 Christum
1228 783 1429 842 crucifixerunt.
1441 783 1497 842 Vc-

755 882 906 926 rumtamen
918 867 975 926 illis
988 868 1023 926 ob
1037 865 1108 925 mala
1126 887 1174 924 sua
1188 865 1292 923 luctum
1310 863 1496 939 relinquentes,

754 945 789 1005 ad
795 947 864 1007 sacri
873 947 995 1028 mysterii
1002 948 1093 1006 lumen
1101 963 1273 1004 accimamus
1281 943 1307 1000 in
1318 941 1426 1000 Christo
1433 943 1497 1000 Jesu

754 1027 871 1085 Domino
894 1041 994 1102 nostro,
1009 1025 1053 1086 cui
1068 1024 1152 1106 gloria
1166 1039 1193 1084 et
1218 1036 1333 1105 potestas
1348 1021 1376 1080 in
1400 1018 1497 1078 saecula

755 1106 923 1167 seculorum.
936 1111 1029 1165 Amen.

510 1521 920 1652 MONITUM

333 1797 388 1869 ΙΝ
413 1795 711 1871 SERMONEM
738 1799 1083 1894 SEQUENTEM.

57 2063 166 2122 quoque
179 2041 327 2100 orationem
341 2041 462 2121 spuriam
475 2062 531 2101 esse
544 2043 633 2101 omnia
649 2043 806 2124 predicant,
821 2058 913 2128 utpote
928 2047 1056 2123 flosculis,
1071 2048 1327 2128 exclamationibus,
1342 2050 1494 2133 interroga·

61 2140 152 2218 inepte
163 2135 367 2197 redundantem.
379 2137 486 2196 Adsunt
498 2137 563 2197 item
574 2159 654 2198 voces
667 2161 719 2199 non
732 2162 825 2222 paucae
839 2142 867 2201 in
880 2155 936 2202 tam
947 2141 1025 2202 brevi
1036 2145 1177 2224 opusculo,
1195 2145 1388 2226 Chrysostomo
1410 2149 1496 2207 inusi-

53 2257 92 2295 mc
107 2253 215 2312 quoque
228 2232 383 2292 concionem
394 2232 539 2293 Severiano
552 2233 707 2315 adscripsit,
722 2235 804 2314 idque
818 2238 1018 2318 exconjectura
1032 2251 1147 2315 tantum,
1167 2261 1284 2321 nuperus
1303 2240 1350 2299 ille
1369 2242 1492 2322 scriptor.

55 2329 233 2391 Severianum
247 2349 300 2386 non
313 2347 438 2406 agnosco.
454 2329 522 2386 Puto
533 2341 622 2387 autem
632 2329 702 2388 hanc
714 2344 740 2388 et
761 2329 829 2389 duas
845 2345 983 2410 sequentes
1009 2332 1131 2413 ejusdem
1144 2355 1201 2394 esse
1216 2335 1362 2415 scriptoris,
1378 2348 1437 2394 tum
1461 2337 1503 2409 ob,

53 2423 227 2496 iilitndinem,
246 2437 303 2482 tum
315 2422 390 2502 quia,
404 2436 435 2481 ut
448 2423 550 2482 dicitur
563 2423 591 2482 in
605 2423 696 2501 titulo,
709 2425 798 2505 prima
812 2426 905 2486 hahita
919 2426 972 2485 fuit
984 2427 1012 2486 in
1027 2441 1117 2486 sancta
1128 2441 1154 2487 et
1167 2449 1265 2509 magna
1278 2429 1346 2494 feria
1355 2430 1470 2489 secunda
1484 2448 1529 2508 54³

53 2517 80 2577 in
93 2530 187 2577 sancta
202 2529 228 2574 et
236 2538 333 2596 magna
349 2515 414 2574 scria
429 2515 517 2590 tertia,
528 2515 624 2575 ultima
639 2517 666 2575 in
681 2532 772 2577 sancta
783 2533 809 2578 et
823 2540 921 2600 magna
943 2520 1010 2580 feria
1023 2534 1129 2598 quarta,
1150 2521 1253 2581 scilicet
1264 2524 1374 2605 majoris
1391 2523 1498 2583 hebdo-

53 2611 173 2672 cnndum
187 2631 266 2669 usum
282 2612 440 2671 Graeccrum
454 2633 461 2668 t
473 2632 543 2669 unus
554 2610 657 2670 scilicet
669 2611 782 2673 hostros
793 2615 932 2675 conciones
952 2615 1115 2674 continenter
1125 2615 1240 2693 habuit,
1254 2618 1297 2677 vel
1322 2617 1449 2677 habuisse
1469 2637 1497 2676 se

53 2821 66 2860 t
81 2797 268 2880 interpretatio
280 2797 376 2857 Latina
390 2810 429 2856 est
444 2798 587 2859 Frontonis
598 2800 701 2860 Ducaei.

1410 3028 1494 3036 -——

53 3187 199 3267 ῑυννίγαγον
213 3188 238 3245 cl
250 3185 372 3246 Ἰουδαῖοι
384 3184 525 3267 συνέδριον,
540 3185 585 3246 καί
600 3184 697 3265 ἔλεγον·
716 3191 735 3236 Α
752 3187 783 3246 ln
791 3184 860 3245 illud
868 3184 1220 3266 Evangelii,Collegernnt
1227 3184 1316 3245 Judaei
1323 3186 1492 3259 concilium,
1504 3218 1573 3262 m,
1594 3235 1630 3267 Η,

207 3278 234 3337 τί
247 3278 415 3356 ποιήσωμενς
892 3291 919 3338 et
933 3280 1070 3339 dicebant
1085 3303 1093 3334 .·
1112 3280 1191 3358 Quid
1193 3281 1330 3362 facimus
1342 3286 1355 3338 Ρ
1504 3279 1544 3341 47·

137 3469 181 3546 Τῇ
195 3465 258 3548 ἁγία
269 3467 314 3526 καί
328 3464 431 3547 μεγάλη
448 3466 481 3546 β’.
871 3433 902 3521 ln
918 3475 1009 3522 sancta
1024 3475 1155 3542 etmagna
1168 3460 1235 3522 t‘eria
1248 3461 1373 3522 secunda.

53 3649 357 3725 ιοινοίτῆςἚααληοίας
366 3650 486 3732 φίλτατοι
497 3650 698 3722 παῖδεςνηπίοις
793 3648 946 3710 Persimiles
959 3665 1022 3710 sunt
1046 3650 1206 3729 infantibus,
1233 3650 1280 3729 qui
1304 3651 1381 3710 lactis
1403 3650 1498 3709 alimo-

53 3759 80 3808 τ,
98 3742 153 3800 τοῖς
171 3740 217 3792 τοῦ
235 3731 405 3810 γάλακτοςτ
455 3731 487 3804 ην
510 3733 568 3791 καθ’
584 3731 697 3802 ἑκάστην
752 3729 826 3788 niam
853 3744 963 3811 sugunt,
988 3731 1116 3791 Ecclesiae
1142 3731 1194 3790 filii
1213 3731 1366 3790 carissimi:
1384 3730 1498 3809 singidis

53 3818 131 3884 ατῆς
143 3816 273 3891 μητρυιῆς
294 3813 376 3884 θηλῆς
395 3756 553 3889 uidelicet,
574 3810 619 3869 καί
640 3812 698 3869 καθ’
752 3808 849 3868 diebus
864 3825 1011 3870 maternam
1030 3832 1179 3870 mammam
1200 3825 1308 3888 sugunt,
1330 3824 1357 3868 et
1382 3811 1497 3889 singulis

53 3898 183 3966 ζητῶσιν.
193 3891 336 3970 Ἐοίααμεν
347 3891 392 3949 καί
403 3897 479 3969 ἡμεῖς
493 3891 574 3973 μητρί
586 3899 700 3970 πενιχρᾷ
753 3889 849 3948 diebus
860 3893 1050 3969 quaeruntNos
1062 3911 1169 3969 quoque
1179 3911 1326 3969 cumeqcna
1338 3903 1422 3948 matre
1435 3911 1497 3948 con·

53 3973 104 4040 ίας
120 3971 294 4051 συοταλθείοη
309 3970 356 4037 τὰς
376 3978 422 4030 τοῦ
443 3971 574 4049 γάλακτος
600 3971 699 4047 πηγάς.
753 3970 816 4027 serti
830 3990 990 4049 possumus,
1005 3971 1048 4029 cui
1063 3970 1141 4027 lactis
1158 3970 1242 4028 sontes
1255 3983 1366 4049 propter
1380 3967 1498 4027 inediam

53 4077 99 4134 ερ,
118 4051 217 4112 ὁπόταν
233 4074 272 4118 τις
290 4050 331 4130 ίδῃ
348 4050 451 4131 μητέρα
463 4050 615 4130 ριλότεανον
631 4052 699 4130 ἄρο-
754 4062 925 4107 exaruerunt.
947 4049 982 4107 Et
1007 4047 1235 4128 quemadmodum
1248 4048 1323 4107 videt
1347 4050 1408 4126 quis
1432 4069 1496 4106 non·

53 4154 132 4206 ατος,
153 4131 199 4190 καλ
213 4132 265 4190 ὑπὸ
280 4129 345 4189 ἰδίου
361 4130 452 4190 τέκνου
468 4132 700 4208 αατααλαυθμυρι-
755 4150 902 4207 numquam
918 4143 1032 4188 matrem
1052 4130 1173 4188 filiorum
1191 4141 1334 4204 amentem,
1349 4129 1426 4186 lactis
1450 4149 1497 4186 cx·

60 4213 108 4273 sat
125 4218 309 4290 προσ-τιθεῖσαν
325 4208 373 4280 τὴν
393 4209 486 4283 θηλὴν,
500 4213 550 4290 οὐχ
561 4209 605 4268 ίνα
616 4209 699 4290 θρέψῃ
754 4222 867 4288 perlem,
877 4222 925 4267 eta
939 4209 1056 4268 filiosuo
1068 4208 1170 4290 ejulatu
1184 4208 1397 4281 sollicitatam,ei
1411 4229 1497 4266 mam·

53 4318 84 4364 νν,
98 4293 158 4352 ἀλλ’
173 4290 216 4349 ἵνα
230 4297 275 4350 τοῦ
289 4290 506 4371 αλαυθμυριομοῦ
519 4288 700 4361 ααταπαύαη·
755 4309 827 4346 mam
846 4289 995 4368 porrigere,
1005 4309 1057 4347 non
1071 4302 1101 4347 ut
1112 4288 1240 4346 infantem
1251 4287 1317 4363 alat,
1334 4287 1381 4346 sed
1394 4301 1424 4346 ut
1439 4288 1498 4368 ejus

53 4419 56 4429 ,
71 4377 144 4450 ἡμᾶς
165 4371 203 4429 δεῖ
224 4378 331 4430 σκοπεῖν
354 4393 383 4428 τε
406 4369 559 4450 πάσχοντας
572 4369 607 4427 τὰ
620 4356 700 4443 αὐτδ,
719 4393 736 4438 Β
755 4367 827 4427 sedet
837 4369 967 4448 ejulatum
978 4392 984 4424 :
996 4369 1034 4427 ita
1044 4382 1070 4427 et
1087 4389 1134 4426 nos
1148 4383 1266 4448 spectare
1279 4380 1384 4449 oportet
1398 4369 1499 4448 pariter

53 4459 131 4517 ῦντας
148 4448 182 4509 τὰ
196 4448 284 4530 ὅμοια.
303 4448 355 4508 Καὶ
375 4447 426 4529 γὰρ
446 4455 523 4528 ἡμεῖς
544 4454 656 4531 δρῶντες
671 4450 701 4508 τὸ
749 4448 875 4514 ‘affectos
890 4461 917 4506 et
932 4448 1025 4506 cadem
1041 4447 1175 4527 facientes.
1189 4447 1298 4506 Etenim
1313 4470 1375 4506 cum
1397 4468 1499 4506 novum

53 4555 74 4592 ο
88 4530 216 4608 σύστημα
229 4535 281 4588 τῶν
295 4533 342 4599 τῆς
357 4527 519 4598 Ἐααληοίας
533 4527 634 4587 παίδων
648 4552 699 4587 πε-
754 4526 826 4585 hunc
840 4526 960 4586 liliorum
985 4527 1111 4587 Ecclesia
1127 4541 1288 4587 conventum
1308 4528 1446 4588 intuemur
1471 4527 1498 4586 in

53 4635 74 4672 ιν
85 4610 225 4683 κυκλόθεν,
240 4608 286 4668 καί
301 4607 520 4686 ἀπεκδεχομίνων
535 4609 584 4668 “td
593 4607 700 4686 λογικὸν
755 4607 847 4665 orbcm
863 4608 1018 4681 astantium,
1032 4622 1058 4667 et
1073 4607 1232 4680 rationabile
1250 4607 1379 4667 orationis
1392 4608 1435 4666 lac
1450 4629 1498 4666 ex·

67 4692 165 4773 ispo,
179 4689 228 4760 vlu
242 4686 325 4760 θηλὴν
337 4692 384 4759 τῆς
397 4687 511 4753 διανοίας
522 4693 598 4767 ἡμῶν
613 4689 701 4767 χαλῶ·
755 4687 942 4766 spectantium,
970 4688 1065 4746 mentis
1090 4701 1186 4746 nostrae
1200 4708 1352 4755 ¹mammam
1365 4687 1498 4762 laxrnnus,

53 4796 56 4813 ν
72 4768 266 4850 ίναθρέψωμεν
282 4768 375 4835 αὐτούς
397 4768 519 4847 (ἄπειροι
531 4768 582 4847 γὰρ
597 4767 642 4826 καί
673 4767 702 4824 ί·
755 4788 808 4826 non
819 4781 849 4825 ut
859 4788 903 4827 ecs
917 4767 1031 4844 alamus,
1041 4767 1159 4847 imperiti
1173 4767 1274 4847 quippe
1286 4787 1389 4843 sumno,
1402 4781 1452 4825 ete
1472 4788 1499 4824 e-

53 4840 60 4852 '
76 4851 148 4931 λόγῳ
164 4849 350 4929 τυγράνομεν),
364 4848 423 4907 ἀλλ’
441 4846 484 4904 θνα
498 4848 542 4906 τδν
556 4847 635 4907 πόθον
655 4845 700 4904 καί
755 4846 783 4905 ni
798 4868 929 4921 sermone,
946 4846 1032 4906 sedut
1054 4846 1220 4906 desiderium
1234 4845 1411 4924 ardorcmque
1424 4787 1498 4904 sede-

53 4954 110 4990 ιονα
123 4928 277 5007 παύσωμεν.
292 4927 371 4987 Ἀλλὰ
386 4927 476 4997 δεῦτε,
490 4927 641 5006 ἀγαπητοί,
658 4927 701 4985 ἐπὶ
756 4948 826 4985 mus.
847 4929 1040 4987 Verumtamen
1065 4925 1164 5001 adeste,
1188 4925 1367 5000 dilectissimi,
1387 4923 1421 4983 ad
1434 4924 1499 4998 solis

53 5010 114 5081 ,λίω
128 5009 233 5089 κήρυκα
245 5007 470 5088 ααταδραίμωμεν,
483 5007 526 5065 ίνα
541 5006 639 5085 ἴδωμεν
652 5005 701 5078 τὴν
754 5027 906 5088 preconem
921 5027 1104 5086 accurramus,
1119 5021 1150 5066 ut
1164 5021 1270 5087 paratas
1286 5004 1402 5066 Domino
1424 5004 1498 5063 frau-

53 5207 66 5259 l.
77 5209 104 5258 in
116 5212 239 5276 marg-*rt
251 5208 331 5259 ἄδολον
343 5209 433 5270 γάλα...
446 5211 528 5272 ἄποροι
540 5211 593 5272 γάρ.
