3750 5940
594 402 627 448 ιιι
656 401 782 448 nisena
809 399 867 446 vn.
1446 371 1520 472 909

57 530 65 597 ἱ
79 521 181 595 κινιίσιι
194 523 243 596 τὴν
259 525 412 600 ἀνωμαλίαν
426 525 613 602 ίπιτραπῆναι.
625 525 660 584 Εἰ
671 525 722 604 γὰρ
776 535 830 580 tem
840 519 1027 581 dmonstravi.
1043 521 1074 580 ld
1085 536 1175 582 autem
1188 525 1250 584 volo
1270 544 1306 582 ex
1319 522 1458 601 Scriptura
1474 544 1520 583 ex·
1532 540 1588 582 Gen.
1603 549 1622 580 ι.
1640 550 1658 580 ι.

59 627 81 671 ις
99 603 129 662 τὸ
153 601 294 681 ἀνώμαλον
313 603 401 682 ἔσχεν,
416 607 434 673 ἡ
449 603 608 684 δημιουργία
627 601 723 682 ὤφειλε
776 600 884 680 plicare.
896 603 935 659 ln
951 603 1105 680 principio,
1122 602 1221 679 inquit,
1233 606 1307 682 fecit
1321 604 1402 661 Deus
1417 600 1583 674 culum-⁵·
1623 626 1629 635 ⁴

57 705 123 752 τητα
138 680 230 748 δεῖξαι.
241 679 338 758 Ὅμως
358 682 385 743 δὲ
401 680 529 761 βούλομαι
540 687 617 741 τοῦτο
630 683 722 754 δκτῆς
775 691 805 737 et
827 691 943 738 terram
964 678 1034 737 Hinc
1053 680 1157 756 subdit,
1176 681 1305 740 Tenebrae
1318 694 1402 755 erant,
1423 695 1448 739 et
1471 683 1520 743 lux

57 786 59 822 :
82 765 263 842 παραστῆσαι.
279 760 327 818 Ἔν
349 766 441 842 ἀρχῇ,
461 761 552 842 φησὶν,
565 760 687 831 ἐποίησεν
708 767 722 820 ὁ
776 756 899 817 nondum
912 770 977 816 erat.
993 759 1035 818 Et
1051 760 1127 818 dizit
1145 761 1226 819 Deus
1240 784 1248 816 .·
1261 762 1332 818 Fiat
1352 761 1416 830 lux,-
1431 775 1459 819 et
1464 764 1521 843 sa·
1612 811 1616 824 .

57 864 76 897 ιν
90 837 199 920 οὐρανὸν
213 839 259 898 καί
273 837 321 943 τδρ
331 843 390 912 γῆν.
406 834 474 900 Ε’ίτα
484 840 591 917 ἐπάγει,
602 839 643 898 ότι
654 839 721 901 Σκύ
776 848 825 895 cta
840 850 883 896 est
895 837 956 896 lux.
973 839 1014 895 Et
1037 838 1136 897 divisit
1149 840 1230 897 Deus
1245 843 1322 896 inter
1336 841 1429 897 lucem
1442 855 1470 898 et
1481 855 1521 899 te·

57 917 102 976 καὶ
117 921 171 998 φῶς
184 918 286 978 οὐδέπω
300 943 341 990 ην.
359 920 412 978 Καὶ
425 912 498 978 εἶπεν
513 923 526 977 δ
540 918 622 991 Θεὸς,
637 922 718 990 Γενη-
777 919 894 986 necros,
905 931 933 975 et
949 920 1068 974 vocavit
1083 919 1164 976 Deus
1183 919 1277 976 lucem
1295 919 1383 988 diem,
1398 932 1426 976 et
1443 932 1519 977 tene-

57 1002 103 1070 Βς,
119 997 164 1054 καὶ
183 997 287 1076 ἐγένετο
300 1001 363 1077 φῶς.
376 999 429 1057 Καὶ
448 997 602 1078 διεχώρισεν
623 1003 637 1057 ὁ
655 999 756 1066 Θεὸςιι
778 997 846 1052 bras
867 1000 989 1054 vocavit
1008 1010 1132 1054 noctem.
1151 997 1241 1054 llohes
1263 996 1378 1076 primam
1400 997 1472 1056 diem
1495 1014 1521 1057 et

57 1098 100 1135 σον
124 1082 171 1134 τοῦ
193 1075 294 1156 φωτὸς,
309 1076 354 1134 καί
375 1077 426 1137 ἀνὰ
463 1078 520 1138 έσον
534 1081 581 1135 τοῦ
599 1077 722 1149 σκότους,
775 1072 894 1209 ρρίιιιαιιι
918 1088 1033 1133 noctem.
1059 1075 1136 1144 Quid
1157 1075 1247 1134 enim?
1265 1075 1400 1152 quomodo
1426 1075 1521 1137 divisit

57 1155 169 1214 {issue
192 1155 260 1222 Θεὸς
273 1155 305 1215 τὸ
319 1160 373 1235 φῶς
395 1161 507 1237 ἡμεραν,
521 1154 566 1215 καί
586 1155 722 1225 τὸ-σκόιτος
802 1172 850 1210 eus
863 1153 933 1212 inter
944 1153 1032 1212 lucem
1042 1168 1068 1213 el
1081 1155 1150 1213 inter
1165 1154 1296 1225 tenebras,
1307 1176 1374 1231 quas
1385 1156 1522 1216 constituit

57 1280 58 1287 ,
71 1232 163 1292 νύκτα.
182 1230 276 1312 Ἔχεις
297 1233 405 1313 πρώτην
428 1235 530 1314 ἡμέραν
545 1235 591 1294 καὶ
613 1235 723 1316 πρώτην
776 1250 832 1297 csse
845 1232 969 1291 noctem?
980 1234 1051 1292 Nam
1065 1232 1245 1307 illud,1nter,
1257 1231 1326 1291 duos
1359 1235 1416 1292 onit
1429 1237 1520 1294 termi-

57 1312 92 1371 Τί
104 1311 168 1390 γάρ;
184 1317 241 1380 πῶς
254 1301 336 1381 εἶπεν,
350 1312 390 1371 ότι
404 1315 450 1374 καί
464 1313 615 1394 διεχώρισεν
626 1319 641 1372 ὁ
654 1313 722 1382 Θεὸς
776 1330 834 1370 nos.
852 1311 1012 1392 Quia'enim
1036 1310 1126 1372 omnia
1143 1334 1203 1391 quae
1218 1312 1318 1371 creavit
1333 1256 1419 1390 lleus,
1435 1313 1462 1372 in
1472 1314 1518 1374 dc·

57 1414 100 1450 σον
115 1397 160 1449 τοῦ
177 1390 276 1471 φωτὸς,
293 1391 338 1449 καί
358 1393 409 1454 ἀνὸ
423 1393 503 1471 μέσον
516 1399 562 1451 τοῦ
574 1392 722 1466 σκότους,8
776 1389 917 1450 terminata
933 1390 1035 1449 creavit
1049 1405 1155 1464 natura,
1166 1412 1200 1449 ex
1216 1392 1385 1481 consequenti
1402 1392 1519 1473 primam

57 1495 63 1528 ι
78 1473 115 1536 εἰς
132 1469 213 1529 νύκτα
222 1493 231 1544 ;
246 1470 287 1530 Τὸ
306 1470 371 1553 γίιρ,
393 1471 453 1532 ’Ave
469 1472 558 1549 μέσον,
572 1475 609 1538 εἰς
627 1472 662 1532 τὸ
677 1471 722 1531 δύο
773 1466 848 1527 diem
860 1484 887 1528 et
899 1469 1016 1550 primam
1031 1484 1136 1530 noctem
1147 1470 1176 1528 in
1195 1468 1370 1529 determinata
1381 1486 1408 1530 et
1421 1474 1519 1549 aequali

57 1559 117 1608 οιεῖ.
139 1548 251 1620 Ἐπειδὴ
273 1549 324 1628 γδρ
344 1551 449 1624 πάντα,
462 1552 512 1611 deu
526 1550 722 1631 ίδημιούργειὸ
774 1546 1021 1628 circumscriptione
1050 1550 1170 1623 reduxit,
1182 1563 1279 1607 etcum
1292 1571 1444 1610 mensuram
1458 1573 1519 1630 per-

57 1628 221 1707 νώρισμένῃ
243 1629 410 1709 ἐδημιούργει
431 1629 525 1710 φύσει,
545 1629 651 1697 εἰκότως
676 1630 722 1689 καί
774 1625 894 1704 fecisset,
917 1627 988 1687 vidit
1013 1571 1061 1688 illa
1086 1629 1188 1709 optime
1212 1649 1241 1686 se
1267 1628 1373 1688 habere.
1399 1632 1518 1706 Deinde,

60 1706 106 1765 καὶ
121 1707 203 1766 νύκτα
220 1706 267 1775 τίις
280 1706 388 1788 πρώτας
400 1712 427 1768 ἐν
440 1709 575 1810 ὡρισμένῃ
598 1708 643 1768 καὶ
658 1709 721 1776 ίσως
775 1718 814 1795 ιιι,
825 1705 883 1785 jam
908 1705 969 1765 dixi
981 1750 990 1781 ,
1009 1729 1045 1767 ex
1067 1721 1141 1766 motu
1165 1707 1288 1797 permisit
1312 1708 1520 1787 inaequalitatem

59 1789 163 1866 παρῆγε
182 1792 343 1868 περιγραοῆ,
356 1789 402 1846 καλ
415 1790 562 1867 ἀπαρτισας
575 1788 606 1846 τὸ
617 1787 721 1887 μέτρον,
775 1785 850 1842 onri.
864 1785 895 1845 Si
904 1805 969 1863 ergo
980 1786 1085 1864 primus
1096 1799 1179 1845 status
1189 1807 1215 1845 tn
1226 1786 1377 1864 aequalitate
1387 1790 1515 1858 constitit,

58 1865 169 1924 ἄλλιστα
188 1865 274 1945 ἔχειν·
296 1870 343 1926 σθ’
365 1865 450 1938 οὕτω,
464 1866 533 1926 καθίι
554 1866 605 1939 ἤδη
621 1872 722 1947 φθασας
775 1863 966 1941 aequinoctium
980 1865 1063 1944 primi
1084 1865 1213 2002 temporis
1232 1865 1397 1956 principium
1411 1868 1474 1944 fuit,
1489 1885 1519 1928 ut

57 1948 82 2021 τῆ
94 1943 197 2015 κινήσει
206 1943 298 2003 λοιπὸν
313 1948 399 2025 ἀφῆκε
410 1945 458 2018 τῆν
471 1945 624 2024 ἀνωμαλίαν
639 1946 721 2028 ἐργά-
774 1940 989 2002 demonstratum
1005 1957 1056 2004 est.
1067 1944 1136 2004 Dein
1156 1956 1243 2024 epost
1257 1947 1520 2022 aequmoctium(hic

61 2024 96 2082 Εἰ
110 2022 199 2100 μέντοι
208 2021 302 2103 πρώτη
314 2025 407 2091 στάσις
416 2028 443 2084 ἐν
455 2024 521 2104 lep,
533 2023 622 2103 γίγσνσ
635 2026 720 2085 τοίνυν
774 2022 896 2083 animum
906 2020 1124 2113 adhibe)quarta
1136 2022 1182 2082 die
1194 2022 1226 2081 fit
1236 2022 1276 2081 sol
1292 2037 1319 2082 et
1331 2024 1407 2084 luna.
1417 2026 1519 2105 AEqua-

57 2100 107 2181 ,ρία
118 2101 189 2182 ἀρχὴ
200 2110 246 2162 τοῦ
261 2102 355 2183 χρόνου
369 2109 415 2162 τοῦ
432 2103 554 2185 πρώτου,
573 2108 609 2170 ὡς
624 2104 720 2164 ἄποδέ-
774 2099 877 2161 litatem
899 2101 1055 2179 aeqttlnttclll
1079 2102 1183 2178 faciunt
1200 2101 1354 2162 luminaria
1372 2107 1456 2166 Sexta
1474 2107 1520 2167 (lle

57 2227 59 2239 ,
84 2171 153 2239 Εἶτα
174 2179 243 2259 μετὰ
262 2181 401 2261 ἰσημερίαν
415 2180 557 2256 (σκόπειθ
576 2182 663 2260 λέγω)
675 2207 719 2242 σε-
774 2178 873 2239 sormat
887 2179 1035 2256 hominem,
1047 2201 1080 2240 ac
1089 2180 1203 2262 septima
1215 2180 1332 2260 quiescit
1345 2183 1519 2246 abomnibus

57 2260 132 2342 ’γμέρρ
145 2259 245 2337 γίνεται
257 2259 331 2331 ἥλιος
341 2261 387 2319 καί
396 2260 505 2332 σελήνη.
518 2260 619 2332 Ἰσότης
631 2266 722 2340 ἰσημσ-
774 2258 909 2337 operibus.
931 2260 1071 2337 Sequenti,
1116 2282 1157 2320 ue
1179 2273 1220 2320 est
1237 2261 1336 2340 primu,
1360 2264 1519 2325 universum

57 2338 95 2398 σίν
114 2343 138 2397 οί
161 2341 307 2418 φωστῆρες.
320 2338 407 2419 Ἔκτῃ
431 2341 519 2420 ἡμέρας
542 2339 653 2400 πλάττει
676 2342 721 2401 τὸι
736 2358 754 2406 c
769 2336 828 2415 jam
845 2337 991 2417 perlectum
1002 2360 1078 2400 suoo
1115 2336 1231 2398 'neterri
1243 2339 1316 2398 sinit.
1329 2341 1393 2401 Haec
1405 2342 1518 2403 observa

57 2441 84 2476 ον
95 2441 101 2454 ·
112 2416 159 2476 καί
172 2417 264 2476 ἔπειτα
275 2424 307 2497 τῇ
320 2418 420 2496 ίόδόμη
432 2419 580 2479 καταπαύει
593 2420 646 2479 ἀπὸ
654 2421 720 2480 redo-
773 2427 800 2473 et
817 2417 947 2476 memoria
966 2418 1064 2494 retine,
1078 2431 1109 2476 ut
1122 2417 1197 2476 dicta
1210 2418 1353 2497 explorare
1363 2420 1458 2501 possis.
1472 2423 1519 2482 Sic

57 2521 66 2555 ι
84 2497 176 2608 ἔργων.
192 2498 235 2575 Τῆ
249 2497 378 2571 ἐπιούσῃ,
393 2485 450 2569 ἥτις
464 2497 531 2558 ἐστίν
551 2498 597 2557 καί
610 2521 631 2555 π
657 2497 720 2572 ’τη,
773 2495 849 2554 Deus
866 2495 1005 2557 hominem
1026 2497 1100 2570 lecit,
1119 2509 1155 2568 et,
1172 2508 1203 2554 ut
1224 2495 1313 2556 bouus
1333 2511 1383 2570 est,
1395 2499 1476 2560 talem
1492 2516 1519 2561 et

57 2582 143 2635 ειωθεν
162 2577 253 2635 λοιπὸν
268 2577 297 2636 τὸ
315 2575 421 2653 σύμπαν
437 2580 536 2658 ἀφῆκεν
552 2580 578 2637 ἐν
593 2577 627 2636 τά
642 2602 664 2636 ει
677 2577 721 2656 φί-
772 2586 878 2633 tanturn
895 2576 958 2634 secit
971 2576 1116 2635 hominem.
1133 2577 1174 2635 Ne
1186 2575 1258 2635 enim
1274 2577 1434 2656 pravitatem
1449 2582 1516 2658 ejus,

60 2655 146 2734 Τήρει
161 2653 193 2726 dl,
205 2654 256 2734 γὰρ
270 2653 367 2714 τούτων
378 2656 545 2735 τηρουμένων
559 2655 662 2727 καὶτῆς
673 2662 723 2730 σῆς
772 2651 819 2710 sed
838 2654 957 2733 primum
974 2654 1033 2734 ejus
1048 2668 1148 2714 statum
1169 2653 1313 2734 respicias:
1326 2677 1388 2716 nam
1402 2658 1437 2716 ad
1451 2658 1517 2718 ima-

81 2732 254 2834 παραστσίσης
281 2736 456 2812 εὐδοκιμῆσαι
477 2735 521 2794 τὸν
543 2735 720 2836 ἑρμηνεύοντες
771 2731 862 2809 ginem
875 2753 952 2791 suam
966 2733 1027 2792 lecit
1040 2734 1128 2792 illum.
1144 2735 1232 2810 Atque
1247 2746 1277 2791 ut
1296 2736 1446 2797 ostenderet
1458 2739 1517 2818 ejus

57 2814 194 2884 Ἐπσιησεν
205 2810 274 2871 oden
288 2813 332 2872 τὸν
349 2814 605 2892 ἄνθρωπσνὸθεσς,
620 2814 667 2873 καί
685 2819 720 2883 ὡς
771 2824 895 2870 naturam
911 2832 973 2871 cum
991 2812 1076 2872 stellis
1095 2825 1263 2882 concertare,
1284 2812 1401 2874 declarat
1426 2815 1516 2897 ipsum

57 2891 129 2970 γαθὸς
158 2896 280 2951 τοσοῦτον
302 2891 348 2950 καί
370 2895 523 2964 τηλικοῦτον
548 2892 655 2965 ἐποίησε
675 2893 719 2953 τὸν
771 2888 873 2954 nudum
891 2890 1010 2970 positum
1027 2891 1110 2950 fuisse
1130 2891 1159 2949 iu
1176 2889 1318 2971 paradiso,
1338 2894 1440 2953 amictu
1461 2916 1515 2955 non

57 2995 92 3030 σν.
108 2968 153 3042 Μὴ
167 2971 219 3049 γὰρ
234 2970 283 3050 όρα
303 2972 383 3030 αὐτοῦ
405 2970 453 3044 τῆν
466 2971 635 3050 ἀόελτηρίαν,
650 2971 719 3031 ἀλλὰ
770 2981 891 3046 egentem
910 2991 916 3025 ε
934 2968 1055 3029 nondum
1073 2969 1144 3029 enim
1163 2970 1244 3028 talem
1262 2985 1400 3050 aspectum
1420 2987 1513 3034 conut-

57 3048 116 3121 ίιτην
133 3050 263 3129 φαντόζω
281 3050 454 3110 κατάστασιν.
469 3050 522 3109 Καὶ
536 3049 588 3132 γὰρ
600 3053 659 3109 κατ’
677 3054 718 3109 εἰ·
769 3047 849 3106 melia
860 3046 1017 3123 loedaverat,
1024 3063 1054 3108 ut
1064 3061 1218 3126 tegumento
1227 3069 1295 3127 opus
1302 3050 1412 3111 haberet
1421 3053 1512 3114 homo.

57 3127 105 3187 ιτὸν
124 3133 216 3187 ἑαυτοῦ
232 3127 350 3200 ἐποίησε.
367 3129 419 3187 Καὶ
433 3127 475 3187 ἵνα
489 3128 560 3200 δείξη
576 3132 654 3188 αὐτοῦ
669 3129 717 3201 τῆν
770 3126 874 3186 Verum
888 3126 1028 3207 Scriptura
1039 3127 1208 3204 testificatur,
1222 3129 1312 3188 Deum
1323 3130 1415 3190 fecisse
1425 3131 1512 3192 homi-

57 3216 97 3274 τοῖς
122 3207 228 3284 ἄστροις
244 3205 443 3285 ἁμιλλωμένηυ,
467 3193 602 3288 ἐμφαίνει,
618 3207 659 3268 ὅτι
674 3209 719 3268 καί
769 3223 841 3274 nem,
852 3219 878 3264 et
891 3206 1012 3286 posuisse
1022 3206 1101 3265 illum
1111 3205 1291 3287 inparadiso;
1303 3221 1384 3287 atque
1394 3210 1512 3270 illosnu·

59 3284 150 3357 ἔθηκεν
162 3286 189 3343 ίν
201 3289 240 3365 τῷ
253 3286 406 3364 παραδείσω
417 3288 511 3358 στολῆς
522 3290 551 3346 οὐ
568 3310 587 3366 χ
604 3287 717 3359 ildonea·
769 3280 818 3343 dos
831 3283 923 3359 luisse,
937 3306 985 3344 uec
999 3286 1147 3345 erubuisse.
1160 3283 1214 3344 Sed
1230 3288 1457 3363 quemadmodum
1472 3292 1512 3350 sol

57 3363 191 3465 γὸρύθρις
200 3365 368 3436 συνεληλύθει
380 3352 412 3436 τῆ
423 3365 497 3444 δίει,
507 3364 551 3424 ίνα
560 3312 718 3440 καλσκέπης
768 3375 795 3419 et
804 3362 869 3421 luna
883 3361 1004 3422 nuditate
1013 3385 1063 3423 sua
1075 3363 1216 3444 splendent
1229 3379 1255 3423 ct
1268 3381 1414 3426 ornantur:
1430 3370 1469 3428 sic
1485 3383 1512 3429 et

57 3449 196 3525 ινθρωπος.
212 3445 280 3502 Ἀλλ’
293 3449 307 3514 η
323 3445 345 3502 Γ
347 3431 415 3524 ραφλ
431 3455 574 3526 μαρτυρεῖ,
588 3445 628 3504 du
643 3445 715 3505 ἐποί-
769 3437 799 3499 1ιί
815 3441 936 3521 permissi
955 3455 1017 3502 sunt
1034 3464 1082 3502 suo
1095 3442 1191 3502 decore
1204 3443 1353 3523 splendere.
1366 3448 1437 3506 Cum
1447 3469 1510 3528 erqo

64 3521 210 3601 ἄνθρωπον,
222 3522 267 3580 καὶ
282 3521 356 3582 ἔθετο
368 3522 445 3581 αὐτὸν
459 3527 485 3582 ἐν
497 3527 535 3604 τῷ
549 3524 717 3604 παραδείσῳ,
769 3532 874 3579 tantum
887 3520 929 3580 illi
941 3521 1102 3582 beneficium
1116 3522 1271 3583 contulisset
1284 3526 1368 3602 Deus,
1380 3526 1511 3605 illumque

59 3601 151 3678 γυμνοί
164 3592 241 3672 ἦσαν,
262 3600 308 3659 καί
321 3605 368 3661 οὐχ
379 3601 531 3681 ᾐσχύνοντο,
546 3602 615 3663 Ἀλλ’
626 3603 717 3684 ὥσπερ
733 3619 751 3666 n
769 3598 797 3658 in
819 3599 938 3679 paradisi
958 3600 1064 3660 deliciis
1083 3601 1269 3676 constituisset,
1280 3624 1443 3684 muneraque
1462 3629 1510 3665 sua

57 3679 77 3737 ιὶ
91 3679 187 3750 σελήνη
201 3684 234 3758 τῆ
250 3682 348 3739 ἑαυτῶν
362 3679 495 3759 γυμνώσει
509 3681 717 3760 ἐγκαλλωπίζον-
768 3678 810 3738 illi
828 3678 934 3739 abunde
954 3680 1100 3755 tribuisset,
1116 3702 1225 3741 sensum
1243 3683 1279 3741 ab
1298 3704 1339 3758 eo,
1356 3699 1385 3742 ut
1403 3687 1509 3762 justum

57 3781 91 3816 τω
103 3758 134 3829 δὴ
152 3759 198 3817 καί
220 3751 290 3816 οὗτοι
307 3760 452 3839 ἠφείδησαν
465 3765 498 3840 τῇ
510 3767 607 3840 φυσικῇ
622 3765 716 3840 obreps-
768 3770 836 3834 erat,
856 3759 1022 3837 requirebat,
1040 3758 1185 3836 docuitque
1206 3758 1285 3818 illum
1307 3775 1338 3819 ut
1358 3762 1508 3823 obedientia

57 3836 357 3918 υραίζεσθαι.Τσσσύτην
367 3829 410 3898 eds
422 3838 570 3919 εὐεργεσίαν
580 3844 617 3907 εἰς
626 3847 715 3900 τοῦτον
767 3836 882 3916 gratiam
901 3836 1066 3917 rependeret.
1085 3838 1158 3907 Quia
1177 3857 1241 3895 vero
1264 3839 1352 3912 vidit,
1373 3841 1432 3899 lieri
1453 3861 1518 3902 non·

57 3917 159 3993 colpeio<
170 3921 184 3974 ὁ
194 3915 277 3991 Θεὸς,
294 3917 339 3975 καὶ
353 3916 518 3998 ἁθροδίαιτον
531 3919 609 3978 αὐτὸν
624 3923 650 3978 ἐν
661 3943 715 3977 πα-
767 3936 844 3995 posse
855 3928 884 3972 ut
895 3915 943 3974 ille
959 3915 1062 3974 donum
1073 3928 1199 3988 servaret,
1213 3914 1265 3974 nisi
1278 3916 1312 3975 ad
1329 3920 1418 3983 Deum
1429 3919 1506 3980 dato·

57 3994 326 4072 ικαταστησόμενσς,
341 3999 393 4053 τῶν
407 4020 436 4054 τε
449 3996 566 4076 χαρίτων
586 3998 716 4064 πλουσίως
766 4015 824 4052 rem
845 3993 999 4072 confugeret
1018 3993 1159 4074 ipsumque
1180 3993 1337 4071 honoraret,
1358 3997 1443 4077 legem
1464 4000 1506 4059 illi

57 4072 176 4148 εταδοὸς,
188 4075 233 4132 καί
246 4073 295 4144 τῆν
309 4078 387 4134 αὐτοῦ
401 4074 522 4148 αἴσθησιν
534 4075 603 4135 κατὰ
624 4076 655 4135 τὸ
672 4076 714 4135 δί-Ι
767 4072 929 4153 prescripsit
948 4087 1049 4132 nuturae
1069 4071 1217 4148 custodem,
1233 4087 1263 4133 ut
1282 4096 1316 4134 ex
1334 4078 1462 4138 memoria
1480 4094 1505 4138 et

57 4154 167 4226 τεζήτει,
181 4150 227 4211 καί
240 4158 343 4233 ὑπακοῇ
360 4160 489 4233 τιμᾶσθαι
507 4153 555 4228 τῆν
569 4153 646 4236 χαίριν
661 4156 713 4216 ἐδί·
767 4172 817 4232 cpe
826 4151 995 4231 legislatoris,
1004 4152 1081 4230 quasi
1090 4151 1169 4210 bonis
1179 4153 1340 4229 quibusdam
1353 4156 1506 4236 pharmacis

57 4232 87 4290 ,αὶ
104 4231 194 4303 ἐπειδὴ
214 4224 278 4291 εἶδεν
298 4237 312 4291 ὁ
331 4233 416 4308 Θεὸς,
438 4231 479 4293 ὅτι
500 4233 624 4310 ἀδύνατον
645 4238 715 4294 αθτῶ
766 4231 969 4291 custodiretur:
987 4230 1265 4309 immortalitatemque
1282 4233 1352 4314 ipsi,
1372 4237 1395 4294 si
1417 4237 1505 4317 legem

57 4315 168 4391 τεχθῆναι
179 4309 227 4383 τὴν
242 4312 351 4391 δωρεὰν,
363 4316 386 4372 εἰ
401 4311 438 4391 μὴ
448 4318 584 4394 καταφυγῆ
594 4294 714 4394 καὶτιμῆ
765 4312 895 4387 servaret,
908 4311 1043 4392 promisit,
1055 4324 1168 4370 mortem
1182 4331 1245 4370 vcro
1254 4312 1372 4373 minatus
1384 4331 1424 4375 est
1437 4336 1506 4397 proe-

57 4415 60 4456 ;
73 4391 116 4450 τὸν
131 4388 263 4449 δεδωκότα
276 4393 354 4464 Θεὸν,
367 4391 448 4470 νόμον
459 4397 529 4472 αὐτῷ
540 4394 651 4477 φρουρὸν
661 4394 714 4476 δρί-
767 4390 907 4450 varicanti.
914 4389 971 4451 Sed
987 4391 1031 4449 his
1051 4391 1089 4448 ita
1108 4389 1200 4468 gestis,
1212 4390 1260 4448 illa
1278 4393 1431 4454 aeciderunt
1444 4417 1506 4475 quae
1540 4411 1546 4422 “

57 4469 168 4549 ρύσεως,
179 4468 221 4529 ίνα
232 4470 323 4550 μνήμη
334 4471 380 4530 καὶ
391 4471 498 4552 βοηθείᾳ
507 4477 553 4530 τοῦ
565 4473 714 4550 νομοθέτου,
767 4483 830 4528 nota
844 4483 907 4529 sunt
919 4492 926 4526 ε
939 4468 1045 4529 invidia
1057 4468 1158 4550 quippe
1171 4467 1272 4529 diaboli
1286 4472 1423 4546 suadente,
1429 4486 1460 4534 ut
1467 4473 1506 4534 le-

57 4553 107 4615 θοῖς
121 4573 175 4607 τισι
190 4549 339 4629 φαρμάκοις
360 4551 539 4630 φυλάττηται·
554 4551 599 4610 καί
613 4556 714 4612 ἄθανα-
768 4568 828 4627 gem
840 4546 1069 4628 transgrederetur
1081 4548 1174 4626 homo,
1188 4551 1374 4631 corruptibilis
1386 4566 1425 4611 est
1443 4553 1507 4613 effe-

57 4630 157 4687 ιαύτοῦ
173 4627 332 4706 τηρουμένου
345 4638 392 4690 τοῦ
406 4629 486 4706 νόμου
500 4631 715 4710 κατεπαγγέλλε-
768 4640 838 4704 ctus,
858 4628 1016 4708 ejiciturque
1038 4640 1115 4685 extra
1136 4626 1294 4708 paradisum
1309 4651 1316 4686 ι
1331 4652 1363 4690 ac
1383 4631 1508 4712 deinceps
1575 4690 1582 4701 ,

57 4705 140 4766 ίυσσσν
164 4706 190 4764 δὲ
213 4706 393 4786 παρσὸάυσσς.
418 4707 497 4768 Ἀλλὰ
513 4709 611 4768 τούτων
634 4708 716 4776 οὕτως
734 4715 751 4761 Β
768 4720 863 4765 auctus
879 4706 966 4788 prole,
981 4703 1231 4766 brutorum-vitam
1250 4706 1343 4788 duxit,
1357 4724 1437 4788 atque
1454 4711 1505 4771 im·

57 4810 61 4838 ι
72 4785 163 4865 γέγονε
173 4783 207 4843 τδ
219 4785 364 4863 γενόμενα,
375 4787 420 4845 καλ
433 4788 519 4867 φθόνῳ
529 4794 575 4848 τοῦ
594 4788 716 4848 tenedos
769 4785 876 4864 pictatis
888 4799 915 4845 et
927 4785 1045 4844 lasciviae
1056 4784 1254 4864 receptaculum
1267 4788 1353 4848 lactus
1366 4803 1414 4848 est.
1428 4788 1509 4849 Ideo-

57 4889 61 4930 :
84 4864 239 4945 περαθῆναι
258 4866 302 4924 τὸν
316 4865 394 4943 νόμον
407 4872 421 4926 ὁ
432 4866 567 4945 ἄνθρωπος
576 4914 585 4942 ,
607 4868 719 4949 φθαρτὸς
771 4885 823 4941 que
840 4864 976 4945 prophete
991 4863 1154 4940 clamabant,
1166 4862 1201 4923 de
1220 4864 1295 4925 illius
1310 4868 1398 4945 prisea
1419 4866 1511 4948 digni·

57 4943 122 5002 ·καί
140 4942 188 5011 ἔξω
207 4942 307 5003 τίθεται
319 4950 365 5004 τοῦ
380 4946 555 5025 παραδείσου·
570 4946 615 5006 καί
627 4947 720 5006 λοιπὸν
772 4956 835 5016 tate,
849 4956 875 5002 et
896 4941 930 5002 de
944 4956 1077 5024 postrema
1094 4942 1281 5023 turpitudine:
1294 4948 1390 5004 Homo
1403 4953 1513 5007 cumin
1522 4966 1589 5010 Ρισι.
1607 4959 1646 5021 ηδ.

57 5027 102 5091 ,θος
116 5021 188 5092 δοὺς,
204 5021 260 5101 βίον
276 5047 306 5083 τε
318 5024 440 5097 κτηνώδη
454 5024 514 5098 ἔζη,
530 5025 574 5084 καί
590 5021 679 5093 ἀθείας
691 5051 721 5085 τε
774 5025 883 5081 honore
904 5034 988 5093 esset,
1005 5042 1064 5080 non
1087 5023 1234 5082 intellexit
1247 5048 1255 5080 ι
1268 5037 1453 5104 comparatus
1471 5025 1563 5086 est13·

57 5101 151 5169 λασίας
162 5103 263 5183 δοχεῖον
277 5103 386 5181 ἐγίνετο.
404 5103 458 5163 Kul
468 5104 512 5164 διὸ
528 5109 604 5164 τοῦτο
620 5108 722 5184 πραφῆ-
768 5105 909 5182 jumentis
922 5103 1135 5180 imipientr'bus,
1147 5113 1176 5158 et
1194 5103 1299 5161 similis
1308 5107 1412 5183 sactus
1426 5118 1469 5167 est
1481 5107 1517 5165 il·

57 5206 101 5255 ων,
128 5180 173 5239 καί
198 5181 260 5260 περὶ
277 5188 325 5254 τῆς
349 5181 457 5263 πρώτης
472 5187 549 5244 αὐτοῦ
573 5182 663 5260 ἀξίας,
678 5183 723 5242 καί
776 5181 822 5240 lis.
848 5180 912 5240 Haec
933 5200 997 5239 cum
1013 5178 1051 5239 ita
1068 5200 1096 5239 se
1115 5179 1253 5258 haberent,
1273 5194 1299 5240 et
1321 5181 1438 5322 hupppna
1457 5205 1518 5266 per·
1605 5218 1608 5222 ⁴
1703 5206 1711 5220 ·

117 5278 189 5318 ron.
212 5280 282 5319 vrrr.
