3750 5940
51 442 102 492 nn.
132 440 225 493 evin.
252 420 299 492 al.
328 443 410 495 nvn.
780 423 850 520 393

69 571 90 620 u
107 566 205 625 frustra
217 580 243 625 et
256 566 314 626 sine
328 566 384 626 ullo
396 568 486 627 ltuetu
500 566 580 629 vobis
594 567 646 627 sim
660 565 781 627 odiosus.
793 567 851 630 Vi·

107 657 157 717 deo
170 680 285 737 namque
306 659 477 735 insanientes,
498 681 551 719 non
565 659 645 719 modo
661 661 788 740 juvenes,
803 660 852 720 sed

106 750 188 810 etiam
210 773 430 830 seneszquornm
452 752 570 812 maxime
600 773 681 812 causa
709 751 852 823 erubeseo,

108 864 170 901 eum
183 843 273 903 virum
290 865 368 903 cerno
384 844 481 904 canitie
495 843 694 918 venerandum,
709 864 789 902 tanos
802 842 850 903 de-

107 935 257 1011 honestare,
274 936 405 998 etlilium
422 959 512 996 secum
531 937 645 996 trabere.
664 935 740 1007 Quid
765 935 852 1015 magis

106 1029 274 1088 ridiculum?
288 1030 357 1109 quid
381 1031 507 1112 turpius?
528 1031 604 1090 lilius
616 1052 633 1090 a
645 1044 722 1112 patre
734 1029 852 1114 turpiter

105 1140 184 1200 agere
196 1120 318 1181 docetur.

144 2025 170 2084 5.
182 2024 308 2086 Mordent
320 2027 379 2086 hac
399 2028 504 2089 rerba?
518 2029 577 2090 lloe
588 2050 638 2110 ego
651 2030 724 2108 volo,
738 2046 767 2093 ut
778 2055 845 2096 moe·

102 2137 189 2176 rorem
199 2118 281 2177 verba
295 2119 410 2199 pariant,
425 2134 455 2179 ut
466 2121 554 2202 reipsa
564 2143 580 2181 a
591 2135 664 2183 tanta
678 2124 846 2205 turpitudine

103 2209 264 2268 liberemini.
282 2212 351 2270 Sunt
373 2211 444 2270 enim
467 2212 591 2273 nonnulli
607 2214 651 2273 bis
669 2214 750 2295 longe
769 2217 847 2297 trigi-

59 2299 204 2391 ⁸4³di0res,
220 2322 287 2378 quos
301 2302 458 2383 hujusmodi
469 2304 614 2364 verborum
627 2326 679 2365 non
693 2305 788 2387 pudet,
800 2305 849 2368 sed

69 2408 88 2452 Α
105 2394 214 2472 longam
230 2407 325 2453 texunt
340 2395 391 2453 hac
398 2393 433 2455 de
445 2416 474 2455 re
483 2396 639 2457 orationem.
651 2400 728 2472 Quos
734 2398 757 2458 si
768 2398 849 2459 inter-

105 2487 243 2565 rogaveris
251 2487 313 2567 quis
322 2489 357 2548 sit
369 2493 458 2564 Amos,
467 2490 528 2569 quis
537 2489 720 2571 Abdias,qu0t
731 2492 849 2573 prophe·

105 2592 150 2656 tae,
164 2594 230 2658 quot
244 2581 369 2661 apostoli,
387 2603 420 2640 ne
428 2580 531 2641 hiscere
544 2581 654 2661 quidem
665 2597 792 2664 possunt3
802 2584 851 2644 sed

106 2673 177 2731 cirea
188 2695 269 2752 equos
278 2689 303 2733 et
311 2675 432 2754 aurigas,
441 2676 592 2755 graviorem
600 2698 682 2756 quam
692 2677 851 2760 sophistaeet

106 2765 224 2824 rhetores
236 2767 352 2824 afferunt
362 2765 542 2826 defensionem
555 2792 561 2824 :
574 2781 600 2827 et
613 2781 673 2848 post
688 2769 746 2829 haec
760 2770 851 2831 omnin

105 2857 201 2917 dicunt
208 2882 213 2914 :
221 2858 327 2937 Ecquid
337 2860 400 2918 hinc
411 2859 586 2919 detrimenti?
595 2860 663 2939 quid
670 2861 852 2924 damnitldeo

105 2949 263 3029 ingemisco,
276 2950 349 3029 quod
361 2951 470 3010 noxiam
485 2973 541 3010 esse
550 2972 606 3010 rem
621 2953 755 3030 nesciatis,
767 2975 852 3034 neque

106 3041 132 3099 in
144 3062 252 3100 sensum
266 3042 398 3102 malorum
417 3043 553 3102 ueneritis.
569 3043 641 3105 Vita
657 3058 762 3126 tempus
776 3044 852 3105 dedit

105 3133 154 3192 tibi
167 3135 256 3208 Deus,
271 3147 301 3192 ut
319 3134 409 3215 ipsum
422 3133 493 3194 colas
505 3157 512 3190 τ
522 3147 552 3193 tu
564 3155 627 3194 vero
640 3137 739 3196 frustra
751 3150 778 3196 et
791 3136 853 3196 inu·

104 3226 188 3284 tiliter
210 3247 368 3285 consumens
390 3225 472 3302 illud,
487 3226 586 3307 quaeris
602 3226 702 3305 adbuc,
723 3226 797 3307 quod
816 3228 852 3287 sit

104 3317 256 3376 damnum?
268 3318 298 3377 Si
318 3317 456 3376 tantillum
469 3318 569 3377 frustra
586 3319 705 3378 insumas
718 3320 852 3401 pecuniae,

105 3408 134 3467 id
145 3409 277 3468 damnum
290 3430 385 3485 vocas;
396 3408 463 3467 dum
479 3430 543 3469 vero
562 3410 620 3469 dies
633 3411 752 3491 integros
766 3411 795 3470 in
809 3433 852 3471 sa·

69 3510 87 3557 B
106 3505 201 3564 tanicis
224 3505 330 3587 pompis
350 3505 478 3578 insumis,
497 3505 566 3565 nihil
587 3506 706 3566 absurde
721 3520 747 3566 te
765 3507 853 3572 faeere

105 3608 197 3688 putes?
211 3608 281 3666 Cum
301 3621 433 3688 oporteret
444 3607 571 3686 precibus
584 3621 610 3666 et
623 3607 853 3668 obsecrationibus

105 3725 188 3770 totam
203 3710 286 3770 vitam
300 3710 463 3791 impendere,
485 3722 514 3767 tu
529 3710 556 3767 in
571 3709 744 3783 elamoribus,
759 3711 788 3769 in
804 3725 852 3769 tu-

105 3811 210 3886 multu,
232 3810 363 3869 obscoenis
386 3809 493 3883 verbis,
517 3808 631 3889 pugnis,
656 3810 852 3890 intempestivis

105 3912 304 3991 voluptatibus,
329 3910 480 3991 praestigiis,
501 3924 585 3968 totam
600 3911 684 3970 vitam
697 3912 849 3990 consumis3

107 4016 188 4095 idque
201 4017 300 4074 frustra
316 4029 343 4074 et
360 4015 386 4073 in
402 4013 547 4095 perniciem
561 4027 644 4072 tuam.
664 4013 699 4072 Et
719 4027 781 4095 post
794 4015 852 4074 haee
882 4049 1003 4110 Quotam

106 4122 196 4179 omnia
211 4118 446 4198 interrogasqmtl
459 4117 492 4176 sit
512 4117 643 4176 damnum
657 4141 663 4175 :
677 4139 761 4198 neque
772 4118 850 4178 intel·
860 4117 889 4158 ⁸³⁸
901 4123 1004 4220 cmg

106 4221 177 4300 ligis,
192 4220 261 4278 nihil
275 4221 383 4300 parcius
396 4219 587 4278 insumendum
612 4240 668 4279 esse
683 4241 765 4300 quam
784 4234 976 4284 tem-damnum.

107 4345 165 4403 pus.
190 4327 294 4379 Aurum
317 4324 340 4381 si
361 4320 534 4401 impenderis,
556 4343 713 4402 recuperate
731 4322 850 4403 poteris;

106 4425 234 4482 amissum
249 4437 352 4504 ternpus
363 4422 476 4481 difficile
483 4443 631 4503 recuperes.
643 4423 729 4483 Breve
738 4444 853 4504 namque

106 4526 163 4605 ejus
177 4526 295 4605 spatium
316 4527 343 4584 in
367 4525 418 4583 hae
433 4524 492 4583 vita
514 4524 592 4583 nobis
612 4525 784 4603 eoneeditur;
800 4549 854 4606 quo

106 4629 157 4686 nisi
170 4641 200 4685 ut
211 4649 260 4708 par
273 4640 312 4686 est
324 4641 443 4704 utamur,
458 4626 525 4706 quid
539 4626 587 4686 illo
598 4625 770 4688 advenientes
781 4626 854 4687 dice-

92 4812 216 4871 peropimis
234 4811 256 4857 lv
275 4817 320 4863 τοῖς
341 4813 452 4874 beemots,
466 4810 527 4858 ἀλλὰ
543 4811 633 4871 μακρὸν
649 4811 769 4875 ἐγείρουσιν
787 4807 852 4872 ὑπέρ.

92 4884 160 4933 lnlra
174 4901 220 4948 pro
233 4893 246 4943 ἡ
259 4897 319 4942 ποῖος
332 4882 398 4934 idem
411 4891 425 4943 ἡ
437 4896 512 4943 πόσος.

125 4965 137 5001 ¹³
152 4961 223 5011 ldem
235 4968 366 5027 ἀπολογίας.

122 5050 131 5071 ⁰
150 5039 217 5090 Editi
230 5050 252 5093 lv
264 5045 341 5093 elisei.
356 5038 427 5089 Idem
439 5039 476 5093 ἐπ’
487 5043 569 5099 οὐδενί,
583 5053 635 5087 non
646 5033 718 5085 mele.

125 5121 137 5158 ‘l
157 5118 228 5170 ltlem
245 5124 404 5186 ἐλεημοσύνας.

125 5209 134 5230 ⁰
153 5198 226 5252 Idem
240 5209 322 5258 παντὸς
332 5205 422 5265 μᾶλλον
434 5205 473 5251 τοῦ
489 5206 570 5268 χρόνον
582 5200 687 5263 ἐργασίαν
697 5199 851 5264 densatam.

93 5277 163 5331 111er
177 5276 243 5333 idem
256 5286 402 5344 strepitusve
414 5288 492 5344 χρόνος
504 5283 564 5327 κατὰ
575 5280 613 5326 τὸν
622 5293 678 5340 παρ.
