3750 5940
83 388 117 438 tv
771 390 957 469 PRAEFhTIO.

81 533 136 573 uos
147 513 254 597 defessi
264 512 326 573 leuc
336 514 496 582 costumiam
507 510 631 570 adeatis.
649 509 817 572 certamino
830 515 935 592 quippe
949 514 1032 573 uobis
1043 525 1178 594 prostant
1189 525 1293 574 contra
1305 515 1438 576 ueritatis
1451 517 1546 580 hostes
1551 543 1564 590 ;
1577 540 1647 581 con·

82 621 129 668 tra
143 629 192 667 eos
207 610 259 688 qui
272 606 349 666 nihil
364 627 424 665 uon
438 606 655 683 machinantur,
670 618 702 665 ut
714 606 786 665 Filii
800 607 860 666 Dei
871 608 1010 687 gloriam,
1021 611 1080 667 imo
1092 613 1282 688 potiussuum
1296 609 1456 689 dejiciente
1472 613 1528 671 itta
1541 619 1648 695 quippe

80 719 194 780 semper
205 712 304 758 monet
327 710 359 757 ut
377 711 437 771 est,
451 711 501 757 etc.
516 696 572 757 Ubi
590 695 668 758 vides
692 696 771 756 illum
793 696 929 757 auditores
948 719 1011 758 suos
1032 698 1067 759 ad
1086 699 1232 760 certamina
1252 714 1345 760 contra
1367 700 1506 763 hereticos
1523 704 1649 765 adeunda

81 813 188 870 acuero,
204 793 323 873 ipsisque
340 814 416 851 arma
433 792 592 853 ministrare.
610 790 684 852 Illud
694 806 785 851 autem
799 792 854 852 ferc
868 792 992 854 observes
1005 815 1054 875 pm
1066 807 1153 854 totum
1167 794 1348 857 Homiliernm
1360 796 1390 857 in
1408 798 1539 859 loannem
1551 799 1648 859 decur-

80 907 151 963 sum,
165 885 193 946 in
208 885 380 946 concionibus
401 885 495 946 saltem
510 885 577 964 illis,
594 883 738 965 Evangelii
756 882 819 945 loca
839 886 1057 968 explanantibus,
1079 910 1139 968 quae
1155 889 1198 950 vel
1213 888 1353 950 Christum
1375 891 1449 950 Patri
1470 893 1600 972 aqualem
1623 907 1650 953 et

79 978 331 1040 consubstantialem
341 979 466 1061 probant,
476 978 522 1041 vol
530 979 566 1038 ab
574 977 708 1038 haereticis
718 992 809 1039 contra
818 979 896 1039 illam
910 979 1214 1041 consubstantialitatem
1225 995 1252 1041 ct
1260 982 1441 1061 aequalitatem
1453 982 1558 1043 detorta
1570 1006 1649 1044 usur-

78 1073 222 1156 pabantur.
239 1073 283 1132 1111
298 1073 400 1155 quippe
410 1072 539 1151 haretici,
552 1071 616 1153 quia
627 1093 663 1131 ex
678 1072 790 1134 Joannis
807 1072 898 1134 verbis
916 1072 1083 1134 validissime
1096 1074 1191 1156 impeti
1205 1075 1338 1151 solebant,
1352 1097 1388 1135 ex
1402 1077 1522 1158 ejusdem
1540 1079 1650 1160 stipsis

79 1166 170 1226 verbis
180 1166 339 1225 sententiam
352 1179 378 1224 et
389 1165 555 1246 impietatem
568 1186 647 1225 suam
657 1163 728 1224 tueri
739 1164 913 1224 conabantur.
930 1164 1002 1238 Quia
1012 1186 1077 1226 vem
1091 1180 1157 1225 tunc
1174 1165 1294 1226 haretici
1307 1166 1349 1226 illi
1368 1168 1515 1229 Catholicis
1532 1169 1649 1230 admixti

78 1282 177 1341 magno
189 1281 300 1320 numero
311 1275 396 1336 erant,
410 1262 613 1339 frequenterque
626 1281 688 1319 cnm
699 1259 788 1322 obviis
800 1281 835 1319 ex
849 1260 960 1323 loannis
969 1259 1152 1341 Evangelistae
1167 1261 1259 1321 verbis
1272 1261 1463 1344 disputabant,
1481 1285 1585 1324 necesse
1595 1287 1648 1346 pu·

79 1359 146 1419 tavit
157 1357 368 1438 Chrysostomus
382 1354 516 1425 auditores
527 1375 589 1415 suos
600 1353 636 1414 ad
647 1355 711 1414 talia
720 1355 864 1415 certamina
876 1354 1048 1437 suscipienda
1056 1355 1205 1436 instituere,
1216 1370 1247 1417 ut
1259 1357 1297 1417 ait
1306 1357 1363 1438 ipse
1377 1358 1405 1418 in
1417 1358 1477 1418 loco
1483 1360 1542 1440 jam
1555 1359 1647 1438 allato,

79 1466 105 1512 et
117 1452 219 1534 passim
231 1451 259 1509 in
273 1448 444 1529 sequentibus
459 1450 633 1509 concionibus
643 1450 748 1530 repetit.

118 1550 146 1606 ὅ.
163 1546 216 1607 Sed
226 1567 276 1606 cur
287 1546 456 1606 illucescente
471 1566 568 1604 aurora
578 1544 628 1604 has
638 1545 777 1605 conciones
786 1545 893 1621 hahuit,
907 1567 955 1606 cur
969 1559 1027 1607 tam
1042 1547 1146 1625 breves,
1156 1567 1205 1606 our
1223 1549 1352 1608 moralem
1370 1548 1551 1630 disciplinam,
1564 1571 1648 1628 quam

78 1662 141 1700 cum
154 1653 227 1699 tanta
238 1639 360 1698 ubertate
378 1638 406 1697 in
421 1636 482 1698 aliis
493 1637 667 1698 concionibus
680 1638 841 1718 frequentat,
856 1638 903 1697 hic
919 1639 1028 1720 parcius
1046 1639 1174 1720 attingit?
1191 1639 1332 1712 Quantum
1346 1661 1465 1720 auguror
1479 1642 1646 1721 conjectura,

77 1756 111 1795 ne
122 1750 278 1795 caeterarum
291 1732 466 1793 homiliarum
479 1754 597 1808 cursum,
610 1754 678 1812 quas
696 1734 804 1794 assidue
818 1754 868 1815 per
883 1746 972 1793 totum
991 1753 1094 1794 annum
1106 1733 1241 1812 habebat,
1258 1748 1284 1793 et
1298 1736 1341 1795 cni
1357 1736 1501 1795 intererant
1512 1735 1647 1796 Catholici

77 1847 168 1886 omnes
186 1826 306 1908 cujusvis
325 1825 423 1903 aetaus,
438 1847 518 1885 sexus
538 1839 618 1906 atque
631 1825 805 1904 conditionis,
823 1847 857 1886 ne
869 1827 947 1904 illas,
961 1826 1086 1906 inquam,
1103 1827 1301 1909 interpellaret:
1312 1828 1391 1888 hasce
1407 1841 1534 1909 praeterea
1547 1827 1646 1889 illuce-

77 1935 166 1980 scente
179 1940 296 1998 aurora,
310 1941 363 1980 non
375 1920 499 1981 universo
512 1922 614 2002 populo
626 1921 744 1998 dicebat,
756 1921 803 1981 sed
821 1922 855 1982 iis
869 1936 974 1982 tantum
983 1923 1049 1983 viris
1060 1944 1092 1982 ac
1110 1923 1284 2001 mulieribus,
1298 1924 1346 2003 qui
1363 1922 1536 1985 ferventiores
1552 1938 1649 1999 essem,

77 2013 178 2093 quique
191 2013 300 2094 ingenio
310 2014 440 2092 valerent,
455 2028 614 2094 possentque
624 2013 652 2075 in
667 2013 833 2094 quotidianis
846 2035 908 2073 cum
921 2014 1055 2074 haereticis
1068 2014 1281 2086 velitationibus,
1293 2014 1477 2094 lucifugarum
1488 2030 1647 2093 argumenta

77 2131 112 2168 ex
126 2109 275 2188 Evangelio
288 2109 398 2171 ioannis
412 2122 442 2168 ut
464 2108 616 2190 plurimum
628 2111 726 2190 petita,
740 2109 927 2192 Chrysostomi
941 2109 1050 2169 monitis
1070 2109 1203 2185 instituti,
1217 2110 1364 2169 confutare.
1379 2110 1477 2169 Sancto
1493 2109 1578 2188 igitur
1596 2108 1646 2170 do·

77 2203 158 2279 ctoti,
171 2203 214 2262 cui
224 2204 252 2261 in
262 2202 370 2262 dicendi
384 2202 505 2262 ubertate
518 2202 567 2264 vix
578 2225 671 2284 parem
690 2203 719 2264 in
733 2205 859 2264 omnihus
871 2219 944 2264 retro
959 2205 1064 2267 seculis
1072 2203 1271 2285 deprehendas,
1284 2203 1341 2264 duo
1351 2204 1485 2285 praecipue
1498 2204 1590 2262 munia
1604 2205 1647 2263 in-

79 2300 256 2360 cumbebant:
268 2299 398 2379 primum,
410 2311 440 2356 ut
448 2311 537 2357 totum
546 2298 748 2359 Catholioorum
762 2313 861 2360 coetnm
875 2314 968 2363 contm
978 2300 1045 2360 vitia
1057 2321 1170 2378 quaque
1178 2299 1342 2376 institueret,
1356 2299 1386 2357 id
1398 2297 1471 2377 quod
1482 2297 1528 2356 illc
1538 2310 1647 2358 strenue

78 2394 281 2475 exsequebatur,
295 2392 362 2452 dum
371 2394 523 2472 frequenter
537 2415 697 2475 perannum
707 2395 791 2454 achis
804 2417 875 2477 saepe
884 2395 913 2456 in
925 2394 1017 2456 eadem
1026 2393 1198 2454 hebdomada
1212 2393 1342 2453 moralem
1355 2413 1461 2453 omnem
1474 2390 1647 2472 disciplinam

78 2514 142 2552 cum
151 2491 221 2550 mira
231 2489 357 2548 facundia
373 2487 495 2548 versabat
503 2512 512 2565 5
525 2488 673 2548 secundum
681 2534 690 2567 ,
704 2503 735 2548 ut
749 2490 903 2550 Catholicos
917 2491 986 2550 inter
998 2491 1153 2550 innumeras
1165 2488 1353 2548 hereticorum
1368 2501 1488 2549 catervas
1500 2502 1647 2565 versantes,

77 2585 124 2664 qni
135 2582 253 2643 haeretici
265 2581 293 2639 in
308 2580 487 2639 familiaribus
500 2579 641 2659 colloquiis
648 2601 742 2641 veram
750 2579 833 2641 fidem
847 2603 881 2640 ex
895 2581 1046 2661 Evangelio
1058 2580 1177 2640 maxime
1186 2580 1298 2641 Joannis
1309 2579 1489 2660 impetebant3
1505 2591 1535 2637 ut
1547 2578 1647 2638 Catho-

78 2680 154 2754 licos,
165 2678 286 2756 inquam,
300 2675 363 2734 illos
373 2688 464 2735 contra
479 2674 645 2737 adversarios
656 2698 719 2736 snos
728 2676 811 2736 armis
823 2676 974 2736 instrueret.
990 2676 1062 2748 Quia
1072 2696 1136 2736 vero
1155 2696 1208 2735 non
1228 2695 1320 2735 omncs
1333 2674 1442 2735 omnino
1457 2673 1602 2750 Catholici,
1617 2688 1648 2733 ut

78 2771 208 2847 diximus,
221 2768 275 2829 viri
284 2782 364 2846 atque
377 2767 511 2846 mulieres,
526 2768 647 2848 cujusvis
658 2769 743 2830 atatis
758 2782 840 2848 atque
853 2769 1023 2843 conditionis,
1034 2767 1069 2829 ad
1081 2768 1152 2828 banc
1161 2766 1351 2850 capessendam
1364 2787 1484 2848 pugnam
1493 2765 1583 2825 idonei
1591 2787 1648 2825 esse

79 2864 215 2940 valebant,
229 2883 281 2921 non
295 2882 385 2949 omnes
400 2862 511 2920 fortasse
524 2861 597 2921 hisce
607 2862 746 2923 matutinis
757 2863 931 2923 concionibus
941 2864 1101 2938 intererant,
1115 2860 1163 2921 sed
1173 2861 1193 2920 ii
1207 2873 1313 2919 tantum
1331 2860 1386 2920 viri
1395 2880 1427 2919 ac
1440 2858 1564 2919 mulieres
1576 2904 1584 2934 ,
1599 2860 1648 2939 qui

78 2957 186 3037 ingenio
199 2955 334 3031 valebant,
348 2968 522 3034 poterantque
537 2955 589 3014 tela
603 2955 656 3014 sibi
669 2977 685 3014 a
698 2956 892 3038 Chrysostomo
903 2957 1107 3016 subministrata
1117 2955 1147 3014 in
1159 2953 1349 3013 hereticorum
1362 2953 1448 3034 capita
1464 2965 1646 3031 contorquere.

78 3051 114 3109 Hi
122 3049 296 3111 ferventiores
311 3049 414 3108 caeteris
428 3049 540 3109 seorsim
551 3063 625 3109 erant
644 3050 818 3129 instituendi,
831 3065 989 3131 argumenta
1002 3051 1104 3131 quippe
1115 3048 1217 3130 passim
1230 3047 1311 3107 allata
1322 3046 1399 3126 vulgi
1414 3049 1524 3128 captum
1537 3067 1648 3126 supera-

79 3144 153 3203 bant.
164 3143 229 3203 Haec
239 3164 302 3203 vero
311 3142 481 3203 illucescente
494 3164 590 3203 aurora
601 3144 817 3221 concionabatur,
829 3145 857 3204 ni
869 3145 960 3221 fallor,
970 3143 1043 3223 quod
1057 3142 1134 3203 aliud
1147 3141 1203 3201 diei
1213 3154 1321 3223 tempus
1331 3153 1478 3200 reservaret
1487 3138 1523 3199 ad
1534 3141 1650 3221 majores

78 3238 141 3298 illas
155 3238 305 3316 conciones,
320 3237 396 3315 queis
408 3237 443 3296 ad
457 3238 521 3298 vitia
535 3239 730 3319 propulsanda,
744 3253 770 3298 et
788 3239 917 3300 muntem
935 3260 1043 3299 omnem
1063 3234 1252 3296 inculcandam
1268 3235 1420 3294 uberiorem
1432 3233 1515 3293 dabat
1525 3255 1647 3314 operam.

77 3333 110 3393 ln
120 3332 293 3394 concionibus
301 3344 392 3391 autem
401 3333 542 3391 matutinis
549 3331 723 3416 disciplinam
736 3334 813 3394 illam
823 3335 953 3394 moralem
960 3333 1069 3414 parcius
1079 3330 1238 3411 attingebat,
1247 3329 1312 3409 quia
1322 3329 1475 3411 praecipuus
1485 3328 1538 3409 ipsi
1548 3350 1649 3410 scopus

80 3441 136 3487 erat
149 3449 224 3487 arma
235 3426 291 3486 suis
305 3440 397 3485 contra
409 3427 547 3487 haereticos
560 3428 738 3510 suppeditare.
749 3430 782 3488 In
796 3429 841 3488 his
851 3451 933 3510 porro
947 3427 1086 3489 matutinis
1097 3424 1271 3486 concionibus
1286 3424 1368 3483 ctiam
1383 3423 1510 3482 mulieres
1522 3422 1650 3483 admitte-

79 3521 189 3598 bantur,
200 3520 255 3579 illae
269 3541 327 3599 qnae
337 3534 445 3601 possent
460 3520 488 3579 in
503 3520 685 3582 familiaribus
698 3523 841 3602 colloquiis
862 3523 966 3583 oblatas
981 3522 1017 3581 ab
1034 3519 1166 3581 hereticis
1179 3517 1353 3578 difficultates
1366 3516 1508 3598 depellere.
1527 3519 1598 3577 Nam
1620 3519 1650 3576 in

82 3615 191 3677 bisccin
203 3614 314 3677 loannis
323 3615 504 3695 Evangelium
518 3614 646 3677 Homiliis
654 3617 782 3678 muheres
791 3616 948 3698 aliqnando,
960 3617 1010 3678 etsi
1025 3615 1121 3694 rarius,
1137 3612 1286 3692 alloquitur
1300 3613 1331 3673 S.
1341 3610 1443 3672 doctor.
1463 3614 1526 3673 Jam
1536 3633 1600 3672 vero
1614 3612 1651 3671 ad

82 3725 176 3775 cetea
188 3724 362 3772 transeamus.

820 3899 840 3978 s
861 3901 910 3958 ru.

85 4085 112 4143 1.
135 4084 275 4142 Hoeretioi
287 4083 338 4161 qui
347 4083 380 4139 iu
390 4081 469 4140 hisce
477 4081 663 4140 concionibus
676 4083 885 4161 impugnantur
896 4079 1034 4140 Anomoei
1046 4091 1139 4138 eraut.
1154 4080 1184 4137 9.
1200 4077 1285 4137 Unde
1294 4080 1350 4135 orti
1365 4078 1503 4136 Auomoei
1514 4099 1521 4130 ε
1532 4076 1652 4135 illorum

125 4176 249 4236 historin
270 4176 441 4255 compendio
464 4172 600 4259 affertur.
627 4175 655 4232 ὅ.
679 4175 751 4252 Quis
767 4173 885 4232 illorum
899 4185 992 4233 status
1013 4183 1087 4233 esset
1107 4190 1166 4251 quo
1190 4184 1315 4249 tempore
1335 4171 1397 4229 lroeo
1421 4171 1655 4229 concionabatur

129 4271 363 4346 chrysostomus.

45 4473 50 4482 ’
129 4457 158 4512 1.
171 4455 232 4514 Non
245 4465 285 4513 est
294 4450 381 4513 multa
392 4451 585 4533 perquisitione
594 4471 663 4532 opus
674 4463 704 4509 ut
717 4447 933 4531 deprehendatur
941 4448 1052 4527 quinam
1061 4447 1115 4508 sint
1128 4446 1246 4507 haretici
1258 4446 1314 4522 illi,
1328 4446 1377 4524 qui
1388 4465 1423 4504 ex
1433 4443 1546 4505 loannis
1561 4441 1654 4502 Evan-

87 4549 189 4632 gelistae
206 4546 287 4607 dictis
300 4545 352 4605 tela
366 4545 561 4606 mutuabantur
580 4558 610 4604 ut
623 4544 777 4604 Catholicos
795 4542 961 4624 impeterent,
975 4542 1058 4602 etiam
1070 4541 1099 4601 in
1116 4540 1296 4601 familiaribus
1315 4536 1474 4616 colloquiis:
1490 4536 1537 4614 qni
1556 4557 1655 4615 magno

87 4664 200 4705 numero
209 4661 274 4703 cnm
292 4654 379 4700 essent
390 4652 417 4700 et
429 4660 494 4700 oum
506 4638 685 4722 popularibus
702 4637 828 4713 admixti,
838 4637 1008 4717 quotidianas
1023 4636 1177 4698 excitabant
1191 4635 1372 4709 velitationes;
1385 4633 1423 4691 ita
1442 4644 1472 4689 ut
1485 4644 1592 4690 sanctus
1605 4630 1656 4691 do·

87 4750 154 4814 ctos,
167 4747 194 4794 et
210 4753 280 4794 sana
296 4732 439 4808 doctrina,
451 4745 477 4790 et
495 4730 651 4791 auditorum
664 4730 745 4789 saluti
764 4729 939 4811 prospiciens,
955 4743 1094 4810 cogeretur
1108 4728 1170 4788 illos
1191 4729 1329 4787 instituere
1342 4728 1377 4787 ad
1394 4726 1452 4811 ipsa
1466 4726 1517 4786 tcla
1532 4725 1558 4784 in
1574 4739 1656 4804 caput

86 4825 273 4887 haistimrnm
283 4820 489 4901 coutoulucnda.
500 4822 536 4881 Hi
547 4837 618 4882 certe
635 4821 768 4898 baeretici,
784 4822 905 4881 hnomoei
925 4834 996 4899 sunt,
1008 4821 1173 4901 quibuscum
1190 4819 1295 4880 tamdiu
1308 4822 1474 4884 concertavit
1494 4818 1658 4898 Chrysosto-

87 4940 164 4994 mus,
177 4915 325 4996 etquidem
344 4929 400 4973 toto
413 4928 531 4995 tempore
543 4936 598 4994 quo
611 4912 787 4973 concionandi
807 4914 897 4974 officio
910 4913 1019 4973 structus
1032 4927 1083 4990 cst,
1104 4912 1161 4974 sive
1175 4912 1323 4972 Antiochiae
1341 4915 1491 4996 presbyter,
1508 4911 1565 4970 sivc
1583 4909 1655 4968 Con-

89 5011 261 5092 stantinopoli
272 5011 413 5091 opiscopus
425 5030 487 5068 cum
500 5023 576 5069 esset.
587 5008 737 5068 Antiochia
748 5023 818 5068 certe
829 5031 897 5069 anuo
907 5008 995 5090 primo
1006 5030 1061 5088 quo
1076 5009 1156 5090 coepit
1167 5008 1329 5087 concionari,
1344 5024 1476 5069 certamen
1489 5005 1550 5064 iniit
1563 5017 1656 5063 contra

90 5109 226 5170 haereticos
240 5109 305 5167 istos
319 5106 418 5187 passim
433 5128 495 5166 cum
515 5105 662 5166 Catholicis
681 5105 861 5182 intermixtos,
881 5120 961 5184 atquc
974 5107 1002 5165 in
1021 5106 1194 5166 concionibus
1214 5104 1368 5182 duodecim,
1388 5109 1530 5163 bnomoeos
1549 5100 1656 5181 egregie

91 5200 253 5276 confutarit,
268 5201 388 5280 ipsorum
403 5199 454 5263 tela
467 5197 587 5279 depulit,
606 5197 826 5276 validissimaque
848 5213 1007 5279 argumenta
1029 5198 1158 5260 adversus
1178 5198 1240 5258 illos
1261 5193 1494 5258 subministravit.
1522 5191 1587 5252 lllns
1601 5213 1651 5272 por
