3750 5940
294 443 331 491 ιιι
356 444 554 493 niincieiuii
581 443 724 509 inuium,
755 445 787 492 iii
814 446 937 512 niun,
964 448 1041 495 erc.
1364 428 1434 522 733

52 569 164 647 νομίνην
183 570 231 628 οὐκ
248 568 400 642 ὶσιιάιὴσας
420 569 496 648 ὄρινε
520 568 570 637 Τίς
589 592 639 646 μον
695 589 744 628 νινε
751 568 852 629 latuit?
864 571 925 649 quis
935 591 978 630 me
987 560 1093 651 tetigit?
1105 571 1166 650 quis
1177 592 1211 633 ex
1224 571 1291 633 uiris
1302 574 1435 636 theiauns

56 671 103 710 σοι
116 646 218 729 ἡψαιος
231 647 283 707 τίνι
295 646 326 708 ιδ
343 649 482 732 φάρμακον
503 651 551 720 τῆς
569 652 640 730 ίνιρ
695 647 784 708 morbi
796 669 824 708 se
833 649 969 710 sanatione
980 649 1100 711 ditavit?
1113 651 1174 729 quis
1184 672 1227 711 nic
1235 653 1344 734 tetigit?
1358 656 1434 727 Quid

51 752 100 802 αιςς
112 730 165 787 τίνι
174 727 223 801 ιὴν
236 727 306 788 ίασιν
322 727 486 808 ίὶίτιμψας,
504 727 640 803 Monoeci,
695 727 748 801 ais,
762 727 898 788 Domine?
911 743 941 788 tu
954 728 1065 808 dedisti,
1080 743 1106 788 et
1118 751 1178 789 eam
1187 752 1247 810 quin
1256 753 1319 792 acce
1338 733 1370 809 it,
1380 756 1433 794 non

51 807 139 884 ίωξας,
154 806 200 866 καί
211 805 262 880 σὴν
277 811 405 868 σωθεῖσαν
420 807 552 887 ἠγνόησας
565 832 573 879 ;
592 806 642 874 Τίς
659 819 677 866 Β
696 805 788 866 nosti?
801 806 884 868 iidem
893 807 1045 886 advertisti,
1059 823 1086 868 et
1096 829 1156 868 eam
1167 831 1229 888 quae
1242 811 1314 871 credi
1339 812 1366 888 ἰ,
1379 835 1432 874 non

52 886 92 955 τίς
105 910 138 966 με
148 889 181 966 τῇ
192 886 295 965 διανοίᾳ
304 887 357 967 πρδ
368 888 422 945 τῶν
432 889 529 969 χειρῶν
543 886 643 967 ideoid-
696 885 853 966 agnovisti?
868 901 984 948 mentem
999 887 1127 948 latentem
1140 889 1295 971 percepisti,
1310 905 1337 951 et
1348 914 1434 974 appa·

51 993 70 1028 υ
88 965 203 1046 κατίσχε
215 965 343 1045 λογισμδς
361 963 411 1038 τὴν
431 965 558 1048 διδτητας
571 964 611 1033 τίς
629 970 644 1026 δ
697 979 800 1025 rentem
812 964 908 1026 hciem
920 988 973 1028 non
986 989 1014 1027 es
1028 968 1219 1048 conspicatus?
1229 969 1298 1041 Quis
1314 992 1357 1030 me
1369 973 1435 1032 teti·

51 1072 60 1114 ς
76 1052 125 1119 τῆς
137 1049 204 1124 iiiii<
217 1044 348 1126 ίνεργείας
365 1045 483 1127 λῃστὴςς
505 1044 544 1112 τίς
566 1048 644 1105 αὐτοῦ
697 1044 758 1123 git?
771 1045 841 1116 Quis
851 1059 878 1121 te
890 1045 996 1127 tetigit?
1005 1048 1049 1108 cui
1062 1046 1287 1108 medicamentum
1299 1052 1434 1131 operatio·

51 1151 89 1201 unt
98 1124 231 1203 σωτηρίας
240 1124 383 1205 τὀνλιίχνον
394 1127 498 1207 ἀρανιῗις
509 1127 644 1205 ίιιτανῆψιν
697 1124 739 1184 nis
757 1125 951 1186 miraculorum
972 1127 1133 1208 applicasti?
1146 1128 1191 1188 eui
1206 1130 1371 1189 'sanationem
1384 1132 1436 1191 im·

51 1233 59 1275 t
80 1206 233 1284 λαμπάδος
253 1204 304 1272 Τίς
324 1194 374 1303 μοι
397 1205 499 1285 ἡψσιο;
511 1201 549 1263 Ἣ
567 1205 642 1283 μάθω
759 1204 775 1216 ”
792 1204 832 1263 ti?
852 1204 982 1265 Morbum
1001 1227 1036 1266 ex

1070 1206 1126 1283 isti,
1145 1219 1172 1267 et
1196 1229 1257 1267 eain
1318 1230 1340 1268 ae
1361 1212 1438 1272 salva

51 1285 65 1358 ἡ
80 1286 206 1346 διδάσκω.
217 1284 387 1363 Ἐὅοολομην
401 1283 467 1366 τρδς
483 1284 514 1343 τὸ
523 1289 571 1355 τῆς
582 1288 644 1343 biro-
725 1296 766 1341 cta
781 1296 836 1359 est,
851 1306 903 1345 non
922 1227 1118 1358 novistiffiuis
1134 1307 1177 1346 me
1190 1231 1377 1378 tetigitiuquis
1394 1311 1438 1350 me

51 1391 65 1434 ς
77 1368 185 1446 δραμεῖν
195 1387 202 1402 ·
213 1368 228 1424 δ
241 1364 332 1446 καιρὸς
346 1362 374 1424 δὲ
389 1363 480 1423 λοιπὸν
498 1362 590 1445 ἑτέραν
603 1365 642 1441 τῷ
698 1361 774 1442 prius
784 1377 871 1422 mente
878 1386 960 1443 quam
970 1364 1095 1424 manibus
1108 1369 1302 1427 contrectavit?
1315 1390 1439 1446 quaenam

51 1444 125 1506 ditat
136 1444 308 1512 διδασκαλίας
320 1442 433 1526 ἡμέραν.
447 1444 481 1503 Εἰ
494 1440 545 1523 γδρ
555 1440 641 1513 ίιιιίνη
669 1457 674 1469 ·
699 1461 785 1501 meam
795 1441 965 1503 divinitatem
975 1443 1101 1524 cogitatio
1111 1445 1310 1525 apprehendit?
1322 1447 1384 1525 quis
1391 1449 1438 1507 ille

54 1525 127 1604 ρόνον
143 1526 324 1626 πολεμηθιῖσα
345 1528 384 1603 τῷ
407 1521 505 1592 πιίθιι,
530 1521 575 1581 cdv
594 1526 642 1592 τῆς
694 1520 784 1600 justus
794 1542 859 1580 meai
870 1522 1061 1583 miraculorum
1071 1523 1180 1584 virtutis
1189 1525 1305 1606 praedo?
1317 1526 1379 1606 quis
1389 1549 1438 1587 ex·

51 1593 175 1674 ιέξίλυσι
186 1626 270 1677 τονον,
280 1609 358 1681 ἡμεῖς
368 1601 451 1675 ἄλλην
462 1601 525 1679 μίαν
538 1600 641 1678 ἡμέραν
698 1600 801 1659 stinctae
812 1600 907 1661 salutis
919 1624 974 1661 suae
986 1603 1123 1662 lucernam
1134 1624 1169 1663 ex
1178 1626 1237 1664 mea
1245 1605 1371 1687 lampade
1381 1607 1438 1666 sur-

61 1686 145 1762 dybur
157 1687 205 1754 τῆς
219 1683 342 1762 γυναικὸς
353 1685 400 1740 οὐκ
412 1679 639 1759 ίναπομείνωμιν;
697 1677 747 1738 tim
757 1680 898 1740 accendit?
911 1681 981 1754 Quis
989 1703 1033 1741 me
1046 1682 1152 1762 tetigit?
1167 1685 1222 1743 Aul
1230 1684 1333 1744 discam
1344 1707 1379 1745 ex
1390 1707 1437 1746 vo·

51 1787 82 1823 :iv
103 1765 148 1823 καὶ
157 1767 171 1823 δ
181 1768 234 1822 τῶν
249 1786 286 1841 μα
325 1760 387 1844 ’ρων
402 1760 485 1837 δῆμος
501 1761 640 1832 ἐζήλωσεν,
698 1757 757 1832 bis,
770 1772 817 1818 aut
828 1758 938 1820 docebo.
951 1760 1059 1822 Vellem
1068 1761 1193 1841 equidem
1208 1763 1243 1822 ad
1258 1764 1341 1824 finem
1354 1787 1438 1844 usque

51 1849 77 1904 ῖν
93 1842 248 1926 κρασπέδων
263 1842 286 1901 ἁ·
302 1839 409 1919 ἄμεναι,
428 1838 498 1900 ἀλλὰ
516 1839 562 1899 καί
579 1839 642 1899 αὐτὸ
697 1839 848 1916 argumenti
867 1837 950 1899 bii'us
967 1838 1125 1919 decurrere,
1141 1841 1190 1901 scd
1198 1843 1257 1924 jam
1271 1858 1377 1926 tempus
1390 1866 1441 1904 nos

67 1921 182 2003 Χριστδν
197 1922 277 1981 ίκδοσ
296 1941 378 1999 μενοι.
394 1918 447 1979 Καί
464 1924 542 1998 ἡμεῖς
555 1916 640 1977 τοίνυν
696 1916 834 1994 admonet,
853 1931 883 1976 ut
899 1861 1026 2000 deinceps
1045 1919 1111 1980 huic
1124 1921 1256 1981 miraculo
1274 1923 1391 1983 alterum
1402 1925 1439 1983 ad

51 2002 97 2084 pb<
109 2003 187 2074 ζῆλον
200 2006 248 2072 τῆς
260 1998 354 2078 ὁμοίας
362 1997 477 2064 πίστιιις
488 1996 536 2066 τὰς
546 1996 642 2075 elperi-
697 1994 850 2056 docendum
870 1995 944 2058 diem
961 2019 1136 2060 reservemus.
1151 2002 1222 2060 Nam
1235 2002 1258 2061 si
1272 2003 1320 2061 illa
1336 2003 1438 2062 duode-

51 2081 157 2158 ήσωμεν
174 2079 298 2159 γνώμας·
320 2077 357 2157 μὴ
399 2077 516 2157 ινιίνμεθα
538 2077 642 2159 χείρους
660 2093 679 2142 c
696 2074 751 2135 cim
762 2097 894 2136 annorum
902 2078 991 2159 spatio
1002 2080 1098 2140 morbo
1111 2080 1262 2140 conflictata
1270 2127 1278 2154 ,
1287 2082 1322 2141 de
1334 2104 1382 2141 soa
1390 2104 1439 2164 pa-

51 2159 234 2241 ςάλλορύλοο,
247 2162 270 2219 εί
282 2161 319 2224 είς
328 2101 463 2218 ιύοίὸειαν
474 2156 553 2216 πλέον
564 2161 643 2235 ἡμεῖς
696 2154 791 2214 tientia
800 2155 871 2215 nihil
881 2156 1000 2233 remisit,
1015 2178 1063 2218 nos
1072 2158 1187 2218 alterum
1198 2159 1272 2219 diem
1280 2161 1367 2241 longis
1379 2183 1438 2221 inu-

51 2239 192 2317 ιλαόσαμιν
213 2237 282 2306 δίας.
307 2236 414 2308 Ἐιιιίνη
438 2235 516 2316 μόνον
531 2235 643 2318 ἡρκιαιν
697 2233 771 2294 lieris
793 2235 986 2296 certaminibus
1005 2256 1058 2296 non
1073 2237 1299 2299 immorabimur?
1313 2241 1391 2321 cujus
1403 2241 1438 2300 fi-

51 2319 259 2399 μχαθάψςσθαι·
272 2322 350 2395 ἡμεῖς
364 2315 462 2377 δὲκαθ’
472 2314 596 2389 taem,
607 2318 642 2382 ὡς
697 2312 761 2373 deni
773 2327 925 2396 martyrum
938 2336 1045 2395 quoque
1058 2330 1143 2381 ooetui
1160 2317 1303 2378 aemulatus
1321 2333 1372 2398 est,
1385 2341 1439 2381 uon

62 2401 187 2479 Σωτῆρος
201 2401 279 2476 σῶμα
290 2394 463 2475 ιιατίχοντις,
474 2393 524 2455 ιιδν
536 2397 572 2462 ὡς
583 2416 644 2474 τρι·
698 2393 811 2452 Domini
823 2392 961 2454 fimbriam
972 2409 1121 2475 tangentes,
1132 2397 1181 2457 sed
1189 2397 1280 2479 ipsum
1289 2399 1371 2463 etiam
1381 2419 1440 2460 eor·

55 2485 101 2538 τοῦ
112 2477 248 2539 Δεσπότοο
259 2475 375 2555 μέλεσιν,
386 2473 553 2555 εὐχαριστίαν
564 2496 642 2554 προσ·
698 2492 750 2553 pus
763 2471 865 2532 Christi
886 2473 974 2565 gratia
994 2489 1129 2537 exuentes.
1140 2474 1176 2536 Et
1187 2494 1243 2537 nos
1257 2476 1351 2558 igitur,
1372 2477 1440 2539 dile-

51 2562 96 2639 ’,τῷ
106 2557 158 2638 γὰρ
171 2555 268 2639 ιιρίιτιι
287 2554 348 2625 δόξα
362 2557 398 2622 είς
411 2553 471 2621 τοὺς
485 2555 580 2620 αἰῶνας
589 2557 641 2613 τῶν
698 2550 820 2629 ctissimi,
829 2550 968 2614 adsimilis
975 2552 1041 2612 fidei
1048 2553 1225 2615 imitationem
1232 2556 1332 2618 'mentes
1338 2572 1442 2618 nostras

51 2637 89 2711 χρ,
698 2631 847 2693 excitemus
862 2652 915 2692 :ne
935 2631 1049 2693 muliere
1063 2655 1115 2693 una
1129 2635 1225 2715 gentili
1241 2635 1384 2697 deteriores
1398 2638 1440 2697 si·-

698 2731 760 2770 mus
776 2734 783 2767 :
796 2709 1016 2790 quandoquidem
1026 2713 1129 2794 majora
1140 2714 1218 2774 nobis
1230 2736 1313 2794 quam
1323 2716 1365 2776 illi
1377 2732 1442 2778 sunt

698 2789 802 2870 objecta
823 2789 988 2881 specucula,
1001 2791 1102 2870 quibus
1114 2792 1151 2853 ad
1166 2792 1293 2874 pictatem
1311 2794 1439 2855 accenda-

698 2889 768 2929 mur.
783 2868 855 2929 Satis
875 2868 928 2929 boc
945 2869 989 2928 illi
1007 2882 1113 2930 tantum
1127 2871 1194 2949 luit,
1208 2872 1283 2952 quod
1296 2875 1440 2934 vestimen·

699 2961 758 3008 tum
768 2948 849 3007 semel
863 2947 1022 3028 contigerit:
1033 2970 1082 3010 nos
1096 2971 1161 3011 veru
1174 2951 1304 3030 quotidie,
1314 2968 1344 3014 ut
1354 2953 1440 3027 scitis,

698 3026 849 3087 silvatoris
866 3047 964 3108 corpus
982 3041 1190 3104 contrectantes,
1223 3031 1318 3091 saltem
1340 3047 1371 3091 ut
1392 3033 1441 3112 qui

700 3105 809 3166 Domini
823 3104 953 3167 membris
965 3105 1088 3184 alamur,
1102 3108 1250 3188 gratiarum
1261 3111 1394 3171 actionem
1400 3113 1440 3172 ol-

699 3186 815 3246 seramus
831 3208 838 3242 ι
852 3184 944 3267 ipsum
960 3186 1033 3247 enim
1045 3185 1120 3248 decet
1134 3187 1220 3269 gloria
1235 3188 1375 3252 insaecula
1391 3210 1440 3252 sae-

698 3264 829 3343 culorum.
845 3268 938 3325 Amen.

484 3679 891 3815 MONiTUM

336 3970 390 4044 iiv
423 3963 694 4042 noiiiiiiii
728 3957 1074 4054 snounivrini.

51 4223 96 4283 ilia
103 4218 331 4282 eruditorumlere
338 4216 460 4277 oninium
465 4211 571 4296 judicio
579 4209 670 4291 spuria
677 4220 726 4282 est,
733 4203 833 4266 etialso
843 4200 1131 4284 chrysostomijnomeu
1139 4219 1194 4279 prm
1205 4218 1232 4256 se
1242 4197 1302 4276 leit,
1310 4198 1337 4258 iii
1348 4200 1442 4261 multis
1470 4196 1472 4209 ⁴

51 4318 143 4394 uss.,in
153 4315 247 4395 Regiis
259 4313 346 4388 1820,
353 4313 475 4387 2052et
483 4308 572 4383 9355,
580 4305 699 4383 itemque
709 4302 738 4362 iii
747 4295 1018 4362 CodiceGoisliniano
1027 4293 1129 4370 eisin
1139 4291 1299 4373 quibusnon
1311 4306 1365 4354 tani
1375 4295 1441 4356 insi-

51 4426 124 4473 intur
130 4411 274 4471 lectionum
285 4403 557 4467 discriminaverum
566 4399 700 4460 inGodioc
707 4393 872 4456 Coisliniano
881 4391 995 4470 inqua
1004 4409 1117 4450 numero
1127 4388 1161 4447 ll
1177 4385 1217 4446 ibi
1226 4401 1442 4466 numerianum-

54 4506 143 4582 titulo,
151 4526 206 4584 quo
218 4504 276 4562 liaec
286 4500 409 4576 homilia,
417 4511 448 4556 ut
463 4496 556 4559 videre
566 4507 605 4553 est
616 4492 644 4553 in
655 4489 744 4551 indice
754 4485 940 4557 homiliarum,
952 4483 998 4562 qui
1008 4481 1087 4587 initio
1096 4479 1204 4540 Codicis
1212 4477 1308 4585 eodem
1319 4500 1374 4560 quo
1388 4483 1442 4541 (20.

51 4621 122 4682 ipore
131 4572 283 4678 desciiptus
290 4594 353 4671 iuii,
359 4591 489 4674 appositis
502 4587 672 4668 singularum
679 4581 854 4644 homiliarum
864 4577 961 4638 titulis.
967 4576 999 4635 lii
1011 4595 1079 4636 serie
1085 4587 1177 4633 antem
1189 4572 1365 4679 bomibarum
1382 4574 1440 4682 linc

51 4694 150 4755 inuidia
163 4692 206 4754 sui
222 4706 324 4771 partea
338 4686 472 4770 principio
485 4683 581 4744 mutila
595 4696 645 4742 est.
663 4685 703 4739 Ac
715 4699 775 4758 quae
789 4695 875 4756 pauca
889 4682 1044 4778 supersunt,
1060 4681 1115 4729 toto
1129 4663 1439 4775 calamitosorum,

53 4811 135 4870 quam
144 4787 261 4862 edimus,
271 4784 384 4845 homilia
398 4783 529 4842 seruntur.
536 4779 569 4837 In
583 4773 736 4855 Florilegiis
747 4768 886 4832 Theodori
899 4769 1040 4872 Magistri,
1052 4785 1112 4845 quae
1123 4761 1175 4823 sub
1186 4761 1243 4867 baec
1254 4761 1378 4869 edentur,
1386 4775 1439 4822 tria

51 4885 107 4945 ione
125 4894 250 4963 excerpta
264 4881 323 4940 loca
336 4878 433 4954 babee3
448 4888 478 4935 ut
492 4875 520 4934 in
533 4873 623 4953 aliquo
637 4892 672 4931 ex
684 4864 858 4948 sequentibus
876 4862 974 4922 Tomis
986 4859 1130 4922 observare
1141 4869 1253 4939 poteris,
1270 4856 1318 4916 ubi
1332 4856 1444 4918 ἀπανθί·

51 4977 180 5038 abutitur.

51 5092 109 5131 vero
118 5084 178 5151 post
184 5065 327 5150 synodum
336 5063 501 5147 Ephesinam
510 5061 584 5122 dieta
590 5060 672 5121 luisse
681 5055 798 5132 videtur,
805 5046 1025 5133 quandoquidem
1034 5063 1147 5126 numero
1157 5041 1236 5102 tertio
1244 5040 1272 5099 in
1280 5040 1444 5146 confossione

64 5163 168 5223 ibidem
187 5160 354 5245 propositam
366 5159 461 5231 babes,
475 5156 577 5216 dicitur
588 5178 595 5213 ι
608 5156 743 5213 Duarum
762 5159 938 5208 naturarum
953 5142 1110 5202 discrima
1131 5152 1267 5216 agiiosco.
1293 5132 1443 5242 Antiochia

51 5273 102 5319 uim
116 5256 199 5318 luisse
211 5253 323 5317 suadere
336 5265 423 5336 potest
435 5252 466 5314 id
481 5249 556 5332 quod
568 5267 680 5311 numero
696 5242 812 5306 secundo
825 5238 927 5302 dicimr
938 5260 944 5296 :
955 5238 1036 5300 Voca
1049 5231 1255 5299 Barlaamum,
1272 5246 1319 5288 riti
1327 5239 1446 5307 propter
