3750 5940
53 444 75 493 v
99 444 273 494 accuso,
769 423 838 519 767

97 566 199 659 legisti,
209 567 350 628 oculorum
363 590 414 630 usu
428 570 550 660 privatus
562 595 570 628 a
581 591 633 632 nou
643 571 790 631 incubuisti
798 570 842 631 di-

98 646 230 783 sciplinis,
243 667 306 707 com
327 670 379 710 non
401 649 480 709 aliter
494 672 576 729 quam
590 652 695 710 victum
712 649 839 733 petendo,

98 747 132 786 ve
187 727 241 786 tius
253 728 372 788 ostiatim
384 729 587 807 emendicando,
601 730 686 790 vitam
697 744 838 791 sustentes.

100 807 143 864 Un
164 805 272 899 cipitur
286 805 338 867 boc
353 809 448 868 mundi
466 809 600 868 luminare
612 808 750 885 didicisti,
763 808 840 889 quod

100 905 186 964 noque
199 907 225 944 ru
241 886 312 946 caelis
324 889 497 969 conspexisti,
510 909 595 968 neque
608 890 636 948 in
650 889 739 965 terris,
750 888 840 948 oculo·

102 986 162 1023 mm
177 965 280 1024 lumine
292 967 420 1027 orbatus?
435 973 470 1027 Αι
482 969 554 1028 enim
568 989 631 1030 vere
642 967 671 1027 in
682 968 733 1028 boc
744 967 840 1049 imple·

101 1044 841 1128 baturquoddictumestaDavidetDomimtssapieu·
851 1063 918 1110 Psat.
940 1058 991 1122 ¹4⁵·

103 1127 229 1206 tessacit
240 1145 340 1185 coecos.
354 1127 443 1186 Multa
455 1128 526 1186 circa
536 1127 628 1188 lesum
647 1127 727 1186 turba
737 1139 804 1201 erat,
816 1140 843 1186 et
851 1123 874 1172 Β·

103 1204 518 1266 caecusveritatisluminarenon
528 1205 844 1280 videbat‚efficacitatem

103 1303 168 1343 vero
190 1283 343 1343 sentiebat:
365 1285 456 1365 rapuit
479 1287 577 1345 affectu
598 1283 673 1361 quod
691 1285 769 1345 visus
791 1305 843 1346 non

58 1405 93 1444 ,ῃ
105 1383 162 1421 com
183 1363 349 1422 rehenderat.
364 1364 449 1436 Quid,
464 1364 564 1444 inquit,
578 1365 631 1423 sibi
644 1364 705 1426 vult
717 1364 776 1424 baec
786 1378 844 1424 tur·

66 1464 86 1507 Λ
103 1384 271 1501 balliicunt
280 1442 333 1515 illi,
342 1445 434 1504 lesum
444 1446 611 1503 Nazarenum
620 1443 741 1503 transire.
754 1445 845 1504 Orem

104 1519 273 1582 mirabilem!
290 1523 351 1580 ntia
368 1523 478 1582 docetur
493 1536 519 1583 et
533 1524 586 1583 alia
605 1522 753 1605 predicat:
767 1524 846 1584 audit

104 1603 196 1662 Jesum
208 1603 387 1674 Nazarenum,
401 1605 490 1683 ipsum
503 1623 567 1663 vero
576 1605 667 1665 lesum
677 1605 847 1663 Nazarenum

105 1701 157 1739 non
171 1680 300 1761 appellat,
315 1682 362 1740 sed
374 1685 467 1744 lesum
479 1681 568 1741 filium
582 1682 685 1743 David.
703 1682 758 1754 Qut
769 1682 846 1751 vide·

105 1760 182 1835 bant,
198 1780 257 1837 qua
272 1782 307 1818 ex
318 1761 469 1842 suspicione
482 1774 625 1837 noverant,
641 1760 782 1838 dicebant;
796 1782 846 1822 oa·

106 1859 154 1897 cus
162 1852 262 1915 autem,
273 1860 333 1917 qua:
345 1861 381 1899 ex
393 1840 505 1900 veritate
517 1839 690 1922 predicabat.
703 1844 786 1914 Iesu,
792 1842 848 1923 fili
916 1874 921 1885 ι

107 1919 218 1990 David,
236 1923 370 1979 miserere
390 1924 454 1978 mei.
467 1921 545 1980 Nunc
560 1920 650 2000 itaque
665 1942 759 1982 vooem
777 1921 848 1980 banc

107 1997 160 2055 sibi
170 1997 284 2076 quisque
296 1997 434 2078 propriam
448 1997 574 2077 reddens,
588 1999 709 2059 intelam
721 2020 757 2060 ex
769 1999 850 2059 corde

107 2076 299 2136 consessionem
317 2092 486 2158 prorumpat,
499 2093 526 2137 et
536 2078 651 2158 quisque
669 2078 739 2139 hanc
755 2100 852 2141 vooenr

108 2176 196 2237 prose
206 2157 339 2237 proferat,
357 2158 420 2216 Fili
434 2159 546 2231 David,
563 2162 697 2218 miserere
712 2163 777 2219 mei.
788 2160 851 2218 Non

108 2236 197 2312 aliter,
216 2236 322 2310 iratres,
339 2257 421 2315 qnam
435 2257 499 2296 eum
512 2237 592 2297 multi
604 2237 639 2297 sd
655 2238 796 2299 funebrem
808 2238 851 2296 lu·

109 2329 183 2374 ctum
196 2335 224 2374 se
236 2315 413 2391 contulerint,
429 2329 456 2375 et
469 2317 585 2376 cadaver
600 2316 721 2407 positum
733 2316 851 2378 viderint

109 2394 242 2467 defuncti,
254 2396 301 2473 qui
311 2394 426 2455 defletur
438 2417 453 2454 a
464 2396 635 2479 propinquis,
651 2416 743 2456 omnes
761 2396 851 2478 lacry-

110 2496 168 2534 mas
181 2473 310 2552 lunduut,
328 2475 377 2534 alii
395 2474 507 2553 quidem
518 2476 592 2554 quod
602 2477 662 2557 pari
675 2476 771 2535 affeetu
789 2497 852 2536 cnm

110 2553 266 2634 lugentibus
277 2569 507 2632 commoveantur,
520 2555 568 2614 alii
580 2575 645 2615 vero
692 2554 728 2616 od
739 2576 780 2615 res
791 2577 853 2615 suos

75 2656 92 2702 B
110 2635 249 2694 revolvant
267 2648 313 2693 :et
332 2635 484 2712 frequenter
501 2635 600 2694 mulier
615 2578 696 2694 delli
716 2656 748 2695 ac
768 2635 853 2715 luget,

110 2715 162 2774 alia
173 2714 290 2787 scilicet,
301 2734 354 2772 non
370 2735 432 2773 curn
446 2714 492 2792 qui
508 2714 548 2773 ibi
564 2714 668 2795 positus
681 2728 720 2774 est
731 2714 853 2789 (alienus

56 2813 58 2819 ’
111 2795 181 2853 onim
192 2800 252 2868 est),
265 2792 313 2851 sed
323 2793 412 2853 virum
424 2815 503 2853 suum
514 2794 572 2874 jam
586 2793 759 2868 defunctum
768 2794 799 2854 fit
838 2815 853 2854 e

110 2875 195 2933 aliena
210 2874 328 2946 occasio,
342 2873 513 2952 propriorum
524 2872 657 2933 malorum
670 2893 793 2933 common
835 2909 852 2919 -

111 2954 165 3012 ctio
180 2976 186 3008 :
201 2952 237 3010 ita
249 2952 363 3030 quisque
375 2965 509 3028 vestrum,
520 2953 630 3028 fratres,
642 2973 705 3013 cum
715 2973 757 3032 es,
767 2975 852 3033 quaea

111 3031 414 3170 sanctiqpraedicantur,
428 3032 570 3107 didicerit,
584 3053 734 3093 sermonem
743 3032 797 3092 ubi
808 3054 853 3092 ac·

112 3134 199 3172 eornm
237 3125 271 3186 et,
282 3132 384 3191 proque
394 3111 449 3170 suis
457 3111 614 3171 volucribus
623 3111 706 3185 dicat,
716 3112 779 3172 Fili
788 3113 853 3172 Du·

114 3194 172 3264 vid,
193 3195 329 3250 miserere
347 3193 403 3248 mei
423 3205 473 3249 :et
490 3191 564 3251 dicat
581 3191 751 3251 nuncetiam
770 3211 854 3250 unus-

112 3272 224 3351 quisque
237 3292 251 3328 a
266 3269 384 3350 propriis
400 3271 479 3329 malis
498 3270 647 3344 excitatus,
665 3271 711 3330 hic
731 3270 854 3352 quidem,

112 3372 140 3411 se
154 3365 240 3410 mente
250 3370 351 3408 caectrm
364 3370 432 3425 esse;
448 3350 494 3409 ille
505 3371 579 3426 vero,
594 3371 623 3409 se
632 3349 744 3410 surdam
756 3351 856 3411 habers

112 3431 229 3489 animam
237 3453 245 3506 ;
258 3429 338 3504 alius,
347 3429 399 3489 sibi
411 3429 535 3491 claudam
551 3451 608 3489 esse
624 3431 768 3509 rationem,
779 3430 855 3508 alter,

113 3512 138 3569 le
158 3531 249 3569 rosum
261 3508 312 3567 sibi
327 3529 383 3568 esse
394 3509 539 3589 judicium.
551 3511 621 3569 Nam
637 3531 704 3588 quos
717 3511 746 3570 iu
759 3531 856 3591 corpo·

56 3601 57 3644 ἶ
113 3533 189 3649 ribus
202 3588 310 3648 morbos
327 3588 432 3649 sanavit
452 3589 592 3665 Christus,
608 3587 638 3647 bi
654 3589 736 3650 etiam
749 3589 778 3650 in
797 3589 856 3648 ani-

114 3670 209 3728 mabus
227 3669 372 3743 exsistunt,
392 3682 418 3727 et
440 3689 583 3760 supernam
603 3689 681 3749 opem
705 3670 855 3749 requirunt.

76 3759 94 3803 c
115 3753 191 3808 Casca
201 3763 241 3808 est
249 3748 347 3822 anima,
357 3769 417 3825 quae
428 3748 528 3828 indiget
540 3747 709 3807 restitutione
718 3771 782 3808 usus
792 3769 856 3806 ocu·

113 3829 219 3904 lorum;
236 3849 305 3886 caeca
319 3841 358 3886 cst
372 3828 474 3903 anima,
489 3849 549 3905 qum
560 3826 696 3886 mirabilia
716 3827 785 3907 legis
802 3847 856 3886 non

56 3936 59 3974 ;
115 3910 213 3982 comit3
230 3928 298 3964 caeca
322 3919 361 3964 est
382 3907 483 3980 anima,
503 3926 562 3984 quae
582 3907 709 3964 sarculum
733 3907 857 3965 futurum

56 4021 59 4043 t
116 4009 168 4046 non
181 3985 305 4066 respicit;
317 4005 386 4044 caeca
395 3998 434 4044 est
447 3986 547 4060 anima,
559 4005 619 4063 quae
631 3984 732 4044 Christi
745 3983 858 4064 quidem

57 4105 59 4112 ·
115 4088 210 4147 corpus
236 4076 393 4138 contuetur,
414 4062 586 4123 divinitatem
609 4079 700 4123 autem
723 4065 783 4145 ejus
803 4084 857 4124 nou

57 4184 60 4192 ·
113 4145 242 4225 agnoscit.
267 4146 328 4205 Jam
350 4164 413 4204 vero
436 4163 533 4202 caecam
553 4164 609 4202 esse
626 4143 745 4203 animaru
765 4144 857 4218 illam,

57 4255 60 4286 :
116 4248 174 4303 quae
191 4246 232 4284 res
245 4223 354 4283 divinas
369 4223 488 4302 ignorat,
502 4223 576 4282 testis
590 4237 630 4282 est
645 4222 728 4284 isaias
742 4222 835 4283 dicens
849 4246 858 4280 s

57 4353 60 4365 .
116 4309 155 4364 Et
167 4307 305 4364 excaeati
319 4315 389 4362 sunt
403 4306 479 4362 servi
492 4305 561 4362 Dei.
574 4303 719 4375 Quomodo
731 4303 1008 4376 excaecati-tut.qa.19.

115 4385 197 4444 suut?
217 4384 337 4442 Wdistis
349 4387 438 4453 euim,
452 4381 554 4460 inquit,
575 4403 662 4464 soepo,
681 4395 710 4442 et
727 4404 787 4443 nou
803 4391 906 4442 cit-²⁰·

57 4491 62 4525 t
116 4466 268 4524 stodistis:
285 4475 392 4543 apertoe
408 4475 476 4522 sunt
494 4481 590 4534 aures,
603 4474 632 4521 et
646 4471 707 4522 ποκ’
719 4464 857 4524 audistis.

57 4580 64 4588 -
118 4547 157 4603 Et
173 4548 238 4623 quis
248 4556 290 4602 est
303 4563 410 4612 ooecus,
423 4545 481 4601 uisi
492 4545 576 4621 pueri
587 4544 664 4600 mei?
677 4555 706 4603 et
720 4546 786 4623 quis
797 4563 859 4602 sut*-

57 4649 63 4690 ;
118 4627 184 4690 dus,
202 4627 260 4681 ru'si
273 4626 324 4714 qui
338 4623 531 4680 dominantur
549 4627 670 4680 eorum?
683 4620 720 4680 Bt
734 4621 860 4683 Salvator

118 4703 214 4761 montis
226 4715 370 4760 caecuatem
381 4701 473 4761 volens
482 4699 600 4759 indicare
607 4744 616 4775 ,
629 4699 779 4761 Pharisaeos
789 4701 860 4760 circa

118 4783 256 4842 veritatem
268 4781 434 4840 recutientes
450 4779 550 4858 arguit,
562 4778 653 4839 dicens
663 4803 669 4836 ε
679 4780 772 4840 Sinite
778 4780 860 4850 mos,-
872 4795 958 4841 tuaest.
973 4794 1010 4842 ιι.

58 4887 65 4929 ς
118 4866 188 4920 coeci
198 4874 267 4921 sunt
277 4863 527 4928 ducesooecorum,·
541 4878 633 4918 coecus
643 4871 740 4918 autem
751 4862 777 4918 si
785 4878 863 4918 ooeoo
873 4856 911 4921 ¹4·

58 4965 65 5009 ;
120 4943 258 4999 ducatum
277 4951 404 5020 proestet,
430 4942 516 4997 ambo
545 4943 577 4996 iu
593 4941 719 5019 joveam
741 4939 859 4997 omleut.

58 5019 210 5090 rpSurda
228 5039 292 5079 vero
312 5030 352 5078 est
370 5018 475 5094 anima,
491 5039 550 5098 quae
565 5017 651 5098 legem
674 5015 725 5075 Dei
747 5035 800 5075 nou
814 5037 863 5074 su·

58 5127 66 5169 ς
121 5099 241 5176 scultat,
250 5119 310 5176 qnae
321 5097 493 5158 Dominio-rm
509 5117 602 5158 vocem
615 5093 772 5170 contemnit,
782 5093 865 5155 surda

135 5274 147 5312 b
166 5269 252 5327 lintel.
265 5280 303 5326 riu
314 5277 450 5327 anatome
