<?xml version="1.0" encoding="UTF-8"?>
<!DOCTYPE html PUBLIC "-//W3C//DTD XHTML 1.0 Transitional//EN"
    "http://www.w3.org/TR/xhtml1/DTD/xhtml1-transitional.dtd">
<html xmlns="http://www.w3.org/1999/xhtml" xml:lang="en" lang="en">
 <head>
  <title>
</title>
<meta http-equiv="Content-Type" content="text/html;charset=utf-8" />
  <meta name='ocr-system' content='tesseract 3.04.00' />
  <meta name='ocr-capabilities' content='ocr_page ocr_carea ocr_par ocr_line ocrx_word'/>
</head>
<body>
  <div class='ocr_page' id='page_1' title='image "./sanctipatrisnos02chrygoog/sanctipatrisnos02chrygoog_0033.png"; bbox 0 0 3750 5940; ppageno 0'>
   <div class='ocr_carea' id='block_1_1' title="bbox 225 419 1464 493">
    <p class='ocr_par' dir='ltr' id='par_1_1' title="bbox 225 419 1464 493">
     <span class='ocr_line' id='line_1_1' title="bbox 225 419 1464 493; baseline 0 -3"><span class='ocrx_word' id='word_1_1' title='bbox 225 419 247 490; x_wconf 79' lang='grc' dir='ltr'>(δ</span> <span class='ocrx_word' id='word_1_2' title='bbox 317 489 319 493; x_wconf 76' lang='grc'>,</span> <span class='ocrx_word' id='word_1_3' title='bbox 575 440 605 488; x_wconf 84' lang='lat' dir='ltr'>S.</span> <span class='ocrx_word' id='word_1_4' title='bbox 633 439 772 488; x_wconf 81' lang='lat' dir='ltr'>toauttts</span> <span class='ocrx_word' id='word_1_5' title='bbox 797 437 981 486; x_wconf 74' lang='lat' dir='ltr'>CHRYSOST.</span> <span class='ocrx_word' id='word_1_6' title='bbox 1010 439 1164 490; x_wconf 72' lang='lat' dir='ltr'>aucturus.</span> <span class='ocrx_word' id='word_1_7' title='bbox 1193 443 1464 491; x_wconf 76' lang='lat' dir='ltr'>cousuanrtuou.</span> 
     </span>
    </p>
   </div>
   <div class='ocr_carea' id='block_1_2' title="bbox 222 561 1804 835">
    <p class='ocr_par' dir='ltr' id='par_1_2' title="bbox 222 561 1804 835">
     <span class='ocr_line' id='line_1_2' title="bbox 222 561 1803 654; baseline 0.005 -30"><span class='ocrx_word' id='word_1_8' title='bbox 222 565 286 625; x_wconf 88' lang='lat' dir='ltr'>tatis</span> <span class='ocrx_word' id='word_1_9' title='bbox 304 585 390 645; x_wconf 89' lang='lat' dir='ltr'>genus</span> <span class='ocrx_word' id='word_1_10' title='bbox 408 563 468 624; x_wconf 77' lang='lat' dir='ltr'>cst?</span> <span class='ocrx_word' id='word_1_11' title='bbox 482 565 607 623; x_wconf 78' lang='lat' dir='ltr'>Attamen</span> <span class='ocrx_word' id='word_1_12' title='bbox 624 562 694 622; x_wconf 88' lang='lat' dir='ltr'>latro</span> <span class='ocrx_word' id='word_1_13' title='bbox 713 561 760 622; x_wconf 90' lang='lat' dir='ltr'>ille</span> <span class='ocrx_word' id='word_1_14' title='bbox 778 561 813 621; x_wconf 88' lang='lat' dir='ltr'>ad</span> <span class='ocrx_word' id='word_1_15' title='bbox 830 580 968 620; x_wconf 85' lang='lat' dir='ltr'>summum</span> <span class='ocrx_word' id='word_1_16' title='bbox 1021 564 1067 623; x_wconf 80' lang='grc' dir='ltr'>καί</span> <span class='ocrx_word' id='word_1_17' title='bbox 1078 567 1104 625; x_wconf 75' lang='grc' dir='ltr'>ἐν</span> <span class='ocrx_word' id='word_1_18' title='bbox 1116 575 1166 647; x_wconf 70' lang='grc' dir='ltr'>μιᾷ</span> <span class='ocrx_word' id='word_1_19' title='bbox 1177 569 1245 648; x_wconf 97' lang='grc' dir='ltr'>ῥοπῇ</span> <span class='ocrx_word' id='word_1_20' title='bbox 1259 569 1418 646; x_wconf 85' lang='grc' dir='ltr'>μιταθίσθαι</span> <span class='ocrx_word' id='word_1_21' title='bbox 1431 569 1476 630; x_wconf 86' lang='grc' dir='ltr'>τδν</span> <span class='ocrx_word' id='word_1_22' title='bbox 1488 567 1544 650; x_wconf 90' lang='grc' dir='ltr'>βίον</span> <span class='ocrx_word' id='word_1_23' title='bbox 1558 567 1673 630; x_wconf 74' lang='grc' dir='ltr'>ἅπαντα.</span> <span class='ocrx_word' id='word_1_24' title='bbox 1684 571 1721 630; x_wconf 91' lang='grc' dir='ltr'>Τί</span> <span class='ocrx_word' id='word_1_25' title='bbox 1733 570 1803 654; x_wconf 75' lang='grc' dir='ltr'>γάρ,</span> 
     </span>
     <span class='ocr_line' id='line_1_3' title="bbox 222 651 1804 746; baseline 0.004 -28"><span class='ocrx_word' id='word_1_26' title='bbox 222 657 333 718; x_wconf 85' lang='lat' dir='ltr'>virtutis</span> <span class='ocrx_word' id='word_1_27' title='bbox 351 656 455 739; x_wconf 82' lang='lat' dir='ltr'>apicem</span> <span class='ocrx_word' id='word_1_28' title='bbox 472 655 564 714; x_wconf 89' lang='lat' dir='ltr'>statim</span> <span class='ocrx_word' id='word_1_29' title='bbox 578 654 709 736; x_wconf 87' lang='lat' dir='ltr'>pervenit,</span> <span class='ocrx_word' id='word_1_30' title='bbox 725 667 751 713; x_wconf 89' lang='lat' dir='ltr'>et</span> <span class='ocrx_word' id='word_1_31' title='bbox 769 652 797 711; x_wconf 91' lang='lat' dir='ltr'>in</span> <span class='ocrx_word' id='word_1_32' title='bbox 811 651 969 734; x_wconf 81' lang='lat' dir='ltr'>paradisum</span> <span class='ocrx_word' id='word_1_33' title='bbox 1022 656 1080 718; x_wconf 85' lang='grc' dir='ltr'>είπί</span> <span class='ocrx_word' id='word_1_34' title='bbox 1091 682 1152 736; x_wconf 88' lang='grc' dir='ltr'>μοι,</span> <span class='ocrx_word' id='word_1_35' title='bbox 1163 661 1261 740; x_wconf 87' lang='grc' dir='ltr'>ληστοῦ</span> <span class='ocrx_word' id='word_1_36' title='bbox 1270 661 1316 721; x_wconf 82' lang='grc' dir='ltr'>καί</span> <span class='ocrx_word' id='word_1_37' title='bbox 1328 662 1485 744; x_wconf 77' lang='grc' dir='ltr'>ἀνδροφόνου</span> <span class='ocrx_word' id='word_1_38' title='bbox 1496 670 1600 744; x_wconf 75' lang='grc' dir='ltr'>χεῖρονς</span> <span class='ocrx_word' id='word_1_39' title='bbox 1611 662 1707 743; x_wconf 82' lang='grc' dir='ltr'>οὐχὶτδ</span> <span class='ocrx_word' id='word_1_40' title='bbox 1720 665 1804 746; x_wconf 80' lang='grc' dir='ltr'>ἔσχα-</span> 
     </span>
     <span class='ocr_line' id='line_1_4' title="bbox 222 744 1804 835; baseline 0.006 -27"><span class='ocrx_word' id='word_1_41' title='bbox 222 750 300 821; x_wconf 80' lang='lat' dir='ltr'>abiit,</span> <span class='ocrx_word' id='word_1_42' title='bbox 313 770 362 809; x_wconf 90' lang='lat' dir='ltr'>nec</span> <span class='ocrx_word' id='word_1_43' title='bbox 383 748 509 831; x_wconf 86' lang='lat' dir='ltr'><strong>plurimis</strong></span> <span class='ocrx_word' id='word_1_44' title='bbox 528 747 636 826; x_wconf 91' lang='lat' dir='ltr'>diebus,</span> <span class='ocrx_word' id='word_1_45' title='bbox 649 767 697 806; x_wconf 87' lang='lat' dir='ltr'>nec</span> <span class='ocrx_word' id='word_1_46' title='bbox 713 745 827 805; x_wconf 90' lang='lat' dir='ltr'>dimidio</span> <span class='ocrx_word' id='word_1_47' title='bbox 840 744 885 805; x_wconf 93' lang='lat' dir='ltr'>die</span> <span class='ocrx_word' id='word_1_48' title='bbox 900 765 969 826; x_wconf 89' lang='lat' dir='ltr'>opus</span> <span class='ocrx_word' id='word_1_49' title='bbox 1021 770 1066 808; x_wconf 88' lang='grc' dir='ltr'>τον</span> <span class='ocrx_word' id='word_1_50' title='bbox 1083 759 1159 812; x_wconf 88' lang='grc' dir='ltr'>τοῦτο</span> <span class='ocrx_word' id='word_1_51' title='bbox 1174 757 1222 825; x_wconf 92' lang='grc' dir='ltr'>τῆς</span> <span class='ocrx_word' id='word_1_52' title='bbox 1237 750 1333 821; x_wconf 88' lang='grc' dir='ltr'>κακίας</span> <span class='ocrx_word' id='word_1_53' title='bbox 1353 744 1420 824; x_wconf 77' lang='grc' dir='ltr'>εἶδός</span> <span class='ocrx_word' id='word_1_54' title='bbox 1439 761 1524 830; x_wconf 76' lang='grc' dir='ltr'>ἕστινς</span> <span class='ocrx_word' id='word_1_55' title='bbox 1541 755 1610 816; x_wconf 77' lang='grc' dir='ltr'>Ἀλλ’</span> <span class='ocrx_word' id='word_1_56' title='bbox 1624 755 1698 835; x_wconf 77' lang='grc' dir='ltr'>ὅμως</span> <span class='ocrx_word' id='word_1_57' title='bbox 1713 761 1750 826; x_wconf 82' lang='grc' dir='ltr'>είς</span> <span class='ocrx_word' id='word_1_58' title='bbox 1771 757 1804 818; x_wconf 71' lang='lat' dir='ltr'>ri</span> 
     </span>
    </p>
   </div>
   <div class='ocr_carea' id='block_1_3' title="bbox 74 835 1804 4818">
    <p class='ocr_par' dir='ltr' id='par_1_3' title="bbox 74 835 1804 3707">
     <span class='ocr_line' id='line_1_5' title="bbox 223 835 1804 932; baseline -0.002 -33"><span class='ocrx_word' id='word_1_59' title='bbox 223 841 329 917; x_wconf 90' lang='lat' dir='ltr'>habuit,</span> <span class='ocrx_word' id='word_1_60' title='bbox 344 841 392 902; x_wconf 88' lang='lat' dir='ltr'>sed</span> <span class='ocrx_word' id='word_1_61' title='bbox 409 841 485 902; x_wconf 91' lang='lat' dir='ltr'>brevi</span> <span class='ocrx_word' id='word_1_62' title='bbox 507 854 611 899; x_wconf 90' lang='lat' dir='ltr'>tantum</span> <span class='ocrx_word' id='word_1_63' title='bbox 630 853 773 898; x_wconf 86' lang='lat' dir='ltr'>momento.</span> <span class='ocrx_word' id='word_1_64' title='bbox 789 840 884 916; x_wconf 84' lang='lat' dir='ltr'>ltaque</span> <span class='ocrx_word' id='word_1_65' title='bbox 906 835 970 896; x_wconf 89' lang='lat' dir='ltr'>lieet</span> <span class='ocrx_word' id='word_1_66' title='bbox 1023 841 1159 925; x_wconf 72' lang='grc' dir='ltr'>ἄαρυνςῆς</span> <span class='ocrx_word' id='word_1_67' title='bbox 1171 848 1267 924; x_wconf 66' lang='grc' dir='ltr'>ἀρετῆς</span> <span class='ocrx_word' id='word_1_68' title='bbox 1277 846 1492 930; x_wconf 58' lang='grc' dir='ltr'>εὐθέωςῑφηασε,</span> <span class='ocrx_word' id='word_1_69' title='bbox 1503 849 1549 909; x_wconf 65' lang='grc' dir='ltr'>καὶ</span> <span class='ocrx_word' id='word_1_70' title='bbox 1561 851 1597 916; x_wconf 57' lang='grc' dir='ltr'>εἰς</span> <span class='ocrx_word' id='word_1_71' title='bbox 1611 847 1689 909; x_wconf 45' lang='grc' dir='ltr'>αὐτὸς</span> <span class='ocrx_word' id='word_1_72' title='bbox 1699 848 1804 932; x_wconf 46' lang='lat' dir='ltr'>spiam.</span> 
     </span>
     <span class='ocr_line' id='line_1_6' title="bbox 223 931 1803 1023; baseline 0.004 -28"><span class='ocrx_word' id='word_1_73' title='bbox 223 948 331 1017; x_wconf 88' lang='lat' dir='ltr'>repente</span> <span class='ocrx_word' id='word_1_74' title='bbox 350 936 465 1011; x_wconf 90' lang='lat' dir='ltr'>mutari,</span> <span class='ocrx_word' id='word_1_75' title='bbox 483 949 510 994; x_wconf 92' lang='lat' dir='ltr'>et</span> <span class='ocrx_word' id='word_1_76' title='bbox 526 956 637 993; x_wconf 90' lang='lat' dir='ltr'>aureum</span> <span class='ocrx_word' id='word_1_77' title='bbox 656 954 690 992; x_wconf 82' lang='lat' dir='ltr'>ex</span> <span class='ocrx_word' id='word_1_78' title='bbox 711 932 784 991; x_wconf 90' lang='lat' dir='ltr'>luteo</span> <span class='ocrx_word' id='word_1_79' title='bbox 803 931 882 991; x_wconf 87' lang='lat' dir='ltr'>effici.</span> <span class='ocrx_word' id='word_1_80' title='bbox 899 931 969 990; x_wconf 90' lang='lat' dir='ltr'>Cum</span> <span class='ocrx_word' id='word_1_81' title='bbox 1023 953 1054 991; x_wconf 89' lang='grc' dir='ltr'>σε</span> <span class='ocrx_word' id='word_1_82' title='bbox 1065 933 1110 993; x_wconf 86' lang='grc' dir='ltr'>τδν</span> <span class='ocrx_word' id='word_1_83' title='bbox 1121 936 1297 1016; x_wconf 78' lang='grc' dir='ltr'>παράδεισον·</span> <span class='ocrx_word' id='word_1_84' title='bbox 1312 941 1362 1020; x_wconf 80' lang='grc' dir='ltr'>οὐχ</span> <span class='ocrx_word' id='word_1_85' title='bbox 1379 945 1486 1023; x_wconf 76' lang='grc' dir='ltr'>ἡμερῶν</span> <span class='ocrx_word' id='word_1_86' title='bbox 1498 939 1616 1014; x_wconf 80' lang='grc' dir='ltr'>δεηθείς,</span> <span class='ocrx_word' id='word_1_87' title='bbox 1629 944 1679 1021; x_wconf 80' lang='grc' dir='ltr'>οὐχ</span> <span class='ocrx_word' id='word_1_88' title='bbox 1689 941 1803 1020; x_wconf 78' lang='grc' dir='ltr'>ἡμίσους</span> 
     </span>
     <span class='ocr_line' id='line_1_7' title="bbox 224 1024 1801 1115; baseline 0.003 -27"><span class='ocrx_word' id='word_1_89' title='bbox 224 1030 297 1089; x_wconf 88' lang='lat' dir='ltr'>eninr</span> <span class='ocrx_word' id='word_1_90' title='bbox 311 1052 397 1109; x_wconf 89' lang='lat' dir='ltr'>neque</span> <span class='ocrx_word' id='word_1_91' title='bbox 411 1030 506 1104; x_wconf 91' lang='lat' dir='ltr'>virtus,</span> <span class='ocrx_word' id='word_1_92' title='bbox 514 1049 600 1107; x_wconf 89' lang='lat' dir='ltr'>neque</span> <span class='ocrx_word' id='word_1_93' title='bbox 612 1027 711 1088; x_wconf 89' lang='lat' dir='ltr'>vitium</span> <span class='ocrx_word' id='word_1_94' title='bbox 727 1046 762 1086; x_wconf 84' lang='lat' dir='ltr'>ex</span> <span class='ocrx_word' id='word_1_95' title='bbox 774 1024 969 1099; x_wconf 85' lang='lat' dir='ltr'>naturainsint,</span> <span class='ocrx_word' id='word_1_96' title='bbox 1022 1024 1141 1106; x_wconf 76' lang='grc' dir='ltr'>ἡμέρας,</span> <span class='ocrx_word' id='word_1_97' title='bbox 1161 1026 1230 1088; x_wconf 71' lang='grc' dir='ltr'>ἀλλὰ</span> <span class='ocrx_word' id='word_1_98' title='bbox 1246 1030 1374 1112; x_wconf 79' lang='grc' dir='ltr'>βραχείας</span> <span class='ocrx_word' id='word_1_99' title='bbox 1392 1037 1483 1114; x_wconf 82' lang='grc' dir='ltr'>ῥοπῆς.</span> <span class='ocrx_word' id='word_1_100' title='bbox 1499 1030 1585 1093; x_wconf 79' lang='grc' dir='ltr'>Ὥστε</span> <span class='ocrx_word' id='word_1_101' title='bbox 1602 1032 1700 1102; x_wconf 76' lang='grc' dir='ltr'>ἔξεστιν</span> <span class='ocrx_word' id='word_1_102' title='bbox 1725 1035 1801 1115; x_wconf 84' lang='grc' dir='ltr'>σίφνω</span> 
     </span>
     <span class='ocr_line' id='line_1_8' title="bbox 74 1117 1800 1207; baseline 0.003 -26"><span class='ocrx_word' id='word_1_103' title='bbox 74 1135 214 1194; x_wconf 75' lang='grc' dir='ltr'>1ωι·.ι.ιφ.</span> <span class='ocrx_word' id='word_1_104' title='bbox 225 1121 313 1181; x_wconf 84' lang='lat' dir='ltr'>iacilis</span> <span class='ocrx_word' id='word_1_105' title='bbox 326 1136 365 1182; x_wconf 91' lang='lat' dir='ltr'>est</span> <span class='ocrx_word' id='word_1_106' title='bbox 379 1122 504 1200; x_wconf 88' lang='lat' dir='ltr'>mutatio,</span> <span class='ocrx_word' id='word_1_107' title='bbox 516 1120 589 1181; x_wconf 89' lang='lat' dir='ltr'>omni</span> <span class='ocrx_word' id='word_1_108' title='bbox 602 1118 757 1180; x_wconf 88' lang='lat' dir='ltr'>necessitate</span> <span class='ocrx_word' id='word_1_109' title='bbox 768 1117 863 1177; x_wconf 88' lang='lat' dir='ltr'>libera.</span> <span class='ocrx_word' id='word_1_110' title='bbox 876 1117 908 1176; x_wconf 84' lang='lat' dir='ltr'>Si</span> <span class='ocrx_word' id='word_1_111' title='bbox 917 1137 968 1175; x_wconf 88' lang='lat' dir='ltr'>vo·</span> <span class='ocrx_word' id='word_1_112' title='bbox 1023 1120 1201 1198; x_wconf 71' lang='grc' dir='ltr'>μεταθέσθαι,</span> <span class='ocrx_word' id='word_1_113' title='bbox 1228 1125 1274 1184; x_wconf 82' lang='grc' dir='ltr'>καὶ</span> <span class='ocrx_word' id='word_1_114' title='bbox 1301 1125 1421 1205; x_wconf 82' lang='grc' dir='ltr'>γενέσθαι</span> <span class='ocrx_word' id='word_1_115' title='bbox 1449 1125 1558 1207; x_wconf 88' lang='grc' dir='ltr'>χρύσεον</span> <span class='ocrx_word' id='word_1_116' title='bbox 1590 1127 1650 1187; x_wconf 75' lang='grc' dir='ltr'>ἀντί</span> <span class='ocrx_word' id='word_1_117' title='bbox 1677 1128 1800 1202; x_wconf 89' lang='grc' dir='ltr'>πηλίνου.</span> 
     </span>
     <span class='ocr_line' id='line_1_9' title="bbox 228 1210 1796 1300; baseline 0.004 -26"><span class='ocrx_word' id='word_1_118' title='bbox 228 1216 340 1275; x_wconf 85' lang='lat' dir='ltr'>lueritt&#39;s</span> <span class='ocrx_word' id='word_1_119' title='bbox 349 1229 377 1275; x_wconf 86' lang='lat' dir='ltr'>et</span> <span class='ocrx_word' id='word_1_120' title='bbox 384 1217 536 1275; x_wconf 81' lang='lat' dir='ltr'>audieritis</span> <span class='ocrx_word' id='word_1_121' title='bbox 545 1235 602 1292; x_wconf 81' lang='grc' dir='ltr'>ιιιε,</span> <span class='ocrx_word' id='word_1_122' title='bbox 613 1212 711 1293; x_wconf 90' lang='lat' dir='ltr'>inquit,</span> <span class='ocrx_word' id='word_1_123' title='bbox 719 1216 796 1270; x_wconf 82' lang='lat' dir='ltr'>bona</span> <span class='ocrx_word' id='word_1_124' title='bbox 806 1223 888 1270; x_wconf 83' lang='lat' dir='ltr'>terroe</span> <span class='ocrx_word' id='word_1_125' title='bbox 895 1230 969 1269; x_wconf 85' lang='lat' dir='ltr'>eom·</span> <span class='ocrx_word' id='word_1_126' title='bbox 985 1225 1005 1273; x_wconf 85' lang='lat' dir='ltr'>c</span> <span class='ocrx_word' id='word_1_127' title='bbox 1022 1210 1133 1287; x_wconf 73' lang='grc' dir='ltr'>Ἐπειδὴ</span> <span class='ocrx_word' id='word_1_128' title='bbox 1144 1213 1197 1296; x_wconf 82' lang='grc' dir='ltr'>γδφ</span> <span class='ocrx_word' id='word_1_129' title='bbox 1209 1214 1259 1277; x_wconf 72' lang='grc' dir='ltr'>ιὀῦ</span> <span class='ocrx_word' id='word_1_130' title='bbox 1271 1217 1346 1298; x_wconf 74' lang='grc' dir='ltr'>φύσει</span> <span class='ocrx_word' id='word_1_131' title='bbox 1360 1218 1395 1279; x_wconf 86' lang='grc' dir='ltr'>τδι</span> <span class='ocrx_word' id='word_1_132' title='bbox 1413 1223 1462 1291; x_wconf 84' lang='grc' dir='ltr'>τῆς</span> <span class='ocrx_word' id='word_1_133' title='bbox 1475 1223 1571 1300; x_wconf 80' lang='grc' dir='ltr'>ἀρετῆς</span> <span class='ocrx_word' id='word_1_134' title='bbox 1585 1218 1632 1279; x_wconf 80' lang='grc' dir='ltr'>καί</span> <span class='ocrx_word' id='word_1_135' title='bbox 1640 1225 1688 1294; x_wconf 82' lang='grc' dir='ltr'>τῆς</span> <span class='ocrx_word' id='word_1_136' title='bbox 1699 1221 1796 1289; x_wconf 89' lang='grc' dir='ltr'>κακίας</span> 
     </span>
     <span class='ocr_line' id='line_1_10' title="bbox 225 1300 1796 1392; baseline 0.001 -24"><span class='ocrx_word' id='word_1_137' title='bbox 225 1310 325 1368; x_wconf 80' lang='lat' dir='ltr'>edetis.</span> <span class='ocrx_word' id='word_1_138' title='bbox 340 1307 440 1370; x_wconf 89' lang='lat' dir='ltr'>Viden&#39;</span> <span class='ocrx_word' id='word_1_139' title='bbox 461 1308 518 1368; x_wconf 91' lang='lat' dir='ltr'>sola</span> <span class='ocrx_word' id='word_1_140' title='bbox 535 1327 604 1388; x_wconf 88' lang='lat' dir='ltr'>opus</span> <span class='ocrx_word' id='word_1_141' title='bbox 627 1326 683 1364; x_wconf 85' lang='lat' dir='ltr'>esse</span> <span class='ocrx_word' id='word_1_142' title='bbox 697 1303 836 1365; x_wconf 85' lang='lat' dir='ltr'>voluntate</span> <span class='ocrx_word' id='word_1_143' title='bbox 850 1324 857 1359; x_wconf 84' lang='grc' dir='ltr'>ι</span> <span class='ocrx_word' id='word_1_144' title='bbox 871 1300 968 1362; x_wconf 84' lang='grc' dir='ltr'>νοίιιιι-</span> <span class='ocrx_word' id='word_1_145' title='bbox 1023 1304 1103 1378; x_wconf 76' lang='grc' dir='ltr'>ἐστὶν,</span> <span class='ocrx_word' id='word_1_146' title='bbox 1114 1305 1245 1382; x_wconf 86' lang='grc' dir='ltr'>εύκολσςή</span> <span class='ocrx_word' id='word_1_147' title='bbox 1263 1311 1418 1388; x_wconf 73' lang='grc' dir='ltr'>μετάθεσις,</span> <span class='ocrx_word' id='word_1_148' title='bbox 1432 1311 1521 1385; x_wconf 85' lang='grc' dir='ltr'>πάσης</span> <span class='ocrx_word' id='word_1_149' title='bbox 1537 1312 1655 1392; x_wconf 75' lang='grc' dir='ltr'>ἀνάγκης</span> <span class='ocrx_word' id='word_1_150' title='bbox 1675 1315 1796 1387; x_wconf 77' lang='grc' dir='ltr'>ἀπηλλα-</span> 
     </span>
     <span class='ocr_line' id='line_1_11' title="bbox 223 1395 1795 1487; baseline 0.003 -26"><span class='ocrx_word' id='word_1_151' title='bbox 223 1414 292 1479; x_wconf 88' lang='lat' dir='ltr'>tate,</span> <span class='ocrx_word' id='word_1_152' title='bbox 306 1402 425 1481; x_wconf 92' lang='lat' dir='ltr'>inquam,</span> <span class='ocrx_word' id='word_1_153' title='bbox 440 1423 494 1464; x_wconf 89' lang='lat' dir='ltr'>non</span> <span class='ocrx_word' id='word_1_154' title='bbox 515 1398 621 1480; x_wconf 88' lang='lat' dir='ltr'>vulgari</span> <span class='ocrx_word' id='word_1_155' title='bbox 640 1399 689 1458; x_wconf 86' lang='lat' dir='ltr'>illa</span> <span class='ocrx_word' id='word_1_156' title='bbox 706 1418 765 1477; x_wconf 83' lang='lat' dir='ltr'>quae</span> <span class='ocrx_word' id='word_1_157' title='bbox 787 1395 968 1477; x_wconf 88' lang='lat' dir='ltr'>plurimorum</span> <span class='ocrx_word' id='word_1_158' title='bbox 1022 1396 1118 1478; x_wconf 88' lang='grc' dir='ltr'>γμίνη.</span> <span class='ocrx_word' id='word_1_159' title='bbox 1129 1397 1195 1458; x_wconf 71' lang='lat' dir='ltr'>’Eut</span> <span class='ocrx_word' id='word_1_160' title='bbox 1209 1399 1304 1475; x_wconf 84' lang='grc' dir='ltr'>θίλητε</span> <span class='ocrx_word' id='word_1_161' title='bbox 1314 1403 1360 1462; x_wconf 80' lang='grc' dir='ltr'>καί</span> <span class='ocrx_word' id='word_1_162' title='bbox 1374 1402 1545 1477; x_wconf 82' lang='grc' dir='ltr'>εἰσακούσητί</span> <span class='ocrx_word' id='word_1_163' title='bbox 1565 1428 1637 1484; x_wconf 89' lang='grc' dir='ltr'>μου,</span> <span class='ocrx_word' id='word_1_164' title='bbox 1659 1406 1739 1487; x_wconf 80' lang='grc' dir='ltr'>φησὶ,</span> <span class='ocrx_word' id='word_1_165' title='bbox 1759 1404 1795 1465; x_wconf 77' lang='grc' dir='ltr'>τὰ</span> 
     </span>
     <span class='ocr_line' id='line_1_12' title="bbox 223 1487 1795 1579; baseline -0.003 -25"><span class='ocrx_word' id='word_1_166' title='bbox 223 1507 273 1570; x_wconf 90' lang='lat' dir='ltr'>est,</span> <span class='ocrx_word' id='word_1_167' title='bbox 287 1494 335 1554; x_wconf 92' lang='lat' dir='ltr'>sed</span> <span class='ocrx_word' id='word_1_168' title='bbox 354 1494 488 1574; x_wconf 80' lang='lat' dir='ltr'><strong>diligenti.</strong></span> <span class='ocrx_word' id='word_1_169' title='bbox 512 1493 575 1553; x_wconf 91' lang='lat' dir='ltr'>Seio</span> <span class='ocrx_word' id='word_1_170' title='bbox 592 1491 694 1573; x_wconf 82' lang='lat' dir='ltr'>quippe</span> <span class='ocrx_word' id='word_1_171' title='bbox 713 1511 805 1549; x_wconf 80' lang='lat' dir='ltr'>omnus</span> <span class='ocrx_word' id='word_1_172' title='bbox 823 1489 850 1547; x_wconf 91' lang='lat' dir='ltr'>in</span> <span class='ocrx_word' id='word_1_173' title='bbox 870 1487 968 1547; x_wconf 84' lang='lat' dir='ltr'>caelum</span> <span class='ocrx_word' id='word_1_174' title='bbox 1021 1488 1108 1570; x_wconf 76' lang='grc' dir='ltr'>ἀγαθά</span> <span class='ocrx_word' id='word_1_175' title='bbox 1120 1493 1168 1561; x_wconf 84' lang='grc' dir='ltr'>τῆς</span> <span class='ocrx_word' id='word_1_176' title='bbox 1180 1497 1229 1572; x_wconf 88' lang='grc' dir='ltr'>γῆς</span> <span class='ocrx_word' id='word_1_177' title='bbox 1239 1491 1361 1574; x_wconf 84' lang='grc' dir='ltr'>φάγεσθε.</span> <span class='ocrx_word' id='word_1_178' title='bbox 1376 1493 1459 1579; x_wconf 69' lang='grc' dir='ltr'>Ὁρρς</span> <span class='ocrx_word' id='word_1_179' title='bbox 1472 1493 1513 1554; x_wconf 77' lang='grc' dir='ltr'>ὅτι</span> <span class='ocrx_word' id='word_1_180' title='bbox 1528 1495 1676 1574; x_wconf 77' lang='grc' dir='ltr'>βωλήσεως</span> <span class='ocrx_word' id='word_1_181' title='bbox 1692 1498 1731 1556; x_wconf 80' lang='grc' dir='ltr'>δεῖ</span> <span class='ocrx_word' id='word_1_182' title='bbox 1746 1494 1795 1575; x_wconf 81' lang='grc' dir='ltr'>μό-</span> 
     </span>
     <span class='ocr_line' id='line_1_13' title="bbox 223 1578 1796 1667; baseline 0.001 -21"><span class='ocrx_word' id='word_1_183' title='bbox 223 1586 331 1649; x_wconf 89' lang='lat' dir='ltr'>avolare</span> <span class='ocrx_word' id='word_1_184' title='bbox 352 1587 437 1664; x_wconf 80' lang='lat' dir='ltr'>velle3</span> <span class='ocrx_word' id='word_1_185' title='bbox 453 1584 501 1647; x_wconf 83' lang='lat' dir='ltr'>sed</span> <span class='ocrx_word' id='word_1_186' title='bbox 520 1584 646 1646; x_wconf 89' lang='lat' dir='ltr'>voluutas</span> <span class='ocrx_word' id='word_1_187' title='bbox 665 1582 793 1664; x_wconf 85' lang='lat' dir='ltr'>operibus</span> <span class='ocrx_word' id='word_1_188' title='bbox 814 1578 968 1640; x_wconf 80' lang='lat' dir='ltr'>exhibenda</span> <span class='ocrx_word' id='word_1_189' title='bbox 1020 1604 1081 1656; x_wconf 79' lang='grc' dir='ltr'>νηςς</span> <span class='ocrx_word' id='word_1_190' title='bbox 1096 1582 1257 1662; x_wconf 87' lang='grc' dir='ltr'>βουλήσεως,</span> <span class='ocrx_word' id='word_1_191' title='bbox 1269 1588 1299 1644; x_wconf 85' lang='grc' dir='ltr'>ού</span> <span class='ocrx_word' id='word_1_192' title='bbox 1309 1591 1357 1659; x_wconf 81' lang='grc' dir='ltr'>τῆς</span> <span class='ocrx_word' id='word_1_193' title='bbox 1367 1593 1456 1659; x_wconf 83' lang='grc' dir='ltr'>κοινῆς</span> <span class='ocrx_word' id='word_1_194' title='bbox 1468 1586 1546 1667; x_wconf 87' lang='grc' dir='ltr'>μάνου</span> <span class='ocrx_word' id='word_1_195' title='bbox 1561 1587 1670 1661; x_wconf 77' lang='grc' dir='ltr'>ταύτης,</span> <span class='ocrx_word' id='word_1_196' title='bbox 1683 1592 1796 1660; x_wconf 82' lang='grc' dir='ltr'>πῆςτῶν</span> 
     </span>
     <span class='ocr_line' id='line_1_14' title="bbox 223 1675 1797 1759; baseline -0.001 -19"><span class='ocrx_word' id='word_1_197' title='bbox 223 1694 272 1740; x_wconf 88' lang='lat' dir='ltr'>est.</span> <span class='ocrx_word' id='word_1_198' title='bbox 286 1679 426 1759; x_wconf 84' lang='lat' dir='ltr'>Siquidem</span> <span class='ocrx_word' id='word_1_199' title='bbox 443 1692 576 1739; x_wconf 84' lang='lat' dir='ltr'>mereator</span> <span class='ocrx_word' id='word_1_200' title='bbox 590 1677 650 1739; x_wconf 87' lang='lat' dir='ltr'>vult</span> <span class='ocrx_word' id='word_1_201' title='bbox 662 1677 802 1750; x_wconf 88' lang='lat' dir='ltr'>ditescere,</span> <span class='ocrx_word' id='word_1_202' title='bbox 816 1695 901 1754; x_wconf 87' lang='lat' dir='ltr'>neque</span> <span class='ocrx_word' id='word_1_203' title='bbox 914 1695 967 1735; x_wconf 88' lang='lat' dir='ltr'>vo·</span> <span class='ocrx_word' id='word_1_204' title='bbox 1021 1677 1136 1750; x_wconf 83' lang='grc' dir='ltr'>πολλῶν,</span> <span class='ocrx_word' id='word_1_205' title='bbox 1161 1675 1230 1736; x_wconf 77' lang='grc' dir='ltr'>ἀλλδ</span> <span class='ocrx_word' id='word_1_206' title='bbox 1253 1681 1302 1750; x_wconf 78' lang='grc' dir='ltr'>τῆς</span> <span class='ocrx_word' id='word_1_207' title='bbox 1331 1677 1554 1758; x_wconf 82' lang='grc' dir='ltr'>ίσπουδασμίνης.</span> <span class='ocrx_word' id='word_1_208' title='bbox 1574 1677 1653 1739; x_wconf 78' lang='grc' dir='ltr'>Ἐπεί</span> <span class='ocrx_word' id='word_1_209' title='bbox 1677 1680 1797 1747; x_wconf 75' lang='grc' dir='ltr'>ἅπαντας</span> 
     </span>
     <span class='ocr_line' id='line_1_15' title="bbox 223 1758 1796 1852; baseline 0 -21"><span class='ocrx_word' id='word_1_210' title='bbox 223 1771 314 1831; x_wconf 88' lang='lat' dir='ltr'>luntas</span> <span class='ocrx_word' id='word_1_211' title='bbox 331 1772 360 1831; x_wconf 91' lang='lat' dir='ltr'>in</span> <span class='ocrx_word' id='word_1_212' title='bbox 377 1772 537 1851; x_wconf 79' lang='lat' dir='ltr'>cogitatione</span> <span class='ocrx_word' id='word_1_213' title='bbox 551 1784 655 1829; x_wconf 90' lang='lat' dir='ltr'>tantum</span> <span class='ocrx_word' id='word_1_214' title='bbox 668 1768 805 1843; x_wconf 88' lang='lat' dir='ltr'>consistit;</span> <span class='ocrx_word' id='word_1_215' title='bbox 816 1764 863 1825; x_wconf 87' lang='lat' dir='ltr'>sed</span> <span class='ocrx_word' id='word_1_216' title='bbox 876 1764 969 1826; x_wconf 85' lang='lat' dir='ltr'>navim</span> <span class='ocrx_word' id='word_1_217' title='bbox 1022 1758 1080 1828; x_wconf 79' lang='grc' dir='ltr'>σίδοι</span> <span class='ocrx_word' id='word_1_218' title='bbox 1091 1771 1128 1837; x_wconf 85' lang='grc' dir='ltr'>είς</span> <span class='ocrx_word' id='word_1_219' title='bbox 1136 1770 1181 1829; x_wconf 86' lang='grc' dir='ltr'>τδν</span> <span class='ocrx_word' id='word_1_220' title='bbox 1190 1771 1298 1852; x_wconf 84' lang='grc' dir='ltr'>ούρανδν</span> <span class='ocrx_word' id='word_1_221' title='bbox 1310 1770 1432 1840; x_wconf 77' lang='grc' dir='ltr'>θέλοντας</span> <span class='ocrx_word' id='word_1_222' title='bbox 1445 1775 1658 1845; x_wconf 79' lang='grc' dir='ltr'>άναπτῆναινῦν,</span> <span class='ocrx_word' id='word_1_223' title='bbox 1669 1770 1739 1832; x_wconf 69' lang='grc' dir='ltr'>ἀλλὰ</span> <span class='ocrx_word' id='word_1_224' title='bbox 1751 1770 1796 1831; x_wconf 84' lang='grc' dir='ltr'>διδ</span> 
     </span>
     <span class='ocr_line' id='line_1_16' title="bbox 223 1857 1797 1946; baseline 0 -23"><span class='ocrx_word' id='word_1_225' title='bbox 223 1878 311 1946; x_wconf 92' lang='lat' dir='ltr'>parat,</span> <span class='ocrx_word' id='word_1_226' title='bbox 323 1878 417 1922; x_wconf 90' lang='lat' dir='ltr'>nautas</span> <span class='ocrx_word' id='word_1_227' title='bbox 438 1864 519 1941; x_wconf 87' lang='lat' dir='ltr'>cogit,</span> <span class='ocrx_word' id='word_1_228' title='bbox 531 1861 737 1941; x_wconf 80' lang='lat' dir='ltr'>gubernatorem</span> <span class='ocrx_word' id='word_1_229' title='bbox 758 1857 879 1932; x_wconf 80' lang='lat' dir='ltr'>accersit,</span> <span class='ocrx_word' id='word_1_230' title='bbox 889 1871 969 1916; x_wconf 78' lang='lat' dir='ltr'>caete·</span> <span class='ocrx_word' id='word_1_231' title='bbox 1022 1862 1075 1919; x_wconf 84' lang='grc' dir='ltr'>τῶν</span> <span class='ocrx_word' id='word_1_232' title='bbox 1098 1860 1181 1943; x_wconf 86' lang='grc' dir='ltr'>ίργων</span> <span class='ocrx_word' id='word_1_233' title='bbox 1196 1863 1235 1922; x_wconf 80' lang='grc' dir='ltr'>δεῖ</span> <span class='ocrx_word' id='word_1_234' title='bbox 1247 1862 1296 1937; x_wconf 81' lang='grc' dir='ltr'>τὴν</span> <span class='ocrx_word' id='word_1_235' title='bbox 1308 1862 1414 1936; x_wconf 77' lang='grc' dir='ltr'>θέλησιν</span> <span class='ocrx_word' id='word_1_236' title='bbox 1435 1863 1621 1933; x_wconf 74' lang='grc' dir='ltr'>ἐπιδείξασθαι.</span> <span class='ocrx_word' id='word_1_237' title='bbox 1641 1864 1696 1925; x_wconf 82' lang='grc' dir='ltr'>Καὶ</span> <span class='ocrx_word' id='word_1_238' title='bbox 1711 1864 1764 1946; x_wconf 86' lang='grc' dir='ltr'>γδιρ</span> <span class='ocrx_word' id='word_1_239' title='bbox 1781 1868 1797 1923; x_wconf 85' lang='grc' dir='ltr'>θ</span> 
     </span>
     <span class='ocr_line' id='line_1_17' title="bbox 225 1951 1798 2039; baseline 0.001 -25"><span class='ocrx_word' id='word_1_240' title='bbox 225 1956 315 2034; x_wconf 91' lang='lat' dir='ltr'>risque</span> <span class='ocrx_word' id='word_1_241' title='bbox 329 1955 558 2015; x_wconf 90' lang='lat' dir='ltr'>omnibusuavim</span> <span class='ocrx_word' id='word_1_242' title='bbox 571 1953 688 2027; x_wconf 81' lang='lat' dir='ltr'>instruit,</span> <span class='ocrx_word' id='word_1_243' title='bbox 704 1971 803 2008; x_wconf 89' lang='lat' dir='ltr'>aurum</span> <span class='ocrx_word' id='word_1_244' title='bbox 816 1963 967 2027; x_wconf 88' lang='lat' dir='ltr'>mutuatur,</span> <span class='ocrx_word' id='word_1_245' title='bbox 1024 1951 1138 2035; x_wconf 79' lang='grc' dir='ltr'>ἔμπορος</span> <span class='ocrx_word' id='word_1_246' title='bbox 1149 1954 1358 2030; x_wconf 78' lang='grc' dir='ltr'>θίλειπλσοτεῖν,</span> <span class='ocrx_word' id='word_1_247' title='bbox 1370 1958 1428 2015; x_wconf 71' lang='grc' dir='ltr'>ἀλλ’</span> <span class='ocrx_word' id='word_1_248' title='bbox 1441 1960 1470 2017; x_wconf 81' lang='grc' dir='ltr'>οῦ</span> <span class='ocrx_word' id='word_1_249' title='bbox 1487 1956 1567 2039; x_wconf 81' lang='grc' dir='ltr'>μέχρι</span> <span class='ocrx_word' id='word_1_250' title='bbox 1577 1961 1626 2030; x_wconf 82' lang='grc' dir='ltr'>τῆς</span> <span class='ocrx_word' id='word_1_251' title='bbox 1637 1956 1752 2025; x_wconf 74' lang='grc' dir='ltr'>διανοίας</span> <span class='ocrx_word' id='word_1_252' title='bbox 1766 1956 1798 2016; x_wconf 88' lang='grc' dir='ltr'>τδ</span> 
     </span>
     <span class='ocr_line' id='line_1_18' title="bbox 224 2043 1798 2130; baseline -0.001 -22"><span class='ocrx_word' id='word_1_253' title='bbox 224 2049 337 2130; x_wconf 85' lang='lat' dir='ltr'>pelagus</span> <span class='ocrx_word' id='word_1_254' title='bbox 344 2049 453 2129; x_wconf 84' lang='lat' dir='ltr'>trajicit,</span> <span class='ocrx_word' id='word_1_255' title='bbox 462 2048 489 2106; x_wconf 89' lang='lat' dir='ltr'>in</span> <span class='ocrx_word' id='word_1_256' title='bbox 496 2046 664 2127; x_wconf 84' lang='lat' dir='ltr'>peregrinam</span> <span class='ocrx_word' id='word_1_257' title='bbox 672 2059 770 2103; x_wconf 89' lang='lat' dir='ltr'>terram</span> <span class='ocrx_word' id='word_1_258' title='bbox 776 2043 967 2124; x_wconf 87' lang='lat' dir='ltr'>proficiscitur,</span> <span class='ocrx_word' id='word_1_259' title='bbox 1022 2043 1107 2105; x_wconf 81' lang='grc' dir='ltr'>θάλειν</span> <span class='ocrx_word' id='word_1_260' title='bbox 1121 2043 1235 2123; x_wconf 86' lang='grc' dir='ltr'>ίστησιν,</span> <span class='ocrx_word' id='word_1_261' title='bbox 1245 2047 1315 2109; x_wconf 70' lang='grc' dir='ltr'>ἀλλὰ</span> <span class='ocrx_word' id='word_1_262' title='bbox 1325 2048 1371 2107; x_wconf 80' lang='grc' dir='ltr'>καί</span> <span class='ocrx_word' id='word_1_263' title='bbox 1380 2051 1470 2110; x_wconf 90' lang='grc' dir='ltr'>πλοῖον</span> <span class='ocrx_word' id='word_1_264' title='bbox 1484 2050 1738 2122; x_wconf 70' lang='grc' dir='ltr'>οκατασκευάζεται,</span> <span class='ocrx_word' id='word_1_265' title='bbox 1751 2046 1798 2108; x_wconf 81' lang='grc' dir='ltr'>καί</span> 
     </span>
     <span class='ocr_line' id='line_1_19' title="bbox 225 2135 1799 2223; baseline -0.001 -22"><span class='ocrx_word' id='word_1_266' title='bbox 225 2140 343 2223; x_wconf 88' lang='lat' dir='ltr'>pericula</span> <span class='ocrx_word' id='word_1_267' title='bbox 356 2140 443 2199; x_wconf 87' lang='lat' dir='ltr'>multa</span> <span class='ocrx_word' id='word_1_268' title='bbox 452 2139 534 2216; x_wconf 89' lang='lat' dir='ltr'>subit,</span> <span class='ocrx_word' id='word_1_269' title='bbox 545 2138 652 2216; x_wconf 84' lang='lat' dir='ltr'>aliaque</span> <span class='ocrx_word' id='word_1_270' title='bbox 658 2136 776 2217; x_wconf 90' lang='lat' dir='ltr'>plurima</span> <span class='ocrx_word' id='word_1_271' title='bbox 785 2135 898 2217; x_wconf 92' lang='lat' dir='ltr'>patitur,</span> <span class='ocrx_word' id='word_1_272' title='bbox 909 2157 969 2215; x_wconf 85' lang='lat' dir='ltr'>qnae</span> <span class='ocrx_word' id='word_1_273' title='bbox 1024 2138 1131 2216; x_wconf 83' lang='grc' dir='ltr'>συνάγει</span> <span class='ocrx_word' id='word_1_274' title='bbox 1145 2139 1255 2213; x_wconf 89' lang='grc' dir='ltr'>ναύτας,</span> <span class='ocrx_word' id='word_1_275' title='bbox 1269 2141 1315 2201; x_wconf 84' lang='grc' dir='ltr'>καὶ</span> <span class='ocrx_word' id='word_1_276' title='bbox 1334 2144 1485 2223; x_wconf 83' lang='grc' dir='ltr'>παρακαλεῖ</span> <span class='ocrx_word' id='word_1_277' title='bbox 1499 2141 1671 2222; x_wconf 80' lang='grc' dir='ltr'>κυὸερνήπην,</span> <span class='ocrx_word' id='word_1_278' title='bbox 1684 2141 1731 2202; x_wconf 83' lang='grc' dir='ltr'>καὶ</span> <span class='ocrx_word' id='word_1_279' title='bbox 1744 2149 1799 2209; x_wconf 85' lang='grc' dir='ltr'>τοῖς</span> 
     </span>
     <span class='ocr_line' id='line_1_20' title="bbox 225 2229 1798 2317; baseline 0.001 -23"><span class='ocrx_word' id='word_1_280' title='bbox 225 2248 324 2294; x_wconf 91' lang='lat' dir='ltr'>norunt</span> <span class='ocrx_word' id='word_1_281' title='bbox 338 2233 359 2292; x_wconf 92' lang='lat' dir='ltr'>ii</span> <span class='ocrx_word' id='word_1_282' title='bbox 373 2233 420 2312; x_wconf 94' lang='lat' dir='ltr'>qui</span> <span class='ocrx_word' id='word_1_283' title='bbox 433 2231 562 2311; x_wconf 87' lang='lat' dir='ltr'>navigare</span> <span class='ocrx_word' id='word_1_284' title='bbox 571 2230 665 2290; x_wconf 89' lang='lat' dir='ltr'>solent.</span> <span class='ocrx_word' id='word_1_285' title='bbox 678 2229 719 2288; x_wconf 84' lang='lat' dir='ltr'>ita</span> <span class='ocrx_word' id='word_1_286' title='bbox 739 2250 788 2288; x_wconf 91' lang='lat' dir='ltr'>nos</span> <span class='ocrx_word' id='word_1_287' title='bbox 801 2241 905 2309; x_wconf 90' lang='lat' dir='ltr'>oportet</span> <span class='ocrx_word' id='word_1_288' title='bbox 919 2250 970 2288; x_wconf 92' lang='lat' dir='ltr'>vo-</span> <span class='ocrx_word' id='word_1_289' title='bbox 988 2235 1008 2282; x_wconf 85' lang='grc' dir='ltr'>Ῑ)</span> <span class='ocrx_word' id='word_1_290' title='bbox 1025 2230 1114 2299; x_wconf 74' lang='grc' dir='ltr'>ἄλλοις</span> <span class='ocrx_word' id='word_1_291' title='bbox 1137 2231 1221 2294; x_wconf 85' lang='grc' dir='ltr'>άπασι</span> <span class='ocrx_word' id='word_1_292' title='bbox 1241 2234 1431 2304; x_wconf 84' lang='grc' dir='ltr'>κατασκευάζει</span> <span class='ocrx_word' id='word_1_293' title='bbox 1445 2235 1476 2295; x_wconf 86' lang='grc' dir='ltr'>τδ</span> <span class='ocrx_word' id='word_1_294' title='bbox 1498 2237 1598 2308; x_wconf 91' lang='grc' dir='ltr'>πλοῖον,</span> <span class='ocrx_word' id='word_1_295' title='bbox 1621 2236 1667 2295; x_wconf 84' lang='grc' dir='ltr'>καὶ</span> <span class='ocrx_word' id='word_1_296' title='bbox 1689 2235 1798 2317; x_wconf 80' lang='grc' dir='ltr'>χρυσίω</span> 
     </span>
     <span class='ocr_line' id='line_1_21' title="bbox 225 2323 1798 2409; baseline -0.001 -22"><span class='ocrx_word' id='word_1_297' title='bbox 225 2327 355 2387; x_wconf 87' lang='lat' dir='ltr'>luntatem</span> <span class='ocrx_word' id='word_1_298' title='bbox 369 2326 506 2386; x_wconf 83' lang='lat' dir='ltr'>exhibere.</span> <span class='ocrx_word' id='word_1_299' title='bbox 518 2325 684 2404; x_wconf 80' lang='lat' dir='ltr'>Navigamus</span> <span class='ocrx_word' id='word_1_300' title='bbox 697 2336 723 2383; x_wconf 91' lang='lat' dir='ltr'>et</span> <span class='ocrx_word' id='word_1_301' title='bbox 733 2344 781 2382; x_wconf 90' lang='lat' dir='ltr'>nos</span> <span class='ocrx_word' id='word_1_302' title='bbox 792 2344 908 2401; x_wconf 87' lang='lat' dir='ltr'>quoque,</span> <span class='ocrx_word' id='word_1_303' title='bbox 916 2343 969 2384; x_wconf 91' lang='lat' dir='ltr'>non</span> <span class='ocrx_word' id='word_1_304' title='bbox 1025 2323 1179 2400; x_wconf 85' lang='grc' dir='ltr'>δανείζεται,</span> <span class='ocrx_word' id='word_1_305' title='bbox 1189 2325 1232 2385; x_wconf 83' lang='grc' dir='ltr'>καί</span> <span class='ocrx_word' id='word_1_306' title='bbox 1243 2336 1313 2408; x_wconf 73' lang='grc' dir='ltr'>περῦίί</span> <span class='ocrx_word' id='word_1_307' title='bbox 1322 2326 1445 2407; x_wconf 83' lang='grc' dir='ltr'>πίλαγος,</span> <span class='ocrx_word' id='word_1_308' title='bbox 1455 2328 1501 2387; x_wconf 78' lang='grc' dir='ltr'>καί</span> <span class='ocrx_word' id='word_1_309' title='bbox 1511 2331 1548 2397; x_wconf 84' lang='grc' dir='ltr'>είς</span> <span class='ocrx_word' id='word_1_310' title='bbox 1559 2326 1633 2401; x_wconf 78' lang='grc' dir='ltr'>ξίν-ην</span> <span class='ocrx_word' id='word_1_311' title='bbox 1640 2329 1731 2389; x_wconf 83' lang='grc' dir='ltr'>άπεισι</span> <span class='ocrx_word' id='word_1_312' title='bbox 1737 2333 1798 2409; x_wconf 86' lang='grc' dir='ltr'>γῆν,</span> 
     </span>
     <span class='ocr_line' id='line_1_22' title="bbox 224 2415 1799 2498; baseline 0.003 -20"><span class='ocrx_word' id='word_1_313' title='bbox 224 2419 261 2478; x_wconf 94' lang='lat' dir='ltr'>ab</span> <span class='ocrx_word' id='word_1_314' title='bbox 274 2418 328 2479; x_wconf 84' lang='lat' dir='ltr'>alia</span> <span class='ocrx_word' id='word_1_315' title='bbox 353 2419 382 2478; x_wconf 94' lang='lat' dir='ltr'>in</span> <span class='ocrx_word' id='word_1_316' title='bbox 402 2418 483 2478; x_wconf 85' lang='lat' dir='ltr'>aliam</span> <span class='ocrx_word' id='word_1_317' title='bbox 499 2432 610 2495; x_wconf 88' lang='lat' dir='ltr'>terram,</span> <span class='ocrx_word' id='word_1_318' title='bbox 628 2415 675 2475; x_wconf 90' lang='lat' dir='ltr'>sed</span> <span class='ocrx_word' id='word_1_319' title='bbox 693 2438 710 2475; x_wconf 91' lang='lat' dir='ltr'>a</span> <span class='ocrx_word' id='word_1_320' title='bbox 731 2430 800 2475; x_wconf 90' lang='lat' dir='ltr'>terra</span> <span class='ocrx_word' id='word_1_321' title='bbox 816 2416 845 2474; x_wconf 93' lang='lat' dir='ltr'>in</span> <span class='ocrx_word' id='word_1_322' title='bbox 864 2415 969 2476; x_wconf 79' lang='lat' dir='ltr'>caelum.</span> <span class='ocrx_word' id='word_1_323' title='bbox 1025 2415 1070 2477; x_wconf 82' lang='grc' dir='ltr'>καλ</span> <span class='ocrx_word' id='word_1_324' title='bbox 1084 2417 1216 2487; x_wconf 81' lang='grc' dir='ltr'>κινδύνους</span> <span class='ocrx_word' id='word_1_325' title='bbox 1229 2419 1354 2498; x_wconf 82' lang='grc' dir='ltr'>ύπσμένει</span> <span class='ocrx_word' id='word_1_326' title='bbox 1367 2419 1496 2496; x_wconf 78' lang='grc' dir='ltr'>πολλοὺς,</span> <span class='ocrx_word' id='word_1_327' title='bbox 1513 2420 1559 2480; x_wconf 81' lang='grc' dir='ltr'>καί</span> <span class='ocrx_word' id='word_1_328' title='bbox 1572 2420 1607 2481; x_wconf 84' lang='grc' dir='ltr'>τδ</span> <span class='ocrx_word' id='word_1_329' title='bbox 1624 2421 1694 2481; x_wconf 87' lang='grc' dir='ltr'>άλλα</span> <span class='ocrx_word' id='word_1_330' title='bbox 1709 2421 1799 2482; x_wconf 88' lang='grc' dir='ltr'>πάντα</span> 
     </span>
     <span class='ocr_line' id='line_1_23' title="bbox 224 2507 1799 2592; baseline 0.001 -20"><span class='ocrx_word' id='word_1_331' title='bbox 224 2513 281 2572; x_wconf 87' lang='lat' dir='ltr'>Nos</span> <span class='ocrx_word' id='word_1_332' title='bbox 304 2533 367 2592; x_wconf 90' lang='lat' dir='ltr'>ergo</span> <span class='ocrx_word' id='word_1_333' title='bbox 391 2524 478 2571; x_wconf 92' lang='lat' dir='ltr'>mente</span> <span class='ocrx_word' id='word_1_334' title='bbox 496 2530 657 2591; x_wconf 80' lang='lat' dir='ltr'>apparemus</span> <span class='ocrx_word' id='word_1_335' title='bbox 676 2507 712 2568; x_wconf 91' lang='lat' dir='ltr'>ad</span> <span class='ocrx_word' id='word_1_336' title='bbox 735 2507 967 2589; x_wconf 87' lang='lat' dir='ltr'>gubernationem,</span> <span class='ocrx_word' id='word_1_337' title='bbox 1025 2509 1094 2592; x_wconf 81' lang='grc' dir='ltr'>άπερ</span> <span class='ocrx_word' id='word_1_338' title='bbox 1111 2510 1199 2571; x_wconf 90' lang='grc' dir='ltr'>ίσοισιν</span> <span class='ocrx_word' id='word_1_339' title='bbox 1218 2515 1243 2572; x_wconf 85' lang='grc' dir='ltr'>σί</span> <span class='ocrx_word' id='word_1_340' title='bbox 1266 2510 1314 2584; x_wconf 79' lang='grc' dir='ltr'>τήν</span> <span class='ocrx_word' id='word_1_341' title='bbox 1335 2512 1468 2573; x_wconf 81' lang='grc' dir='ltr'>θάλατταν</span> <span class='ocrx_word' id='word_1_342' title='bbox 1491 2513 1622 2582; x_wconf 77' lang='grc' dir='ltr'>πλέοντες.</span> <span class='ocrx_word' id='word_1_343' title='bbox 1646 2513 1728 2574; x_wconf 76' lang='grc' dir='ltr'>(δύτω</span> <span class='ocrx_word' id='word_1_344' title='bbox 1753 2515 1799 2574; x_wconf 83' lang='grc' dir='ltr'>καί</span> 
     </span>
     <span class='ocr_line' id='line_1_24' title="bbox 224 2598 1799 2688; baseline 0.003 -26"><span class='ocrx_word' id='word_1_345' title='bbox 224 2625 285 2683; x_wconf 81' lang='lat' dir='ltr'>quae</span> <span class='ocrx_word' id='word_1_346' title='bbox 307 2625 355 2663; x_wconf 92' lang='lat' dir='ltr'>nos</span> <span class='ocrx_word' id='word_1_347' title='bbox 377 2623 490 2684; x_wconf 89' lang='lat' dir='ltr'>superne</span> <span class='ocrx_word' id='word_1_348' title='bbox 511 2598 602 2679; x_wconf 91' lang='lat' dir='ltr'>ducat,</span> <span class='ocrx_word' id='word_1_349' title='bbox 616 2622 648 2661; x_wconf 87' lang='lat' dir='ltr'>ac</span> <span class='ocrx_word' id='word_1_350' title='bbox 669 2615 765 2660; x_wconf 86' lang='lat' dir='ltr'>nautas</span> <span class='ocrx_word' id='word_1_351' title='bbox 785 2601 969 2681; x_wconf 87' lang='lat' dir='ltr'>obsequentes,</span> <span class='ocrx_word' id='word_1_352' title='bbox 1024 2609 1096 2682; x_wconf 77' lang='grc' dir='ltr'>ἡμᾶς</span> <span class='ocrx_word' id='word_1_353' title='bbox 1107 2605 1145 2665; x_wconf 88' lang='grc' dir='ltr'>δεῖ</span> <span class='ocrx_word' id='word_1_354' title='bbox 1157 2603 1205 2677; x_wconf 79' lang='grc' dir='ltr'>τήν</span> <span class='ocrx_word' id='word_1_355' title='bbox 1219 2603 1343 2684; x_wconf 90' lang='grc' dir='ltr'>βούλησιν</span> <span class='ocrx_word' id='word_1_356' title='bbox 1354 2605 1540 2676; x_wconf 80' lang='grc' dir='ltr'>ἐπιδείξασθαι.</span> <span class='ocrx_word' id='word_1_357' title='bbox 1551 2605 1674 2685; x_wconf 85' lang='grc' dir='ltr'>Πλίομεν</span> <span class='ocrx_word' id='word_1_358' title='bbox 1686 2607 1740 2688; x_wconf 89' lang='grc' dir='ltr'>γδιφ</span> <span class='ocrx_word' id='word_1_359' title='bbox 1753 2608 1799 2666; x_wconf 81' lang='grc' dir='ltr'>καί</span> 
     </span>
     <span class='ocr_line' id='line_1_25' title="bbox 225 2695 1801 2780; baseline 0.002 -24"><span class='ocrx_word' id='word_1_360' title='bbox 225 2697 387 2776; x_wconf 84' lang='lat' dir='ltr'>firmamque</span> <span class='ocrx_word' id='word_1_361' title='bbox 401 2697 493 2756; x_wconf 89' lang='lat' dir='ltr'>navim</span> <span class='ocrx_word' id='word_1_362' title='bbox 508 2695 586 2756; x_wconf 89' lang='lat' dir='ltr'>nobis</span> <span class='ocrx_word' id='word_1_363' title='bbox 599 2716 794 2776; x_wconf 89' lang='lat' dir='ltr'>comparemus,</span> <span class='ocrx_word' id='word_1_364' title='bbox 809 2715 843 2754; x_wconf 92' lang='lat' dir='ltr'>ne</span> <span class='ocrx_word' id='word_1_365' title='bbox 858 2695 970 2755; x_wconf 88' lang='lat' dir='ltr'>calami-</span> <span class='ocrx_word' id='word_1_366' title='bbox 1024 2701 1101 2775; x_wconf 79' lang='grc' dir='ltr'>ἡμεῖς</span> <span class='ocrx_word' id='word_1_367' title='bbox 1113 2698 1205 2772; x_wconf 88' lang='grc' dir='ltr'>πλοῦν,</span> <span class='ocrx_word' id='word_1_368' title='bbox 1221 2701 1250 2757; x_wconf 84' lang='grc' dir='ltr'>σθ</span> <span class='ocrx_word' id='word_1_369' title='bbox 1263 2698 1308 2758; x_wconf 87' lang='grc' dir='ltr'>τδν</span> <span class='ocrx_word' id='word_1_370' title='bbox 1322 2699 1376 2759; x_wconf 88' lang='grc' dir='ltr'>σἰπδ</span> <span class='ocrx_word' id='word_1_371' title='bbox 1388 2703 1437 2780; x_wconf 87' lang='grc' dir='ltr'>γῆς</span> <span class='ocrx_word' id='word_1_372' title='bbox 1457 2701 1494 2767; x_wconf 85' lang='grc' dir='ltr'>είς</span> <span class='ocrx_word' id='word_1_373' title='bbox 1514 2703 1574 2779; x_wconf 89' lang='grc' dir='ltr'>γῆν,</span> <span class='ocrx_word' id='word_1_374' title='bbox 1595 2697 1664 2759; x_wconf 68' lang='lat' dir='ltr'>emt</span> <span class='ocrx_word' id='word_1_375' title='bbox 1680 2698 1725 2759; x_wconf 84' lang='grc' dir='ltr'>τὸν</span> <span class='ocrx_word' id='word_1_376' title='bbox 1745 2700 1801 2760; x_wconf 67' lang='lat' dir='ltr'>set</span> 
     </span>
     <span class='ocr_line' id='line_1_26' title="bbox 224 2780 1800 2871; baseline 0.001 -21"><span class='ocrx_word' id='word_1_377' title='bbox 224 2804 278 2850; x_wconf 87' lang='lat' dir='ltr'>tate</span> <span class='ocrx_word' id='word_1_378' title='bbox 295 2790 413 2870; x_wconf 88' lang='lat' dir='ltr'>quadam</span> <span class='ocrx_word' id='word_1_379' title='bbox 430 2789 552 2850; x_wconf 82' lang='lat' dir='ltr'>saemlari</span> <span class='ocrx_word' id='word_1_380' title='bbox 567 2788 610 2850; x_wconf 90' lang='lat' dir='ltr'>vel</span> <span class='ocrx_word' id='word_1_381' title='bbox 623 2788 751 2847; x_wconf 89' lang='lat' dir='ltr'>moestitia</span> <span class='ocrx_word' id='word_1_382' title='bbox 771 2785 969 2868; x_wconf 79' lang='lat' dir='ltr'>demergamur,</span> <span class='ocrx_word' id='word_1_383' title='bbox 1024 2793 1073 2868; x_wconf 86' lang='grc' dir='ltr'>γῆς</span> <span class='ocrx_word' id='word_1_384' title='bbox 1083 2789 1244 2870; x_wconf 81' lang='grc' dir='ltr'>είςοῦρανύν.</span> <span class='ocrx_word' id='word_1_385' title='bbox 1256 2790 1504 2870; x_wconf 83' lang='grc' dir='ltr'>Κατασκευάσωμεν</span> <span class='ocrx_word' id='word_1_386' title='bbox 1514 2780 1610 2850; x_wconf 79' lang='grc' dir='ltr'>ούντδν</span> <span class='ocrx_word' id='word_1_387' title='bbox 1620 2792 1800 2871; x_wconf 87' lang='grc' dir='ltr'>λσγισμδντδν</span> 
     </span>
     <span class='ocr_line' id='line_1_27' title="bbox 224 2880 1800 2966; baseline 0.001 -23"><span class='ocrx_word' id='word_1_388' title='bbox 224 2905 291 2945; x_wconf 87' lang='lat' dir='ltr'>neve</span> <span class='ocrx_word' id='word_1_389' title='bbox 311 2883 470 2964; x_wconf 77' lang='lat' dir='ltr'>arrogantiae</span> <span class='ocrx_word' id='word_1_390' title='bbox 494 2883 593 2963; x_wconf 91' lang='lat' dir='ltr'>spiritu</span> <span class='ocrx_word' id='word_1_391' title='bbox 619 2883 775 2959; x_wconf 81' lang='lat' dir='ltr'>efferamur,</span> <span class='ocrx_word' id='word_1_392' title='bbox 788 2880 835 2941; x_wconf 86' lang='lat' dir='ltr'>sed</span> <span class='ocrx_word' id='word_1_393' title='bbox 851 2880 924 2944; x_wconf 90' lang='lat' dir='ltr'>leves</span> <span class='ocrx_word' id='word_1_394' title='bbox 944 2895 971 2942; x_wconf 92' lang='lat' dir='ltr'>et</span> <span class='ocrx_word' id='word_1_395' title='bbox 1023 2881 1151 2964; x_wconf 81' lang='grc' dir='ltr'>ἡμέτερον</span> <span class='ocrx_word' id='word_1_396' title='bbox 1165 2882 1231 2964; x_wconf 88' lang='grc' dir='ltr'>πρδς</span> <span class='ocrx_word' id='word_1_397' title='bbox 1244 2882 1398 2965; x_wconf 78' lang='grc' dir='ltr'>κυάίρνησιν</span> <span class='ocrx_word' id='word_1_398' title='bbox 1416 2883 1562 2956; x_wconf 75' lang='grc' dir='ltr'>ἐπιτήδειον</span> <span class='ocrx_word' id='word_1_399' title='bbox 1575 2881 1624 2957; x_wconf 76' lang='grc' dir='ltr'>τήν</span> <span class='ocrx_word' id='word_1_400' title='bbox 1637 2884 1691 2944; x_wconf 83' lang='grc' dir='ltr'>άνω</span> <span class='ocrx_word' id='word_1_401' title='bbox 1705 2884 1800 2966; x_wconf 81' lang='grc' dir='ltr'>φίρου-</span> 
     </span>
     <span class='ocr_line' id='line_1_28' title="bbox 224 2973 1799 3060; baseline -0.001 -23"><span class='ocrx_word' id='word_1_402' title='bbox 224 2977 343 3060; x_wconf 85' lang='lat' dir='ltr'>expediti</span> <span class='ocrx_word' id='word_1_403' title='bbox 362 2979 455 3037; x_wconf 86' lang='lat' dir='ltr'>simus.</span> <span class='ocrx_word' id='word_1_404' title='bbox 473 2977 503 3038; x_wconf 89' lang='lat' dir='ltr'>si</span> <span class='ocrx_word' id='word_1_405' title='bbox 524 2977 561 3037; x_wconf 92' lang='lat' dir='ltr'>ita</span> <span class='ocrx_word' id='word_1_406' title='bbox 584 2977 690 3056; x_wconf 88' lang='lat' dir='ltr'>navim,</span> <span class='ocrx_word' id='word_1_407' title='bbox 714 2978 921 3058; x_wconf 88' lang='lat' dir='ltr'>gubernatorem</span> <span class='ocrx_word' id='word_1_408' title='bbox 944 2991 969 3038; x_wconf 89' lang='lat' dir='ltr'>et</span> <span class='ocrx_word' id='word_1_409' title='bbox 1024 2997 1082 3049; x_wconf 91' lang='grc' dir='ltr'>σαν,</span> <span class='ocrx_word' id='word_1_410' title='bbox 1094 2974 1140 3033; x_wconf 80' lang='grc' dir='ltr'>καί</span> <span class='ocrx_word' id='word_1_411' title='bbox 1153 2973 1248 3042; x_wconf 91' lang='grc' dir='ltr'>ναύτας</span> <span class='ocrx_word' id='word_1_412' title='bbox 1260 2978 1332 3056; x_wconf 79' lang='grc' dir='ltr'>αὐτῷ</span> <span class='ocrx_word' id='word_1_413' title='bbox 1345 2973 1505 3049; x_wconf 83' lang='grc' dir='ltr'>πειθηνίως,</span> <span class='ocrx_word' id='word_1_414' title='bbox 1519 2975 1564 3035; x_wconf 83' lang='grc' dir='ltr'>καὶ</span> <span class='ocrx_word' id='word_1_415' title='bbox 1577 2977 1668 3036; x_wconf 84' lang='grc' dir='ltr'>πλοῖον</span> <span class='ocrx_word' id='word_1_416' title='bbox 1684 2976 1799 3056; x_wconf 87' lang='grc' dir='ltr'>στερεδν,</span> 
     </span>
     <span class='ocr_line' id='line_1_29' title="bbox 224 3065 1798 3154; baseline -0.002 -23"><span class='ocrx_word' id='word_1_417' title='bbox 224 3086 319 3132; x_wconf 87' lang='lat' dir='ltr'>nautas</span> <span class='ocrx_word' id='word_1_418' title='bbox 331 3093 467 3154; x_wconf 91' lang='lat' dir='ltr'>paremus,</span> <span class='ocrx_word' id='word_1_419' title='bbox 479 3069 597 3132; x_wconf 90' lang='lat' dir='ltr'>seeundo</span> <span class='ocrx_word' id='word_1_420' title='bbox 611 3084 692 3134; x_wconf 90' lang='lat' dir='ltr'>vento</span> <span class='ocrx_word' id='word_1_421' title='bbox 704 3070 903 3152; x_wconf 83' lang='lat' dir='ltr'>navigabimus,</span> <span class='ocrx_word' id='word_1_422' title='bbox 919 3071 969 3131; x_wconf 90' lang='lat' dir='ltr'>Fi·</span> <span class='ocrx_word' id='word_1_423' title='bbox 1023 3065 1093 3126; x_wconf 76' lang='grc' dir='ltr'>ὥστε</span> <span class='ocrx_word' id='word_1_424' title='bbox 1110 3065 1179 3146; x_wconf 88' lang='grc' dir='ltr'>μήτε</span> <span class='ocrx_word' id='word_1_425' title='bbox 1199 3066 1409 3148; x_wconf 64' lang='lat' dir='ltr'>suspectissimi</span> <span class='ocrx_word' id='word_1_426' title='bbox 1425 3065 1525 3150; x_wconf 77' lang='grc' dir='ltr'>ἀθυμίην</span> <span class='ocrx_word' id='word_1_427' title='bbox 1540 3067 1714 3146; x_wconf 78' lang='grc' dir='ltr'>βαπτίζεσθαι</span> <span class='ocrx_word' id='word_1_428' title='bbox 1728 3072 1798 3147; x_wconf 90' lang='grc' dir='ltr'>βιω-</span> 
     </span>
     <span class='ocr_line' id='line_1_30' title="bbox 223 3157 1801 3243; baseline -0.002 -20"><span class='ocrx_word' id='word_1_429' title='bbox 223 3163 344 3243; x_wconf 90' lang='lat' dir='ltr'>liumque</span> <span class='ocrx_word' id='word_1_430' title='bbox 353 3164 415 3236; x_wconf 88' lang='lat' dir='ltr'>Dei,</span> <span class='ocrx_word' id='word_1_431' title='bbox 428 3185 524 3224; x_wconf 90' lang='lat' dir='ltr'>verum</span> <span class='ocrx_word' id='word_1_432' title='bbox 545 3163 762 3243; x_wconf 81' lang='lat' dir='ltr'>gubernatorem,</span> <span class='ocrx_word' id='word_1_433' title='bbox 777 3162 813 3222; x_wconf 92' lang='lat' dir='ltr'>ad</span> <span class='ocrx_word' id='word_1_434' title='bbox 824 3184 873 3222; x_wconf 89' lang='lat' dir='ltr'>nos</span> <span class='ocrx_word' id='word_1_435' title='bbox 886 3177 969 3223; x_wconf 89' lang='lat' dir='ltr'>attra-</span> <span class='ocrx_word' id='word_1_436' title='bbox 1023 3163 1101 3238; x_wconf 88' lang='grc' dir='ltr'>τικῇ,</span> <span class='ocrx_word' id='word_1_437' title='bbox 1113 3158 1181 3237; x_wconf 90' lang='grc' dir='ltr'>μήτε</span> <span class='ocrx_word' id='word_1_438' title='bbox 1190 3157 1344 3233; x_wconf 64' lang='grc' dir='ltr'>ἀλαζονείας</span> <span class='ocrx_word' id='word_1_439' title='bbox 1353 3157 1507 3238; x_wconf 74' lang='grc' dir='ltr'>ἐπαίρεσθαι</span> <span class='ocrx_word' id='word_1_440' title='bbox 1522 3158 1667 3238; x_wconf 86' lang='grc' dir='ltr'>πνεύματι,</span> <span class='ocrx_word' id='word_1_441' title='bbox 1680 3162 1738 3219; x_wconf 82' lang='grc' dir='ltr'>ἀλλ’</span> <span class='ocrx_word' id='word_1_442' title='bbox 1755 3160 1801 3220; x_wconf 85' lang='grc' dir='ltr'>εύ-</span> 
     </span>
     <span class='ocr_line' id='line_1_31' title="bbox 223 3240 1800 3336; baseline -0.003 -20"><span class='ocrx_word' id='word_1_443' title='bbox 223 3257 329 3334; x_wconf 87' lang='lat' dir='ltr'>hemus,</span> <span class='ocrx_word' id='word_1_444' title='bbox 343 3256 391 3335; x_wconf 92' lang='lat' dir='ltr'>qui</span> <span class='ocrx_word' id='word_1_445' title='bbox 404 3277 457 3315; x_wconf 92' lang='lat' dir='ltr'>non</span> <span class='ocrx_word' id='word_1_446' title='bbox 475 3256 543 3315; x_wconf 91' lang='lat' dir='ltr'>sinet</span> <span class='ocrx_word' id='word_1_447' title='bbox 557 3255 685 3336; x_wconf 84' lang='lat' dir='ltr'>scapham</span> <span class='ocrx_word' id='word_1_448' title='bbox 699 3269 816 3314; x_wconf 88' lang='lat' dir='ltr'>nostram</span> <span class='ocrx_word' id='word_1_449' title='bbox 828 3254 968 3336; x_wconf 83' lang='lat' dir='ltr'>demergi:</span> <span class='ocrx_word' id='word_1_450' title='bbox 986 3258 1006 3305; x_wconf 79' lang='grc' dir='ltr'><strong>Ε</strong></span> <span class='ocrx_word' id='word_1_451' title='bbox 1024 3254 1103 3320; x_wconf 82' lang='grc' dir='ltr'>ζωνσν</span> <span class='ocrx_word' id='word_1_452' title='bbox 1115 3240 1181 3310; x_wconf 78' lang='grc' dir='ltr'>εἶναι</span> <span class='ocrx_word' id='word_1_453' title='bbox 1195 3250 1240 3311; x_wconf 84' lang='grc' dir='ltr'>καλ</span> <span class='ocrx_word' id='word_1_454' title='bbox 1253 3256 1356 3331; x_wconf 91' lang='grc' dir='ltr'>κοῦφον.</span> <span class='ocrx_word' id='word_1_455' title='bbox 1365 3248 1412 3310; x_wconf 76' lang='grc' dir='ltr'>Ἂν</span> <span class='ocrx_word' id='word_1_456' title='bbox 1426 3251 1494 3311; x_wconf 78' lang='grc' dir='ltr'>οὕτω</span> <span class='ocrx_word' id='word_1_457' title='bbox 1507 3248 1555 3330; x_wconf 68' lang='grc' dir='ltr'>μὲν</span> <span class='ocrx_word' id='word_1_458' title='bbox 1571 3250 1602 3311; x_wconf 85' lang='grc' dir='ltr'>τδ</span> <span class='ocrx_word' id='word_1_459' title='bbox 1617 3254 1718 3327; x_wconf 89' lang='grc' dir='ltr'>πλοῖον,</span> <span class='ocrx_word' id='word_1_460' title='bbox 1729 3250 1800 3312; x_wconf 76' lang='grc' dir='ltr'>οὕτω</span> 
     </span>
     <span class='ocr_line' id='line_1_32' title="bbox 224 3341 1800 3430; baseline -0.004 -21"><span class='ocrx_word' id='word_1_461' title='bbox 224 3348 272 3409; x_wconf 84' lang='lat' dir='ltr'>sod</span> <span class='ocrx_word' id='word_1_462' title='bbox 284 3349 348 3408; x_wconf 91' lang='lat' dir='ltr'>licet</span> <span class='ocrx_word' id='word_1_463' title='bbox 365 3348 502 3408; x_wconf 91' lang='lat' dir='ltr'>innumeri</span> <span class='ocrx_word' id='word_1_464' title='bbox 516 3348 618 3430; x_wconf 89' lang='lat' dir='ltr'>spirent</span> <span class='ocrx_word' id='word_1_465' title='bbox 633 3347 714 3425; x_wconf 87' lang='lat' dir='ltr'>venti,</span> <span class='ocrx_word' id='word_1_466' title='bbox 725 3361 818 3409; x_wconf 91' lang='lat' dir='ltr'>ventos</span> <span class='ocrx_word' id='word_1_467' title='bbox 828 3347 970 3408; x_wconf 91' lang='lat' dir='ltr'>illeincre-</span> <span class='ocrx_word' id='word_1_468' title='bbox 1025 3344 1053 3406; x_wconf 79' lang='grc' dir='ltr'>δδ</span> <span class='ocrx_word' id='word_1_469' title='bbox 1067 3345 1111 3406; x_wconf 88' lang='grc' dir='ltr'>τδν</span> <span class='ocrx_word' id='word_1_470' title='bbox 1132 3343 1294 3426; x_wconf 78' lang='grc' dir='ltr'>κυύερνήτην</span> <span class='ocrx_word' id='word_1_471' title='bbox 1306 3341 1351 3402; x_wconf 83' lang='grc' dir='ltr'>καλ</span> <span class='ocrx_word' id='word_1_472' title='bbox 1364 3341 1424 3410; x_wconf 77' lang='grc' dir='ltr'>ταδς</span> <span class='ocrx_word' id='word_1_473' title='bbox 1436 3341 1532 3411; x_wconf 88' lang='grc' dir='ltr'>ναύτας</span> <span class='ocrx_word' id='word_1_474' title='bbox 1542 3344 1800 3424; x_wconf 77' lang='grc' dir='ltr'>παρασκευάσωμεν,</span> 
     </span>
     <span class='ocr_line' id='line_1_33' title="bbox 224 3436 1800 3525; baseline -0.003 -23"><span class='ocrx_word' id='word_1_475' title='bbox 224 3443 301 3525; x_wconf 90' lang='lat' dir='ltr'>pabit</span> <span class='ocrx_word' id='word_1_476' title='bbox 315 3455 341 3502; x_wconf 91' lang='lat' dir='ltr'>et</span> <span class='ocrx_word' id='word_1_477' title='bbox 351 3463 437 3520; x_wconf 89' lang='lat' dir='ltr'>mare,</span> <span class='ocrx_word' id='word_1_478' title='bbox 451 3455 478 3502; x_wconf 89' lang='lat' dir='ltr'>et</span> <span class='ocrx_word' id='word_1_479' title='bbox 492 3441 551 3503; x_wconf 87' lang='lat' dir='ltr'>vioe</span> <span class='ocrx_word' id='word_1_480' title='bbox 561 3441 685 3524; x_wconf 83' lang='lat' dir='ltr'>proeellae</span> <span class='ocrx_word' id='word_1_481' title='bbox 698 3440 920 3521; x_wconf 88' lang='lat' dir='ltr'>tranquillitatem</span> <span class='ocrx_word' id='word_1_482' title='bbox 932 3442 970 3501; x_wconf 86' lang='lat' dir='ltr'>ef·</span> <span class='ocrx_word' id='word_1_483' title='bbox 1025 3438 1052 3508; x_wconf 78' lang='grc' dir='ltr'>ἐξ</span> <span class='ocrx_word' id='word_1_484' title='bbox 1074 3436 1167 3521; x_wconf 81' lang='grc' dir='ltr'>οθρίων</span> <span class='ocrx_word' id='word_1_485' title='bbox 1185 3437 1370 3516; x_wconf 73' lang='grc' dir='ltr'>πλευσόμεθα,</span> <span class='ocrx_word' id='word_1_486' title='bbox 1384 3436 1430 3495; x_wconf 83' lang='grc' dir='ltr'>καί</span> <span class='ocrx_word' id='word_1_487' title='bbox 1450 3436 1496 3496; x_wconf 92' lang='grc' dir='ltr'>τδν</span> <span class='ocrx_word' id='word_1_488' title='bbox 1517 3436 1582 3496; x_wconf 88' lang='grc' dir='ltr'>Υίδν</span> <span class='ocrx_word' id='word_1_489' title='bbox 1602 3442 1648 3496; x_wconf 89' lang='grc' dir='ltr'>τοῦ</span> <span class='ocrx_word' id='word_1_490' title='bbox 1665 3438 1735 3496; x_wconf 80' lang='grc' dir='ltr'>Θεοῦ</span> <span class='ocrx_word' id='word_1_491' title='bbox 1754 3437 1800 3498; x_wconf 88' lang='grc' dir='ltr'>τδν</span> 
     </span>
     <span class='ocr_line' id='line_1_34' title="bbox 225 3528 1802 3617; baseline -0.003 -22"><span class='ocrx_word' id='word_1_492' title='bbox 225 3534 298 3596; x_wconf 81' lang='lat' dir='ltr'>ficiet</span> <span class='ocrx_word' id='word_1_493' title='bbox 311 3556 448 3617; x_wconf 81' lang='lat' dir='ltr'>maguam.</span> <span class='ocrx_word' id='word_1_494' title='bbox 1025 3535 1111 3606; x_wconf 80' lang='grc' dir='ltr'>ἀληθῆ</span> <span class='ocrx_word' id='word_1_495' title='bbox 1131 3531 1294 3613; x_wconf 77' lang='grc' dir='ltr'>κυὸερνήτην</span> <span class='ocrx_word' id='word_1_496' title='bbox 1318 3528 1518 3609; x_wconf 82' lang='grc' dir='ltr'>ἐπισπασάμεθα</span> <span class='ocrx_word' id='word_1_497' title='bbox 1537 3529 1604 3610; x_wconf 83' lang='grc' dir='ltr'>πρδς</span> <span class='ocrx_word' id='word_1_498' title='bbox 1627 3528 1748 3596; x_wconf 88' lang='grc' dir='ltr'>ίαυτούς·</span> <span class='ocrx_word' id='word_1_499' title='bbox 1772 3529 1802 3596; x_wconf 84' lang='grc' dir='ltr'>ὃς</span> 
     </span>
     <span class='ocr_line' id='line_1_35' title="bbox 1025 3619 1802 3707; baseline -0.009 -20"><span class='ocrx_word' id='word_1_500' title='bbox 1025 3629 1073 3688; x_wconf 76' lang='grc' dir='ltr'>οὐκ</span> <span class='ocrx_word' id='word_1_501' title='bbox 1097 3625 1194 3707; x_wconf 79' lang='grc' dir='ltr'>ἀφήσει</span> <span class='ocrx_word' id='word_1_502' title='bbox 1216 3628 1394 3705; x_wconf 80' lang='grc' dir='ltr'>βαπτισθῆναι</span> <span class='ocrx_word' id='word_1_503' title='bbox 1413 3622 1443 3682; x_wconf 91' lang='grc' dir='ltr'>τδ</span> <span class='ocrx_word' id='word_1_504' title='bbox 1465 3621 1564 3706; x_wconf 82' lang='grc' dir='ltr'>σκάφος</span> <span class='ocrx_word' id='word_1_505' title='bbox 1576 3628 1652 3703; x_wconf 79' lang='grc' dir='ltr'>ἡμῖν,</span> <span class='ocrx_word' id='word_1_506' title='bbox 1666 3621 1735 3683; x_wconf 70' lang='grc' dir='ltr'>ἀλλὰ</span> <span class='ocrx_word' id='word_1_507' title='bbox 1751 3619 1802 3680; x_wconf 73' lang='grc' dir='ltr'>κᾶν</span> 
     </span>
    </p>

    <p class='ocr_par' dir='ltr' id='par_1_4' title="bbox 1027 3713 1800 3800">
     <span class='ocr_line' id='line_1_36' title="bbox 1027 3713 1800 3800; baseline -0.008 -22"><span class='ocrx_word' id='word_1_508' title='bbox 1027 3717 1115 3800; x_wconf 85' lang='grc' dir='ltr'>μυρίοι</span> <span class='ocrx_word' id='word_1_509' title='bbox 1127 3716 1294 3779; x_wconf 64' lang='grc' dir='ltr'>απνεύσωσιν</span> <span class='ocrx_word' id='word_1_510' title='bbox 1305 3717 1410 3795; x_wconf 81' lang='grc' dir='ltr'>ἄνεμοι,</span> <span class='ocrx_word' id='word_1_511' title='bbox 1425 3714 1472 3776; x_wconf 81' lang='grc' dir='ltr'>καί</span> <span class='ocrx_word' id='word_1_512' title='bbox 1482 3723 1536 3783; x_wconf 86' lang='grc' dir='ltr'>τοῖς</span> <span class='ocrx_word' id='word_1_513' title='bbox 1547 3713 1654 3794; x_wconf 78' lang='grc' dir='ltr'>ἀνίμοις</span> <span class='ocrx_word' id='word_1_514' title='bbox 1669 3713 1800 3793; x_wconf 82' lang='grc' dir='ltr'>ίπιτιμή-</span> 
     </span>
    </p>

    <p class='ocr_par' dir='ltr' id='par_1_5' title="bbox 1026 3805 1800 3889">
     <span class='ocr_line' id='line_1_37' title="bbox 1026 3805 1800 3889; baseline -0.006 -17"><span class='ocrx_word' id='word_1_515' title='bbox 1026 3835 1080 3888; x_wconf 87' lang='grc' dir='ltr'>σει,</span> <span class='ocrx_word' id='word_1_516' title='bbox 1090 3809 1179 3888; x_wconf 80' lang='grc' dir='ltr'>καλιῇ</span> <span class='ocrx_word' id='word_1_517' title='bbox 1189 3809 1307 3889; x_wconf 76' lang='grc' dir='ltr'>θαλάττῃ</span> <span class='ocrx_word' id='word_1_518' title='bbox 1316 3856 1325 3884; x_wconf 96' lang='grc'>,</span> <span class='ocrx_word' id='word_1_519' title='bbox 1334 3808 1381 3868; x_wconf 79' lang='grc' dir='ltr'>καὶ</span> <span class='ocrx_word' id='word_1_520' title='bbox 1391 3808 1448 3867; x_wconf 77' lang='grc' dir='ltr'>ἀντὶ</span> <span class='ocrx_word' id='word_1_521' title='bbox 1458 3807 1539 3868; x_wconf 58' lang='lat' dir='ltr'>esbon</span> <span class='ocrx_word' id='word_1_522' title='bbox 1548 3805 1648 3880; x_wconf 82' lang='grc' dir='ltr'>πολλήν</span> <span class='ocrx_word' id='word_1_523' title='bbox 1660 3806 1800 3889; x_wconf 74' lang='grc' dir='ltr'>ἐργάσεται</span> 
     </span>
    </p>

    <p class='ocr_par' dir='ltr' id='par_1_6' title="bbox 992 3902 1214 3983">
     <span class='ocr_line' id='line_1_38' title="bbox 992 3902 1214 3983; baseline -0.009 -20"><span class='ocrx_word' id='word_1_524' title='bbox 992 3903 1075 3983; x_wconf 52' lang='grc' dir='ltr'>,τήν</span> <span class='ocrx_word' id='word_1_525' title='bbox 1088 3902 1214 3983; x_wconf 86' lang='grc' dir='ltr'>γαλήνην.</span> 
     </span>
    </p>

    <p class='ocr_par' dir='ltr' id='par_1_7' title="bbox 225 3991 1802 4818">
     <span class='ocr_line' id='line_1_39' title="bbox 265 3991 1799 4084; baseline -0.005 -22"><span class='ocrx_word' id='word_1_526' title='bbox 265 4003 293 4062; x_wconf 73' lang='grc' dir='ltr'>ί.</span> <span class='ocrx_word' id='word_1_527' title='bbox 305 4001 351 4061; x_wconf 89' lang='lat' dir='ltr'>Sic</span> <span class='ocrx_word' id='word_1_528' title='bbox 365 3999 511 4084; x_wconf 89' lang='lat' dir='ltr'>comparati</span> <span class='ocrx_word' id='word_1_529' title='bbox 524 3998 559 4060; x_wconf 91' lang='lat' dir='ltr'>ad</span> <span class='ocrx_word' id='word_1_530' title='bbox 570 4013 724 4080; x_wconf 90' lang='lat' dir='ltr'>sequentem</span> <span class='ocrx_word' id='word_1_531' title='bbox 735 3997 854 4058; x_wconf 86' lang='lat' dir='ltr'>accedite</span> <span class='ocrx_word' id='word_1_532' title='bbox 866 3997 970 4059; x_wconf 90' lang='lat' dir='ltr'>concio-</span> <span class='ocrx_word' id='word_1_533' title='bbox 989 3998 1010 4045; x_wconf 73' lang='grc' dir='ltr'><strong>Α</strong></span> <span class='ocrx_word' id='word_1_534' title='bbox 1067 3995 1319 4063; x_wconf 83' lang='grc' dir='ltr'>Κατασκευάσαντες</span> <span class='ocrx_word' id='word_1_535' title='bbox 1326 3992 1410 4054; x_wconf 91' lang='grc' dir='ltr'>τοίνυν</span> <span class='ocrx_word' id='word_1_536' title='bbox 1422 3991 1528 4061; x_wconf 76' lang='grc' dir='ltr'>ἑαυτούς</span> <span class='ocrx_word' id='word_1_537' title='bbox 1538 3992 1635 4066; x_wconf 70' lang='grc' dir='ltr'>οὕτως,</span> <span class='ocrx_word' id='word_1_538' title='bbox 1645 3995 1678 4072; x_wconf 82' lang='grc' dir='ltr'>τῇ</span> <span class='ocrx_word' id='word_1_539' title='bbox 1690 3994 1799 4077; x_wconf 76' lang='grc' dir='ltr'>ἕπιούση</span> 
     </span>
     <span class='ocr_line' id='line_1_40' title="bbox 225 4085 1800 4174; baseline -0.004 -21"><span class='ocrx_word' id='word_1_540' title='bbox 225 4116 298 4167; x_wconf 84' lang='grc' dir='ltr'>ιιειιι,</span> <span class='ocrx_word' id='word_1_541' title='bbox 320 4093 343 4152; x_wconf 90' lang='lat' dir='ltr'>si</span> <span class='ocrx_word' id='word_1_542' title='bbox 360 4107 447 4155; x_wconf 84' lang='lat' dir='ltr'>tamen</span> <span class='ocrx_word' id='word_1_543' title='bbox 462 4091 577 4174; x_wconf 83' lang='lat' dir='ltr'>cupiatis</span> <span class='ocrx_word' id='word_1_544' title='bbox 589 4092 656 4152; x_wconf 89' lang='lat' dir='ltr'>utile</span> <span class='ocrx_word' id='word_1_545' title='bbox 672 4090 813 4172; x_wconf 88' lang='lat' dir='ltr'>quidpiam</span> <span class='ocrx_word' id='word_1_546' title='bbox 828 4089 931 4167; x_wconf 86' lang='lat' dir='ltr'>audire,</span> <span class='ocrx_word' id='word_1_547' title='bbox 945 4104 971 4151; x_wconf 92' lang='lat' dir='ltr'>et</span> <span class='ocrx_word' id='word_1_548' title='bbox 1025 4087 1205 4173; x_wconf 77' lang='grc' dir='ltr'>παραγένεσθε</span> <span class='ocrx_word' id='word_1_549' title='bbox 1217 4092 1250 4168; x_wconf 85' lang='grc' dir='ltr'>τῇ</span> <span class='ocrx_word' id='word_1_550' title='bbox 1263 4085 1404 4169; x_wconf 68' lang='grc' dir='ltr'>ἐκκλησίᾳ,</span> <span class='ocrx_word' id='word_1_551' title='bbox 1420 4085 1444 4145; x_wconf 90' lang='grc' dir='ltr'>εί</span> <span class='ocrx_word' id='word_1_552' title='bbox 1456 4110 1487 4165; x_wconf 85' lang='grc' dir='ltr'>γε</span> <span class='ocrx_word' id='word_1_553' title='bbox 1502 4087 1725 4168; x_wconf 86' lang='grc' dir='ltr'>περισπούδαστον</span> <span class='ocrx_word' id='word_1_554' title='bbox 1736 4091 1800 4166; x_wconf 82' lang='grc' dir='ltr'>ύμῖν</span> 
     </span>
     <span class='ocr_line' id='line_1_41' title="bbox 225 4177 1801 4266; baseline -0.003 -23"><span class='ocrx_word' id='word_1_555' title='bbox 225 4184 253 4244; x_wconf 90' lang='lat' dir='ltr'>in</span> <span class='ocrx_word' id='word_1_556' title='bbox 269 4199 357 4244; x_wconf 90' lang='lat' dir='ltr'>mente</span> <span class='ocrx_word' id='word_1_557' title='bbox 379 4206 512 4266; x_wconf 87' lang='lat' dir='ltr'>reponere.</span> <span class='ocrx_word' id='word_1_558' title='bbox 538 4186 624 4244; x_wconf 88' lang='lat' dir='ltr'>Nemo</span> <span class='ocrx_word' id='word_1_559' title='bbox 644 4183 680 4243; x_wconf 91' lang='lat' dir='ltr'>sit</span> <span class='ocrx_word' id='word_1_560' title='bbox 700 4183 755 4257; x_wconf 91' lang='lat' dir='ltr'>via,</span> <span class='ocrx_word' id='word_1_561' title='bbox 779 4181 857 4242; x_wconf 84' lang='lat' dir='ltr'>nemo</span> <span class='ocrx_word' id='word_1_562' title='bbox 877 4197 970 4265; x_wconf 87' lang='lat' dir='ltr'>petra,</span> <span class='ocrx_word' id='word_1_563' title='bbox 1025 4205 1052 4241; x_wconf 90' lang='grc' dir='ltr'>τι</span> <span class='ocrx_word' id='word_1_564' title='bbox 1064 4184 1117 4240; x_wconf 83' lang='grc' dir='ltr'>τῶν</span> <span class='ocrx_word' id='word_1_565' title='bbox 1128 4177 1268 4262; x_wconf 87' lang='grc' dir='ltr'>χρησίμων</span> <span class='ocrx_word' id='word_1_566' title='bbox 1283 4181 1395 4239; x_wconf 79' lang='grc' dir='ltr'>ἀκοῦσαι</span> <span class='ocrx_word' id='word_1_567' title='bbox 1408 4177 1455 4237; x_wconf 81' lang='grc' dir='ltr'>καλ</span> <span class='ocrx_word' id='word_1_568' title='bbox 1468 4177 1658 4239; x_wconf 82' lang='grc' dir='ltr'>Ιἐναποθίσθαι</span> <span class='ocrx_word' id='word_1_569' title='bbox 1670 4177 1704 4237; x_wconf 80' lang='lat' dir='ltr'>ed</span> <span class='ocrx_word' id='word_1_570' title='bbox 1719 4179 1801 4260; x_wconf 82' lang='grc' dir='ltr'>λεγό-</span> 
     </span>
     <span class='ocr_line' id='line_1_42' title="bbox 225 4269 1802 4358; baseline -0.005 -22"><span class='ocrx_word' id='word_1_571' title='bbox 225 4298 303 4336; x_wconf 88' lang='lat' dir='ltr'>nemo</span> <span class='ocrx_word' id='word_1_572' title='bbox 314 4277 398 4358; x_wconf 88' lang='lat' dir='ltr'>spinis</span> <span class='ocrx_word' id='word_1_573' title='bbox 411 4278 537 4358; x_wconf 86' lang='lat' dir='ltr'>repletus.</span> <span class='ocrx_word' id='word_1_574' title='bbox 548 4277 691 4337; x_wconf 85' lang='lat' dir='ltr'>Faciamus</span> <span class='ocrx_word' id='word_1_575' title='bbox 703 4275 834 4356; x_wconf 88' lang='lat' dir='ltr'>nosipsos</span> <span class='ocrx_word' id='word_1_576' title='bbox 845 4276 970 4336; x_wconf 87' lang='lat' dir='ltr'>novales:</span> <span class='ocrx_word' id='word_1_577' title='bbox 1027 4277 1136 4353; x_wconf 80' lang='grc' dir='ltr'>μενστῇ</span> <span class='ocrx_word' id='word_1_578' title='bbox 1151 4274 1234 4352; x_wconf 83' lang='grc' dir='ltr'>ψυχῇ.</span> <span class='ocrx_word' id='word_1_579' title='bbox 1250 4270 1350 4344; x_wconf 81' lang='grc' dir='ltr'>Μηδεὶς</span> <span class='ocrx_word' id='word_1_580' title='bbox 1361 4271 1418 4338; x_wconf 82' lang='grc' dir='ltr'>δδδς</span> <span class='ocrx_word' id='word_1_581' title='bbox 1432 4269 1514 4343; x_wconf 74' lang='grc' dir='ltr'>ἔστω,</span> <span class='ocrx_word' id='word_1_582' title='bbox 1529 4270 1621 4348; x_wconf 84' lang='grc' dir='ltr'>μηδεὶς</span> <span class='ocrx_word' id='word_1_583' title='bbox 1633 4269 1732 4352; x_wconf 89' lang='grc' dir='ltr'>πίτρα,</span> <span class='ocrx_word' id='word_1_584' title='bbox 1749 4295 1802 4349; x_wconf 89' lang='grc' dir='ltr'>μη-</span> 
     </span>
     <span class='ocr_line' id='line_1_43' title="bbox 225 4362 1802 4450; baseline -0.004 -21"><span class='ocrx_word' id='word_1_585' title='bbox 225 4369 317 4448; x_wconf 89' lang='lat' dir='ltr'>sicque</span> <span class='ocrx_word' id='word_1_586' title='bbox 331 4368 427 4427; x_wconf 88' lang='lat' dir='ltr'>libenti</span> <span class='ocrx_word' id='word_1_587' title='bbox 447 4369 538 4429; x_wconf 90' lang='lat' dir='ltr'>auimo</span> <span class='ocrx_word' id='word_1_588' title='bbox 561 4369 662 4429; x_wconf 90' lang='lat' dir='ltr'>semina</span> <span class='ocrx_word' id='word_1_589' title='bbox 680 4367 825 4450; x_wconf 87' lang='lat' dir='ltr'>jaciemus,</span> <span class='ocrx_word' id='word_1_590' title='bbox 840 4367 862 4428; x_wconf 97' lang='lat' dir='ltr'>si</span> <span class='ocrx_word' id='word_1_591' title='bbox 877 4389 971 4450; x_wconf 87' lang='lat' dir='ltr'>nempe</span> <span class='ocrx_word' id='word_1_592' title='bbox 1027 4367 1078 4435; x_wconf 83' lang='grc' dir='ltr'>δεὶς</span> <span class='ocrx_word' id='word_1_593' title='bbox 1102 4367 1222 4425; x_wconf 77' lang='grc' dir='ltr'>ἀκανθῶν</span> <span class='ocrx_word' id='word_1_594' title='bbox 1248 4363 1464 4449; x_wconf 78' lang='grc' dir='ltr'>πεπληρωμένος.</span> <span class='ocrx_word' id='word_1_595' title='bbox 1500 4362 1662 4441; x_wconf 70' lang='grc' dir='ltr'>Ποιήσωμεν</span> <span class='ocrx_word' id='word_1_596' title='bbox 1694 4362 1802 4432; x_wconf 80' lang='grc' dir='ltr'>ἐσιντσδς</span> 
     </span>
     <span class='ocr_line' id='line_1_44' title="bbox 225 4452 1801 4544; baseline -0.004 -22"><span class='ocrx_word' id='word_1_597' title='bbox 225 4475 324 4522; x_wconf 87' lang='lat' dir='ltr'>terram</span> <span class='ocrx_word' id='word_1_598' title='bbox 347 4483 444 4543; x_wconf 91' lang='lat' dir='ltr'>puram</span> <span class='ocrx_word' id='word_1_599' title='bbox 459 4460 617 4538; x_wconf 87' lang='lat' dir='ltr'>videamus;</span> <span class='ocrx_word' id='word_1_600' title='bbox 633 4463 674 4522; x_wconf 91' lang='lat' dir='ltr'>sin</span> <span class='ocrx_word' id='word_1_601' title='bbox 694 4476 785 4522; x_wconf 87' lang='lat' dir='ltr'>eontra</span> <span class='ocrx_word' id='word_1_602' title='bbox 799 4476 933 4544; x_wconf 88' lang='lat' dir='ltr'>petrosam</span> <span class='ocrx_word' id='word_1_603' title='bbox 945 4477 972 4522; x_wconf 92' lang='lat' dir='ltr'>et</span> <span class='ocrx_word' id='word_1_604' title='bbox 1024 4458 1167 4538; x_wconf 84' lang='grc' dir='ltr'>νεύματα·</span> <span class='ocrx_word' id='word_1_605' title='bbox 1182 4455 1251 4517; x_wconf 73' lang='grc' dir='ltr'>οὕτω</span> <span class='ocrx_word' id='word_1_606' title='bbox 1272 4456 1324 4539; x_wconf 83' lang='grc' dir='ltr'>γδρ</span> <span class='ocrx_word' id='word_1_607' title='bbox 1345 4456 1392 4516; x_wconf 80' lang='grc' dir='ltr'>καί</span> <span class='ocrx_word' id='word_1_608' title='bbox 1411 4462 1488 4535; x_wconf 86' lang='grc' dir='ltr'>ήμεϊς</span> <span class='ocrx_word' id='word_1_609' title='bbox 1509 4452 1576 4534; x_wconf 75' lang='grc' dir='ltr'>μετά</span> <span class='ocrx_word' id='word_1_610' title='bbox 1598 4454 1747 4536; x_wconf 89' lang='grc' dir='ltr'>προθυμίας</span> <span class='ocrx_word' id='word_1_611' title='bbox 1765 4453 1801 4515; x_wconf 74' lang='grc' dir='ltr'>τά</span> 
     </span>
     <span class='ocr_line' id='line_1_45' title="bbox 225 4545 1802 4638; baseline -0.004 -24"><span class='ocrx_word' id='word_1_612' title='bbox 225 4576 357 4638; x_wconf 89' lang='lat' dir='ltr'>asperam,</span> <span class='ocrx_word' id='word_1_613' title='bbox 383 4553 512 4633; x_wconf 88' lang='lat' dir='ltr'>ignoscite</span> <span class='ocrx_word' id='word_1_614' title='bbox 527 4554 550 4613; x_wconf 91' lang='lat' dir='ltr'>si</span> <span class='ocrx_word' id='word_1_615' title='bbox 567 4554 684 4614; x_wconf 84' lang='lat' dir='ltr'>nolimus</span> <span class='ocrx_word' id='word_1_616' title='bbox 706 4554 806 4615; x_wconf 78' lang='lat' dir='ltr'>frustra</span> <span class='ocrx_word' id='word_1_617' title='bbox 828 4554 967 4614; x_wconf 86' lang='lat' dir='ltr'>laborare:</span> <span class='ocrx_word' id='word_1_618' title='bbox 1026 4551 1168 4635; x_wconf 75' lang='grc' dir='ltr'>σπέρματα</span> <span class='ocrx_word' id='word_1_619' title='bbox 1185 4548 1397 4628; x_wconf 76' lang='grc' dir='ltr'>καταύαλοῦμεν,</span> <span class='ocrx_word' id='word_1_620' title='bbox 1409 4547 1455 4608; x_wconf 73' lang='lat' dir='ltr'>tio</span> <span class='ocrx_word' id='word_1_621' title='bbox 1466 4546 1564 4626; x_wconf 86' lang='grc' dir='ltr'>ίδωμεν</span> <span class='ocrx_word' id='word_1_622' title='bbox 1582 4545 1631 4619; x_wconf 83' lang='grc' dir='ltr'>τῆν</span> <span class='ocrx_word' id='word_1_623' title='bbox 1652 4551 1702 4626; x_wconf 94' lang='grc' dir='ltr'>γῆν</span> <span class='ocrx_word' id='word_1_624' title='bbox 1717 4552 1802 4607; x_wconf 90' lang='grc' dir='ltr'>καθα-</span> 
     </span>
     <span class='ocr_line' id='line_1_46' title="bbox 226 4637 1801 4729; baseline -0.005 -22"><span class='ocrx_word' id='word_1_625' title='bbox 226 4669 289 4707; x_wconf 90' lang='lat' dir='ltr'>uam</span> <span class='ocrx_word' id='word_1_626' title='bbox 308 4647 329 4707; x_wconf 93' lang='lat' dir='ltr'>si</span> <span class='ocrx_word' id='word_1_627' title='bbox 346 4669 363 4707; x_wconf 87' lang='lat' dir='ltr'>a</span> <span class='ocrx_word' id='word_1_628' title='bbox 378 4646 486 4706; x_wconf 81' lang='lat' dir='ltr'>ferendo</span> <span class='ocrx_word' id='word_1_629' title='bbox 507 4645 674 4725; x_wconf 88' lang='lat' dir='ltr'>desistentes,</span> <span class='ocrx_word' id='word_1_630' title='bbox 700 4646 859 4729; x_wconf 86' lang='lat' dir='ltr'>ooeperimus</span> <span class='ocrx_word' id='word_1_631' title='bbox 880 4645 971 4729; x_wconf 87' lang='lat' dir='ltr'>spinas</span> <span class='ocrx_word' id='word_1_632' title='bbox 1027 4645 1089 4729; x_wconf 86' lang='grc' dir='ltr'>φάν·</span> <span class='ocrx_word' id='word_1_633' title='bbox 1104 4643 1149 4705; x_wconf 80' lang='grc' dir='ltr'>ἐδιν</span> <span class='ocrx_word' id='word_1_634' title='bbox 1169 4642 1197 4704; x_wconf 80' lang='grc' dir='ltr'>δὲ</span> <span class='ocrx_word' id='word_1_635' title='bbox 1215 4640 1313 4714; x_wconf 82' lang='grc' dir='ltr'>λιθώδη</span> <span class='ocrx_word' id='word_1_636' title='bbox 1326 4640 1372 4701; x_wconf 83' lang='grc' dir='ltr'>καί</span> <span class='ocrx_word' id='word_1_637' title='bbox 1384 4649 1521 4722; x_wconf 85' lang='grc' dir='ltr'>τραχεῖαν,</span> <span class='ocrx_word' id='word_1_638' title='bbox 1537 4637 1670 4719; x_wconf 72' lang='grc' dir='ltr'>σύγγνωτε</span> <span class='ocrx_word' id='word_1_639' title='bbox 1685 4638 1722 4717; x_wconf 79' lang='grc' dir='ltr'>μή</span> <span class='ocrx_word' id='word_1_640' title='bbox 1734 4643 1801 4717; x_wconf 85' lang='grc' dir='ltr'>βου-</span> 
     </span>
     <span class='ocr_line' id='line_1_47' title="bbox 225 4730 1801 4818; baseline -0.005 -18"><span class='ocrx_word' id='word_1_641' title='bbox 225 4740 347 4817; x_wconf 87' lang='lat' dir='ltr'>evellere,</span> <span class='ocrx_word' id='word_1_642' title='bbox 356 4754 419 4799; x_wconf 93' lang='lat' dir='ltr'>tunc</span> <span class='ocrx_word' id='word_1_643' title='bbox 427 4752 553 4799; x_wconf 74' lang='lat' dir='ltr'>extremae</span> <span class='ocrx_word' id='word_1_644' title='bbox 562 4737 775 4798; x_wconf 88' lang='lat' dir='ltr'>dementiaeesset</span> <span class='ocrx_word' id='word_1_645' title='bbox 783 4737 812 4797; x_wconf 90' lang='lat' dir='ltr'>iu</span> <span class='ocrx_word' id='word_1_646' title='bbox 820 4751 919 4798; x_wconf 90' lang='lat' dir='ltr'>terram</span> <span class='ocrx_word' id='word_1_647' title='bbox 929 4738 970 4797; x_wconf 91' lang='lat' dir='ltr'>in·</span> <span class='ocrx_word' id='word_1_648' title='bbox 1025 4735 1145 4818; x_wconf 82' lang='grc' dir='ltr'>λομίνοις</span> <span class='ocrx_word' id='word_1_649' title='bbox 1160 4738 1217 4816; x_wconf 83' lang='grc' dir='ltr'>εἰκῇ</span> <span class='ocrx_word' id='word_1_650' title='bbox 1239 4738 1387 4795; x_wconf 85' lang='grc' dir='ltr'>πονεῖσθαι·</span> <span class='ocrx_word' id='word_1_651' title='bbox 1404 4734 1428 4792; x_wconf 89' lang='grc' dir='ltr'>εί</span> <span class='ocrx_word' id='word_1_652' title='bbox 1452 4730 1505 4812; x_wconf 76' lang='grc' dir='ltr'>γὰρ</span> <span class='ocrx_word' id='word_1_653' title='bbox 1527 4732 1558 4792; x_wconf 91' lang='grc' dir='ltr'>τδ</span> <span class='ocrx_word' id='word_1_654' title='bbox 1579 4731 1695 4815; x_wconf 90' lang='grc' dir='ltr'>σπείρειν</span> <span class='ocrx_word' id='word_1_655' title='bbox 1718 4731 1801 4811; x_wconf 82' lang='grc' dir='ltr'>ἀφέν-</span> 
     </span>
    </p>
   </div>
   <div class='ocr_carea' id='block_1_4' title="bbox 196 4928 1803 5321">
    <p class='ocr_par' dir='ltr' id='par_1_8' title="bbox 196 4928 1803 5321">
     <span class='ocr_line' id='line_1_48' title="bbox 196 4928 1803 5010; baseline -0.005 -21"><span class='ocrx_word' id='word_1_656' title='bbox 196 4943 200 4950; x_wconf 92' lang='grc'><strong><em>’</em></strong></span> <span class='ocrx_word' id='word_1_657' title='bbox 259 4941 272 4980; x_wconf 85' lang='lat' dir='ltr'>b</span> <span class='ocrx_word' id='word_1_658' title='bbox 290 4937 408 4991; x_wconf 63' lang='grc' dir='ltr'>δίε-πάνυ</span> <span class='ocrx_word' id='word_1_659' title='bbox 421 4935 591 5004; x_wconf 73' lang='lat' dir='ltr'>[etcodros]</span> <span class='ocrx_word' id='word_1_660' title='bbox 599 4943 623 4990; x_wconf 78' lang='grc' dir='ltr'>οῦ</span> <span class='ocrx_word' id='word_1_661' title='bbox 631 4945 711 5010; x_wconf 81' lang='grc' dir='ltr'>φυσικὰ</span> <span class='ocrx_word' id='word_1_662' title='bbox 720 4945 759 5003; x_wconf 81' lang='grc' dir='ltr'>τά,</span> <span class='ocrx_word' id='word_1_663' title='bbox 770 4953 821 4988; x_wconf 90' lang='lat' dir='ltr'>non</span> <span class='ocrx_word' id='word_1_664' title='bbox 829 4934 903 4988; x_wconf 88' lang='lat' dir='ltr'>male.</span> <span class='ocrx_word' id='word_1_665' title='bbox 915 4935 987 4988; x_wconf 88' lang='lat' dir='ltr'>Idem</span> <span class='ocrx_word' id='word_1_666' title='bbox 1037 4946 1076 4987; x_wconf 89' lang='lat' dir='ltr'>est</span> <span class='ocrx_word' id='word_1_667' title='bbox 1093 4950 1161 4986; x_wconf 86' lang='lat' dir='ltr'>anno</span> <span class='ocrx_word' id='word_1_668' title='bbox 1181 4934 1259 4998; x_wconf 75' lang='lat'><strong>⁴0⁷2,</strong></span> <span class='ocrx_word' id='word_1_669' title='bbox 1273 4942 1302 4982; x_wconf 91' lang='lat' dir='ltr'>ut</span> <span class='ocrx_word' id='word_1_670' title='bbox 1319 4932 1345 4981; x_wconf 87' lang='lat' dir='ltr'>in</span> <span class='ocrx_word' id='word_1_671' title='bbox 1363 4941 1425 4983; x_wconf 87' lang='lat' dir='ltr'>nota</span> <span class='ocrx_word' id='word_1_672' title='bbox 1444 4928 1555 5000; x_wconf 86' lang='lat' dir='ltr'>quadam</span> <span class='ocrx_word' id='word_1_673' title='bbox 1572 4930 1660 4994; x_wconf 86' lang='lat' dir='ltr'>fertur,</span> <span class='ocrx_word' id='word_1_674' title='bbox 1673 4942 1803 5000; x_wconf 69' lang='grc' dir='ltr'>ποιήσωμεν</span> 
     </span>
     <span class='ocr_line' id='line_1_49' title="bbox 225 5007 1802 5090; baseline 0 -27"><span class='ocrx_word' id='word_1_675' title='bbox 225 5017 300 5084; x_wconf 76' lang='lat' dir='ltr'>paulo</span> <span class='ocrx_word' id='word_1_676' title='bbox 311 5031 370 5084; x_wconf 71' lang='lat' dir='ltr'>post</span> <span class='ocrx_word' id='word_1_677' title='bbox 381 5025 419 5071; x_wconf 69' lang='lat' dir='ltr'>ido</span> <span class='ocrx_word' id='word_1_678' title='bbox 430 5027 475 5090; x_wconf 66' lang='lat'>7⁶5⁰</span> <span class='ocrx_word' id='word_1_679' title='bbox 488 5024 577 5077; x_wconf 64' lang='grc' dir='ltr'>θέλητε.</span> <span class='ocrx_word' id='word_1_680' title='bbox 1037 5017 1130 5072; x_wconf 85' lang='grc' dir='ltr'>ίαυτοῦς</span> <span class='ocrx_word' id='word_1_681' title='bbox 1141 5023 1257 5079; x_wconf 70' lang='lat' dir='ltr'>stupae«.</span> <span class='ocrx_word' id='word_1_682' title='bbox 1270 5011 1327 5061; x_wconf 80' lang='lat' dir='ltr'>Hoc</span> <span class='ocrx_word' id='word_1_683' title='bbox 1338 5007 1416 5062; x_wconf 90' lang='lat' dir='ltr'>modo</span> <span class='ocrx_word' id='word_1_684' title='bbox 1427 5009 1602 5077; x_wconf 86' lang='lat' dir='ltr'>suspicabatur</span> <span class='ocrx_word' id='word_1_685' title='bbox 1611 5007 1743 5077; x_wconf 82' lang='lat' dir='ltr'>legendum</span> <span class='ocrx_word' id='word_1_686' title='bbox 1755 5011 1802 5063; x_wconf 80' lang='lat' dir='ltr'>sa-</span> 
     </span>
     <span class='ocr_line' id='line_1_50' title="bbox 258 5088 1802 5159; baseline 0.005 -20"><span class='ocrx_word' id='word_1_687' title='bbox 258 5106 268 5126; x_wconf 63' lang='lat' dir='ltr'>r</span> <span class='ocrx_word' id='word_1_688' title='bbox 285 5095 330 5145; x_wconf 71' lang='lat' dir='ltr'>Alii</span> <span class='ocrx_word' id='word_1_689' title='bbox 343 5106 515 5159; x_wconf 58' lang='grc' dir='ltr'>Μασημάςη,</span> <span class='ocrx_word' id='word_1_690' title='bbox 1037 5092 1121 5155; x_wconf 85' lang='lat' dir='ltr'>vilius,</span> <span class='ocrx_word' id='word_1_691' title='bbox 1135 5102 1161 5142; x_wconf 89' lang='lat' dir='ltr'>et</span> <span class='ocrx_word' id='word_1_692' title='bbox 1172 5102 1239 5141; x_wconf 85' lang='lat' dir='ltr'>recte</span> <span class='ocrx_word' id='word_1_693' title='bbox 1258 5088 1378 5158; x_wconf 63' lang='lat' dir='ltr'>quidemq</span> <span class='ocrx_word' id='word_1_694' title='bbox 1391 5108 1450 5142; x_wconf 85' lang='lat' dir='ltr'>nam</span> <span class='ocrx_word' id='word_1_695' title='bbox 1462 5108 1537 5158; x_wconf 82' lang='lat' dir='ltr'>supra</span> <span class='ocrx_word' id='word_1_696' title='bbox 1549 5090 1638 5158; x_wconf 81' lang='lat' dir='ltr'>iegitur</span> <span class='ocrx_word' id='word_1_697' title='bbox 1654 5095 1733 5158; x_wconf 78' lang='grc' dir='ltr'>μηδεὶς</span> <span class='ocrx_word' id='word_1_698' title='bbox 1752 5097 1802 5152; x_wconf 67' lang='lat' dir='ltr'>ties</span> 
     </span>
     <span class='ocr_line' id='line_1_51' title="bbox 258 5169 1288 5240; baseline 0.008 -17"><span class='ocrx_word' id='word_1_699' title='bbox 258 5176 268 5205; x_wconf 65' lang='grc' dir='ltr'>ί</span> <span class='ocrx_word' id='word_1_700' title='bbox 286 5172 396 5237; x_wconf 86' lang='lat' dir='ltr'>Quidum</span> <span class='ocrx_word' id='word_1_701' title='bbox 409 5171 610 5239; x_wconf 60' lang='lat' dir='ltr'>wrtoetu.[1‘uuto</span> <span class='ocrx_word' id='word_1_702' title='bbox 623 5185 681 5223; x_wconf 79' lang='lat' dir='ltr'>aitte</span> <span class='ocrx_word' id='word_1_703' title='bbox 694 5170 797 5238; x_wconf 82' lang='lat' dir='ltr'>quidum</span> <span class='ocrx_word' id='word_1_704' title='bbox 809 5175 987 5240; x_wconf 59' lang='grc' dir='ltr'>πλευσοὺμιθκι]</span> <span class='ocrx_word' id='word_1_705' title='bbox 1037 5179 1102 5227; x_wconf 72' lang='grc' dir='ltr'>ἴστω.</span> <span class='ocrx_word' id='word_1_706' title='bbox 1114 5169 1183 5222; x_wconf 84' lang='lat' dir='ltr'>Editi</span> <span class='ocrx_word' id='word_1_707' title='bbox 1195 5175 1288 5230; x_wconf 65' lang='lat' dir='ltr'>tantors</span> 
     </span>
     <span class='ocr_line' id='line_1_52' title="bbox 259 5249 987 5321; baseline 0 -19"><span class='ocrx_word' id='word_1_708' title='bbox 259 5275 269 5295; x_wconf 72' lang='grc' dir='ltr'>ν</span> <span class='ocrx_word' id='word_1_709' title='bbox 290 5252 334 5303; x_wconf 74' lang='lat' dir='ltr'>atii</span> <span class='ocrx_word' id='word_1_710' title='bbox 354 5251 569 5307; x_wconf 71' lang='grc' dir='ltr'>ἀποθέσθαιΡυιιίο</span> <span class='ocrx_word' id='word_1_711' title='bbox 580 5264 637 5318; x_wconf 89' lang='lat' dir='ltr'>post</span> <span class='ocrx_word' id='word_1_712' title='bbox 654 5249 810 5303; x_wconf 78' lang='lat' dir='ltr'>uturrsCodex</span> <span class='ocrx_word' id='word_1_713' title='bbox 823 5254 867 5321; x_wconf 89' lang='lat' dir='ltr'>qui</span> <span class='ocrx_word' id='word_1_714' title='bbox 879 5250 987 5317; x_wconf 87' lang='lat' dir='ltr'>scriptus</span> 
     </span>
    </p>
   </div>
   <div class='ocr_carea' id='block_1_5' title="bbox 0 0 1885 5940">
    <p class='ocr_par' dir='ltr' id='par_1_9' title="bbox 0 0 1885 5940">
     <span class='ocr_line' id='line_1_53' title="bbox 0 0 1885 5940; baseline 0 0"><span class='ocrx_word' id='word_1_715' title='bbox 0 0 1885 5940; x_wconf 95' lang='lat' dir='ltr'> </span> 
     </span>
    </p>
   </div>
  </div>
 </body>
</html>
