3750 5940
743 400 775 448 ru
805 399 931 449 riscus
957 401 1006 448 νι.
1587 377 1660 474 959

131 526 181 586 Ἐν
192 523 263 603 οίκίρ
272 532 322 604 μιᾷ
337 522 516 604 βρωθήσεται,
529 524 575 584 καί
589 523 639 593 ἔξω
652 528 705 584 τῶν
719 528 803 603 κρεῶν
817 527 863 584 οὐκ
957 524 987 582 ἐ.
1010 526 1048 582 In
1057 544 1118 583 ιιιισ
1127 525 1397 601 ςίοιιιορυιιιειέαίιιν,
1408 538 1436 583 et
1446 537 1530 584 extra
1541 544 1660 584 carnem

80 604 213 674 ἀξοίσιτε.
227 602 285 665 Μία
299 603 351 683 γάρ
361 606 432 663 ἐστιν
446 603 633 706 ἡμυναγωγὴ,
643 605 690 664 καί
702 602 753 758 μία
764 601 862 701 ἐστίνρὴ
918 604 1101 684 nonferetis.
1123 605 1184 665 Uua
1203 603 1249 697 qui
1271 618 1356 696 peest
1379 625 1526 684 synogoga,
1541 624 1594 662 une
1612 604 1661 694 do·

81 682 639 844 Σὲάιιὶιῖίσῖἑζῖάιιίέιιῗῖλη“ίθ’
652 686 728 826 ἐστι
743 684 864 833 {llll}
916 683 1232 854 sustiterunt
1246 683 1659 842 ttttttttttttt‘tttltt

114 853 157 912 ιάς
167 842 251 921 οἰκίας
261 788 423 914 ’Χκκλησίας
436 843 469 903 τά
483 868 501 903 κ
518 843 549 903 ἐα
558 846 605 904 οὐκ
614 843 815 917 ἐκόληθίσεται.
829 842 864 903 ‘0
917 840 1065 901 Eoclesram
1077 863 1169 933 carues
1183 864 1237 902 non
1251 843 1402 922 ejicientur.
1418 843 1473 915 Qui
1488 855 1579 902 autem
1592 843 1658 902 alibi

83 867 251 1011 δίάλλαχοῦ
266 921 371 993 ἐσθίων,
381 926 417 991 ὡς
433 867 531 995 ἀσεόλς
544 925 589 983 καί
605 922 721 995 κλέπτης
730 923 861 996 κολασθή-
916 921 1042 995 comedit,
1054 936 1085 982 ut
1100 922 1200 1004 impius
1213 937 1239 981 et
1249 925 1294 981 sur
1303 923 1442 1013 plectetur.
1458 925 1518 982 lex
1533 944 1594 983 rena
1604 927 1659 984 erit

82 1027 177 1063 σεται.
190 1002 279 1080 θόμος
290 993 328 1070 εἶς
343 1001 417 1062 ἔσται
433 1007 472 1082 τῷ
486 1003 613 1086 ἐλευθέρῳ
627 1003 673 1062 καί
690 1002 861 1087 προσηλότιρ.
917 1000 1008 1060 libero
1030 1015 1058 1062 et
1072 1004 1234 1082 proselyto.
1255 1003 1311 1063 Ubi
1336 1003 1473 1078 Christus,
1490 1002 1530 1061 ibi
1548 1003 1659 1062 libertas

80 1079 182 1144 Ὅπου
198 1082 322 1164 Χριστδς,
341 1082 474 1163 ἐλευθερία
486 1081 606 1156 πάντων,
625 1084 760 1164 ἰσηγορία,
781 1085 864 1142 ίσονο·
916 1080 1053 1160 omnibus,
1073 1083 1113 1142 ibi
1135 1081 1286 1161 equalitas,
1304 1103 1358 1141 une
1379 1082 1438 1158 lex,
1458 1102 1528 1142 unus
1545 1081 1657 1142 honor:

83 1160 157 1239 μία·
177 1185 207 1221 τι
230 1161 413 1241 ίιρπάντεςή
449 1162 581 1244 ράαθησαν
600 1162 703 1241 αἵματι.
722 1162 774 1222 Διά
788 1169 898 1229 τοῦτσιι
917 1165 1009 1220 omnes
1029 1161 1146 1243 pretioso
1163 1160 1276 1222 redemti
1295 1174 1358 1221 snnt
1378 1161 1515 1241 sanguine.
1530 1160 1593 1252 ldeo
1607 1183 1660 1223 nou

83 1239 182 1301 οθκίτι
201 1187 229 1301 ri
239 1243 348 1313 δοῦλος,
365 1184 453 1301 <rodit
476 1243 616 1317 Ἰουδαῖος,
631 1243 690 1302 ἀλλ’
715 1243 861 1322 ἐλεύθερος·
917 1239 989 1299 ultro
1011 1262 1105 1302 servus
1129 1263 1168 1319 es,
1191 1261 1244 1300 non
1267 1240 1338 1300 ultra
1359 1241 1480 1317 ludaeus,
1499 1240 1547 1301 sod
1569 1241 1659 1301 liber:

82 1319 190 1388 πόντος
206 1319 241 1398 γά
278 1322 306 1378 ἐν
323 1322 432 1402 Χριστῷ
454 1322 598 1424 γεγόναμεν
619 1321 707 1382 ἐλτθθε
751 1320 865 1383 ,Ἄκουε
917 1340 1009 1381 omnes
1032 1321 1104 1380 euim
1125 1322 1154 1380 iu
1170 1321 1278 1381 Christo
1295 1320 1375 1379 liberi
1390 1321 1454 1379 sacti
1474 1341 1576 1380 sumus.
1589 1321 1660 1381 Audi

85 1397 142 1478 μδν
153 1398 204 1479 γὰρ
219 1344 268 1474 δελ,
278 1399 357 1458 άκουε
373 1399 441 1478 μετά
455 1402 515 1469 τοὺς
527 1425 624 1469 τυπους
634 1399 679 1460 καὶ
690 1345 748 1473 elii
752 1402 864 1480 νομικὴν
918 1399 1005 1476 enim,
1019 1400 1084 1459 audi
1103 1414 1164 1481 post
1181 1401 1284 1479 figuras
1301 1415 1327 1460 et
1340 1399 1514 1460 ‹economiam
1531 1400 1661 1479 legalem,

84 1478 256 1558 οἰκονομίαν,
271 1478 311 1547 τίς
331 1479 377 1540 καί
399 1478 468 1553 πόση
491 1481 592 1559 ἡμιτά
613 1481 661 1554 τὴν
680 1487 726 1542 τοῦ
749 1483 866 1561 Χριστοῦ
919 1500 978 1557 qum
992 1493 1018 1538 et
1031 1493 1128 1558 quanta
1146 1480 1181 1540 sit
1194 1481 1341 1540 oeconomia
1352 1493 1416 1571 post
1436 1479 1538 1539 Christi
1555 1478 1661 1542 adven-

85 1558 238 1637 ἐπιδημίαν
253 1558 297 1618 ἐπί
315 1564 375 1637 γῆν.
397 1559 478 1632 Τίςὴ
496 1563 612 1640 Χριστοῦ
635 1559 784 1639 ἐπιδημίας
798 1565 865 1621 Δου-
919 1570 978 1617 tum
992 1558 1019 1617 iu
1034 1573 1141 1619 terram.
1157 1557 1233 1634 Quid
1245 1573 1285 1619 est
1294 1559 1395 1618 Christi
1407 1558 1557 1620 adventus?
1570 1560 1661 1621 Servi·

87 1637 168 1708 λείας
183 1636 320 1718 ἀποφυγὴ,
341 1641 456 1708 παλαιᾶς
470 1640 587 1720 ἀνάγκης
608 1639 764 1720 ἀπαλλαγὴ,
780 1644 867 1700 υίοθε-
920 1637 985 1696 tutis
998 1638 1075 1717 luga,
1089 1661 1105 1697 a
1119 1640 1203 1699 veteri
1217 1638 1371 1699 neoessitato
1388 1639 1522 1718 liberatio,
1538 1639 1590 1698 edo
1611 1641 1661 1699 tio·

88 1715 156 1787 σίας
177 1717 259 1796 τιμὴ,
273 1716 391 1797 ἀφέσεως
413 1719 614 1799 ἁμαρτημάτων
634 1718 724 1800 πηγλ,
738 1720 867 1787 ἀθάνατος
919 1717 961 1776 nis
975 1717 1095 1776 liliorum
1110 1718 1214 1793 honor,
1228 1718 1392 1779 remissionis
1405 1731 1576 1800 peecatorum
1589 1662 1660 1794 liius,

87 1798 200 1870 ἀληθῶς
221 1799 248 1856 ἐν
265 1807 332 1856 πᾶσι
346 1796 412 1870 ζωή.
425 1797 513 1882 Ὁρῶν
533 1804 604 1877 ἡμᾶς
628 1800 726 1859 άνωθτν
748 1800 800 1859 ὑπὸ
819 1803 865 1858 τοῦ
920 1796 1080 1856 immortalis
1093 1818 1155 1858 vere
1168 1799 1195 1857 in
1208 1799 1335 1858 omnibus
1349 1798 1414 1860 vita.
1429 1797 1534 1861 Videns
1554 1819 1602 1876 nos
1615 1820 1661 1859 su-

87 1876 208 1936 θανάτου
228 1876 464 1955 τυραννουμένους,
478 1878 525 1937 καί
539 1881 644 1957 δεσμοῖς
659 1885 756 1960 φθορᾶς
769 1878 866 1957 λυομέ-
919 1897 1002 2013 perne
1013 1876 1065 1935 sub
1075 1878 1169 1938 mortis
1178 1878 1336 1958 tyrannide,
1348 1899 1364 1937 ιι
1378 1877 1558 1958 corruptionis
1567 1879 1663 1939 rincu-

933 1955 953 2014 's
966 1956 1067 2015 solutos
1087 1956 1206 2016 simulet
1219 1956 1333 2038 ligatos,
1347 1958 1375 2017 in
1389 1957 1434 2018 ria
1449 1958 1595 2018 necessaria
1613 1959 1661 2018 ubi

211 1954 219 1975 Ι

219 1978 295 2022 σντας
319 1959 357 2025 είς
377 1956 426 2030 τὴν
451 1957 596 2037 ἀναγκαίαν
611 1959 657 2018 καί
670 1958 865 2039 ἀνυπόστμορσν

85 1960 261 2108 abablio
277 2035 323 2094 καί
348 2035 437 2095 λαθὼν
460 2045 505 2098 τοῦ
531 2036 638 2116 πρώτου
661 2038 816 2116 πλάσματος
838 2042 865 2098 ἐν
918 2034 1024 2114 regredi
1038 2056 1090 2095 non
1101 2050 1252 2116 poteramus
1266 2050 1412 2113 currentes,
1425 2037 1499 2096 veuit
1508 2049 1535 2095 et
1543 2052 1662 2098 assumto

87 2114 203 2191 βουλαῖς
224 2123 381 2194 πατρικαῖς,
396 2119 443 2176 οὐκ
466 2116 600 2196 ἀγγέλοις,
623 2120 671 2178 οὐκ
690 2117 866 2198 ἀρχαγγέλοις
920 2115 1008 2195 primo
1025 2115 1171 2194 figmento,
1188 2138 1251 2175 cum
1264 2115 1386 2196 paternis
1397 2116 1528 2193 consiliio,
1543 2138 1597 2177 nou
1610 2139 1661 2176 en-

85 2190 144 2266 τὴν
159 2192 207 2254 tet
235 2197 311 2271 ἡμῶν
325 2194 490 2276 λειτουργίαν
502 2196 668 2277 ἐνεχείρισεν,
684 2198 742 2256 ἀλλ’
761 2196 865 2265 αὐτόςὸ
919 2194 1004 2271 gelis,
1019 2214 1073 2254 non
1086 2196 1255 2274 archangelis
1265 2194 1444 2255 ministerium
1457 2217 1506 2276 pro
1518 2196 1595 2256 nobis
1608 2211 1662 2256 tra-

118 2269 180 2351 όγος
192 2216 253 2334 olo
265 2272 309 2334 τὸν
324 2277 413 2354 ἀγῶνα
423 2275 467 2335 τὸν
475 2276 541 2357 ὑπὲρ
554 2279 630 2354 ἡμῶν
646 2274 798 2350 ἀνεδέξατο,
807 2301 865 2337 πει·
918 2272 991 2333 didit
995 2297 1005 2352 ς
1020 2274 1068 2334 sed
1083 2275 1173 2366 ipsum
1186 2277 1310 2338 Verbum
1323 2289 1411 2335 totum
1426 2296 1475 2355 pro
1489 2276 1567 2336 nobis
1580 2290 1665 2336 eertu-

85 2350 202 2429 θόρενος
220 2360 278 2420 ταῖς
290 2352 428 2434 πατρῴαις
448 2357 573 2423 ἐντολαῖς.
585 2353 739 2434 ’ἀπροσίτου
750 2354 777 2416 δέ
794 2356 866 2423 ὄντος
920 2375 981 2413 men
996 2368 1124 2446 susooprt,
1139 2354 1258 2435 paternis
1279 2354 1408 2414 obediens
1423 2356 1575 2436 praeoeptis.
1592 2357 1664 2415 Cum

84 2439 149 2499 τοῖς
161 2430 231 2500 δλοις
241 2435 276 2492 ἀιι
302 2433 310 2455 '
327 2456 356 2492 ου
376 2434 445 2494 θείου
468 2434 637 2513 Πνεθματος,
649 2433 693 2495 ίνα
706 2434 744 2514 μὴ
765 2435 866 2504 πάντας
881 2461 900 2508 ρ
920 2447 1020 2493 autem·
1029 2433 1148 2514 Spiritus
1163 2432 1275 2495 divinus
1292 2454 1378 2515 purus
1397 2434 1523 2494 omuibus
1540 2448 1607 2496 esset
1621 2434 1665 2496 iu-

85 2457 677 2595 ουμταθῇ(εἰσλῖάῐςάμιγὲσιτυῦῐίνεθματος
687 2514 866 2593 ἐμόολαῖς,αθ
920 2533 1059 2588 accessus,
1075 2534 1108 2574 ue
1122 2534 1215 2573 omues
1232 2513 1535 2574 incommunicabilibus
1545 2515 1665 2594 Spiritus

85 2588 138 2657 τδς
147 2588 215 2649 ίκὼν
226 2592 319 2651 ἑαυτὸν
333 2591 504 2675 συναθροίσας
513 2595 559 2654 καί
569 2593 734 2674 συναγαγὼν,
746 2602 868 2665 τοσοῦτος
920 2590 1132 2653 immissionibus
1147 2593 1276 2671 afficeret,
1291 2592 1378 2653 libens
1396 2593 1455 2673 ipse
1471 2594 1590 2674 seipsum
1610 2594 1665 2654 eol·

84 2658 184 2742 ἦλθαν,
202 2669 261 2737 ὅσος
273 2671 412 2744 ἠθέλησεν,
426 2674 455 2733 οὐ
472 2673 626 2752 μειοθμενος
645 2676 672 2735 ἐν
690 2677 794 2754 ἐαυτῷ,
806 2674 866 2734 otu
919 2670 1021 2751 ligem,
1037 2683 1127 2734 tentus
1149 2672 1241 2748 venit,
1252 2686 1370 2751 quantus
1387 2672 1486 2747 voluit,
1502 2668 1556 2734 nou
1574 2673 1666 2733 immi·

84 2747 296 2827 ἐλαττούμενος,
311 2751 369 2810 οὐδὲ
382 2757 415 2832 τῇ
429 2751 491 2824 δόὶη
506 2752 717 2832 δαπανοόμανος,
731 2754 866 2833 δυνάμεως
920 2764 1001 2812 nutus
1016 2752 1042 2810 in
1056 2751 1214 2832 semetipso,
1226 2772 1312 2830 neque
1325 2773 1341 2810 a
1355 2751 1441 2830 glorio
1451 2751 1603 2830 absumus,
1618 2752 1667 2813 sod

85 2825 121 2888 ὃί
136 2851 192 2888 πατ
217 2827 225 2850 ’
249 2853 262 2896 ς
284 2831 417 2912 θπερόσλῇ
429 2831 443 2890 θ
457 2817 505 2911 μέν
522 2824 603 2935 elpes,
617 2837 666 2894 οὐκ
685 2831 833 2908 ἀπολέσας,
852 2835 867 2895 ὃ
919 2850 953 2889 ex
967 2844 1084 2911 patetne
1095 2831 1233 2913 potestatis
1245 2830 1403 2890 excellentia
1415 2829 1488 2909 quod
1501 2831 1598 2892 habuit
1611 2853 1665 2894 non

85 2905 121 2967 δέ
142 2909 222 2967 οθκτ
253 2933 279 2984 τ,
295 2911 518 2991 προσλαμθάνων.
549 2916 675 2981 Γσσοῦτος
697 2904 785 2985 ἦλθεν,
807 2913 866 2981 ὅσος
918 2910 1058 2990 perdidit,
1080 2924 1106 2970 et
1121 2910 1195 2989 quod
1210 2931 1262 2971 non
1275 2910 1393 2969 babebat
1407 2911 1542 2971 assumsit.
1561 2914 1666 2973 Tantus

85 2983 195 3064 ἤμελλε
214 2995 366 3068 χωρεῖσθαι.
384 2991 462 3050 Ἐπεὶ
484 2991 511 3051 δέ
533 2993 586 3052 ἔδει
599 3016 627 3052 τι
642 2990 688 3052 καί
702 2993 803 3072 δυχεῐον
820 3016 866 3072 γι·
918 2990 1006 3067 venit,
1020 3003 1137 3069 quantus
1155 2990 1216 3071 capi
1273 3003 1350 3049 terat.
1363 2990 1499 3062 Quoniam
1510 3011 1666 3073 vetuopor·
1748 3030 1754 3039 =

85 3064 185 3125 νίσθαι
198 3075 244 3127 τοῦ
258 3069 326 3129 θείου
341 3070 512 3149 Πνεθματος,
523 3071 566 3131 ίνα
586 3076 611 3132 σί
635 3074 737 3154 πρῶτοι
752 3076 865 3145 τῆςάν-
919 3068 991 3128 tebet
1000 3069 1149 3151 quodpiam
1159 3090 1215 3130 esso
1224 3011 1310 3130 ‹liiini
1322 3069 1441 3150 Spiritus
1452 3071 1663 3152 reoeptaeulum5

85 3144 226 3226 θρωιτίνης
240 3146 340 3228 ρθσεόις
350 3173 379 3208 τε
399 3151 445 3211 καί
461 3150 549 3219 οὐσίας
564 3151 736 3233 μετάσχωσι,
750 3152 868 3221 διυλίσας
919 3162 949 3208 ut
960 3149 1043 3230 primi
1059 3149 1185 3210 humanm
1200 3163 1302 3209 nature
1316 3164 1342 3208 ot
1354 3149 1508 3209 substantie
1521 3150 1617 3244 partiri
1752 3220 1755 3225 Δ

85 3223 140 3283 καί
154 3226 370 3308 συναριθμήσας,
383 3229 414 3289 τὸ
436 3230 483 3308 μὲν
498 3229 558 3290 ὅσον
570 3232 694 3312 περισσὸν
715 3225 748 3306 ἦν
762 3232 808 3291 καὶ
821 3237 865 3291 oo·
918 3228 1069 3305 essent‚iis
1084 3229 1241 3310 expurgatis
1259 3242 1284 3288 et
1297 3229 1490 3307 annumeratis,
1513 3243 1597 3311 ejecto
1615 3252 1623 3290 ι
1647 3253 1665 3291 o

83 3301 179 3384 λιμὸν,
193 3306 347 3387 ἀποδράσας
360 3308 406 3369 καί
420 3314 603 3393 ἀποχωρίσας·
620 3312 652 3371 τὸ
663 3311 690 3372 δέ
701 3311 764 3374 όσον
780 3316 866 3371 καθα·
919 3308 993 3387 quod
1003 3310 1171 3390 superlluum
1182 3322 1208 3368 et
1218 3309 1338 3368 lutosum
1351 3322 1418 3383 erat,
1433 3330 1464 3368 eo
1475 3322 1577 3388 eutem,
1589 3310 1663 3390 quod

85 3381 137 3464 μὸν
149 3382 194 3442 καί
205 3385 264 3445 διαυ
282 3385 308 3454 ἐς
326 3391 371 3447 καί
385 3389 538 3473 εἰλικρινὲς,
549 3391 720 3471 περιλάμψας
733 3390 778 3451 καί
793 3414 867 3471 περι·
917 3408 1029 3469 purum,
1045 3388 1180 3465 luridum,
1197 3387 1331 3448 sincerum
1349 3401 1415 3465 emt,
1436 3389 1602 3467 illuminato,
1622 3389 1661 3450 ir·

82 3412 866 3624 ἶῖἷῗίζίιῗιίιῖἶίῗιίάσάἶῖίιῖἷίώέἓὶΜλλῖὶἱώῖῗέ
917 3467 1663 3628 ‘tellit‘ttt¹¹tttl⁶lutt‘¹”tttltltblttsst

332 3587 340 3616 ἐ

81 3617 139 3693 τὴν
152 3622 315 3702 ἀνθρωπίνην
327 3591 595 3707 εἰκόνάσωματικῶς,
608 3574 769 3710 epogdoum,
783 3592 865 3691 πθεο-
878 3661 899 3708 1,
915 3592 1063 3687 bumanim
1075 3592 1250 3709 miporeliter
1263 3594 1419 3688 effoimatus
1429 3593 1479 3706 orit,
1494 3570 1663 3710 spiritiuulem

80 3699 407 3857 rettulit
422 3707 561 3846 ἄνιθ
574 3708 729 3848 put
744 3709 864 3815 lui·
916 3707 1576 3847 nurrrentnrrrnr

80 3857 163 3932 τδνὴ
178 3862 272 3943 Γραρη
291 3808 579 3943 ἐάτιεοόηῗαοθθάτο·ιόθδόθ
592 3811 862 3950 γθόῒτριθιθλτνῗτάνλό,
914 3808 1054 3946 beminis
1073 3833 1207 3946 depinxit,
1232 3867 1310 3924 Ecce
1331 3807 1391 3937 riir,
1411 3809 1808 3944 inquiens,monrib¹uilml¹-⁶·¹2·

79 3938 204 4015 ἀνατολὴ
214 3942 297 4021 ὄνομα
317 3946 403 4026 αὐτῷ·
415 3945 531 4018 ἀνατολὴ
552 3946 600 4026 μέν
615 3951 651 4015 ὡς
673 3951 699 4007 ἐν
714 3947 861 4026 πνεύματι,
915 3966 1020 4004 nomen
1033 3945 1081 4003 ι’ίέιΙ
1096 3968 1105 4001 .-
1121 3944 1209 4005 oriens
1223 3942 1334 4022 quidem
1355 3945 1432 4022 qussi
1447 3945 1474 4004 iu
1490 3944 1599 4025 spiritu,
1614 3947 1660 4007 vir

80 4015 157 4095 ἀνὴρ
172 4017 249 4090 δέὡς
258 4024 286 4082 ἐν
300 4022 416 4122 σόιματι.
428 4028 541 4085 Πνεῦμα
551 4024 603 4106 γάρ
614 4024 713 4106 Κυρίου
722 4027 861 4087 ἐπελεθσε-
912 4037 1003 4084 eutem
1018 4022 1096 4102 quasi
1111 4023 1140 4083 iu
1161 4043 1280 4104 corpore.
1304 4023 1374 4082 Nam
1392 4024 1516 4104 Spiritus
1534 4026 1659 4087 Domini
1668 4033 1724 4079 luc.
1738 4048 1758 4080 ι.
1770 4035 1809 4083 35.

79 4119 133 4156 ται
144 4097 188 4158 ἐπί
198 4098 245 4175 σί,
262 4102 308 4161 καί
321 4103 385 4163 δυνα
410 4129 430 4173 ις
443 4086 571 4184 Ὑψίστου
585 4105 735 4166 ἐπισκιάσει
754 4129 809 4166 σοι·
822 4106 862 4168 διδ
913 4107 1094 4182 superveniet
1103 4106 1135 4162 in
1147 4115 1185 4174 te,
1199 4115 1226 4162 et
1234 4106 1330 4162 αἰτίαι
1339 4102 1493 4163 Altissr'mt'
1502 4107 1658 4167 obumbra·

77 4175 176 4237 καὶτὸ
211 4180 355 4260 εννόιμενον
391 4207 446 4264 γιον
465 4185 626 4259 κληθήσεται
647 4185 710 4253 Υίδς
724 4183 860 4266 Ὑψίστου.
915 4187 956 4243 bit
966 4186 1020 4242 itti
1032 4183 1097 4243 :ide
1135 4184 1263 4262 nequod
1273 4185 1657 4261 nasceturexteSanotum,

78 4205 242 4335 Παμαθόέου
256 4260 284 4322 δέ
295 4262 342 4321 καί
355 4263 426 4329 θείας
438 4262 518 4336 οὔσης
530 4270 578 4337 τῆς
593 4264 734 4344 γενέσεως,
754 4263 861 4334 εἰκότως
914 4265 1106 4323 uocabiturF
1110 4266 1115 4277 '
1127 4267 1174 4322 ius
1180 4262 1342 4322 Altissimi.
1353 4262 1422 4320 Cum
1429 4275 1520 4323 autem
1526 4264 1658 4345 stupenda

77 4333 133 4394 καί
148 4336 179 4395 τδ
190 4340 301 4418 Πνεῦμα
315 4341 473 4421 τεθαύμακε,
486 4342 584 4422 λόγοιν·
600 4344 658 4417 Τὴν
672 4344 763 4425 γενεάν
781 4347 861 4406 αὐτοῦ
913 4356 939 4401 et
951 4341 1045 4402 dirim
1055 4341 1090 4400 sit
1098 4343 1158 4423 ejus
1167 4341 1318 4422 generatio,
1329 4341 1392 4421 jure
1405 4341 1525 4423 Spiritus
1537 4343 1657 4405 admira-

77 4412 127 4481 τίς
141 4415 312 4497 θιηγήσεταις
326 4422 471 4503 Τεσσάμων
482 4422 510 4484 δέ
520 4425 602 4483 όντων
616 4430 668 4485 τῶν
680 4429 728 4496 τῆς
739 4423 861 4497 θεότητος
913 4423 1004 4497 batur,
1017 4420 1110 4481 dicens
1122 4445 1129 4479 τ
1143 4423 1367 4482 Generattonem
1379 4425 1519 4502 ejusquis
1530 4425 1722 4486 enarra-1¹⁶⁶·
1733 4427 1771 4474 ⁵3·
1784 4428 1807 4474 8·

78 4496 251 4572 ἡγεμονικῶν
258 4500 405 4578 ὀνομάτων,
414 4502 448 4561 δι’
458 4493 495 4562 ὧν
506 4502 738 4582 μα’λιστατδθεῖον
748 4505 859 4583 Πνεῦμα
913 4504 975 4562 bit?
988 4503 1058 4562 Cum
1074 4514 1165 4561 autem
1184 4514 1300 4579 quatuor
1312 4500 1365 4559 sint
1378 4501 1513 4594 precipua
1528 4501 1658 4565 divinita·

77 4574 250 4651 πιστεύεται,
273 4579 426 4682 κυριότητος
453 4581 499 4641 καί
518 4583 653 4656 θεότητος,
672 4582 792 4655 υίόιητος
813 4586 859 4644 καί
912 4581 948 4641 tis
970 4581 1089 4655 nomina,
1110 4603 1160 4662 per
1181 4602 1241 4660 qum
1266 4579 1385 4639 maxime
1403 4581 1516 4643 divinus
1538 4583 1657 4665 Spiritus

79 4655 221 4733 βασιλείας
235 4662 431 4743 αἰωνιου,θρᾷς,
444 4659 482 4740 μὴ
498 4661 576 4740 μόνον
587 4663 684 4732 ταθτας
696 4662 743 4731 τὰς
761 4662 856 4741 ἀρετάς
912 4660 1032 4721 creditur
1047 4684 1054 4718 ι
1071 4658 1281 4738 Dominationis,
1303 4659 1474 4738 Divinitatis‚
1492 4662 1515 4722 F
1516 4661 1655 4735 diationis,

78 4732 131 4792 καί
146 4732 220 4804 dolor
233 4739 324 4799 λαόιῖν
336 4741 460 4818 ἐτιμήθη.
471 4743 525 4802 Καί
538 4741 642 4822 πρῶτόν
656 4766 686 4823 γε
703 4740 753 4823 ὅρα
769 4746 855 4805 αὐτοῦ
911 4753 937 4799 et
957 4739 1045 4820 Regni
1058 4740 1150 4800 aeterni
1158 4764 1167 4817 ς
1179 4738 1254 4816 vide,
1269 4758 1337 4799 uum
1348 4738 1399 4800 bas
1414 4740 1528 4801 virtutes
1543 4755 1570 4802 et
1579 4741 1657 4804 illam

77 4810 128 4872 τὸν
140 4811 246 4894 Κύριον.
260 4809 343 4879 Εἶπεν
359 4825 373 4879 θ
387 4817 483 4902 Κύριος
496 4825 535 4903 τῷ
549 4821 639 4903 Κυρίῳ
650 4846 718 4900 μου,
731 4821 813 4883 κάθου
826 4827 856 4883 ἐκ
911 4820 1027 4898 gloriam
1038 4819 1179 4900 acceperit.
1191 4817 1228 4878 Et
1235 4817 1325 4899 primo
1336 4818 1400 4880 vide
1409 4820 1488 4880 illum
1498 4820 1654 4882 Dominum.

78 4889 173 4995 &5¹52
188 4918 249 4971 μου.
262 4897 345 5000 Ὁρξς
354 4902 434 4960 αὐτοῦ
444 4901 478 4960 τά
488 4899 563 4980 παρά
574 4906 619 4962 τοῦ
629 4901 728 5040 Κυρίου
741 4902 785 4962 τδν
799 4903 855 4962 Κύ-
911 4902 998 4960 Dixit
1017 4901 1164 4991 Dominus
1181 4900 1400 4990 Donum'meo,
1420 4900 1493 4960 Sede
1509 4922 1530 4960 a
1544 4901 1655 4963 dextris
1668 4900 1726 4946 ''201
1742 4914 1795 4958 ¹⁰9·

79 4992 156 5109 ρρυνς
174 4977 235 5058 θρα
245 4978 291 5037 καί
303 5001 346 5038 τον
357 4979 421 5039 Υῖὸν
433 4983 522 5040 αὐτοῦ.
532 4980 616 5049 Αὐτός
625 5004 659 5059 με
682 4979 891 5050 τικαλέσεταιε
911 4983 991 5039 meis.
1014 4978 1114 5040 Viden'
1138 4998 1200 5037 eum
1215 4998 1232 5038 a
1246 4979 1364 5038 Domino
1387 4979 1556 5039 Dominum?
1582 4980 1657 5049 Vide

112 5050 162 5110 ατί
202 5100 210 5128 ,
225 5055 301 5136 κάγὼ
312 5056 428 5137 θήσομαι
445 5057 522 5119 αθτδν
531 5059 698 5140 πρωτότοκον
709 5060 855 5136 ·καί,Υίός
911 5059 992 5118 etiarn
1006 5058 1107 5117 Filium
1120 5056 1186 5116 diei.
1198 5060 1265 5138 Ipse
1276 5079 1322 5116 me
1334 5061 1456 5118 vocabit
1478 5060 1614 5136 Patrem;
1626 5074 1654 5121 et
1664 5056 1783 5115 psam.

82 5076 233 5209 μυυιίααθ,
251 5135 304 5216 ἐγὼ
314 5136 430 5217 σήμερον
449 5137 593 5219 γεγέννηκά
602 5163 640 5201 σε.
659 5140 775 5214 Αίτησαι
789 5144 853 5220 παρ’
911 5138 1653 5219 σρομοιιαιιιῖέἐιιικρτίτιισςαιιίιαιιιςσι,ἐί’ἐιίιιιιιετιε
1664 5124 1751 5233 2⁷³1&
1842 5156 1851 5175 '-

82 5213 361 5289 ε’μοῦ,καίδοίσωσοι
375 5218 435 5290 ἔθνη
450 5218 498 5279 τλι
510 5220 686 5300 κληρονομίαν
700 5243 755 5282 σου,
773 5219 855 5300 Ὁρᾷς
911 5239 940 5278 es
951 5230 992 5291 tu,
1004 5237 1056 5298 ego
1066 5217 1293 5297 laodiegenur‘te.
1304 5217 1529 5294 Postulaame,
1539 5232 1566 5278 et
1578 5220 1654 5279 dabo
1686 5204 1712 5234 ¹⁰
1727 5190 1838 5277 ἅμ.
