3750 5940
57 427 90 476 n.
117 424 240 479 nsvin.
268 403 315 476 ul.
343 424 446 475 uxori.
776 395 845 491 467
893 476 896 487 .

106 570 200 611 rursus
208 550 290 612 elirm
300 544 487 630 questionetn,
498 566 558 628 que
572 545 646 607 nullu
660 557 748 607 temen
761 557 812 622 est,
824 546 847 604 si

107 657 178 706 recte
187 643 364 705 attendemus.
378 638 616 719 Quemadmodum
630 639 703 701 enim
715 637 757 699 sol
769 637 847 699 debi-

87 736 144 797 les
157 738 248 798 oculos
262 735 394 819 percellit,
410 755 462 795 non
479 755 529 817 per
548 731 684 815 propriam
697 744 823 792 naturam
838 755 845 788 ι

103 829 143 890 sic
157 851 263 910 quoqne
277 828 374 888 accidit
389 827 434 904 iis,
447 827 494 907 qui
508 825 560 887 Dei
579 824 670 886 verbis
688 845 742 885 non
759 837 845 884 etten-

102 921 179 982 dunt.
195 925 234 982 ltu
246 937 272 984 et
282 921 427 982 Pharaonis
440 942 487 981 oor
498 918 638 979 indurasse
651 916 761 995 dicitur,
772 916 845 997 quod

101 1015 199 1075 accidit
213 1015 268 1075 illis
279 1014 360 1075 etiem
376 1013 425 1094 qui
438 1012 490 1074 Dei
502 1011 582 1074 dictis
602 1023 761 1093 repugnant.
774 1010 843 1091 Bro-

100 1108 200 1189 prietos
209 1121 299 1169 eutem
308 1107 366 1167 baee
375 1106 523 1189 Scripturae
536 1118 592 1183 est,
601 1117 633 1165 ut
644 1117 671 1165 et
679 1101 759 1180 illud,
772 1104 844 1164 Tra·
854 1112 921 1162 Rom.
931 1115 994 1165 ers.

67 1210 87 1258 1>
102 1202 177 1260 didit
186 1223 235 1261 eos
248 1206 280 1264 in
293 1203 446 1282 reprobum
456 1219 589 1274 sertem,-
602 1211 629 1259 et
641 1195 723 1274 illud,
735 1198 844 1256 Distri·
855 1198 995 1264 brool-¹9·

105 1294 166 1354 buit
187 1289 381 1373 gentibus5id
410 1302 465 1368 est,
484 1288 628 1366 concessit,
646 1285 759 1347 dimisit.
782 1287 844 1347 Non

101 1385 172 1444 enim
186 1386 265 1445 illum
276 1384 322 1444 hic
330 1398 484 1466 operantem
496 1381 613 1461 inducit,
624 1380 672 1442 sed
684 1402 719 1442 ex
728 1381 844 1442 aliorum

103 1477 221 1557 nequitie
236 1477 294 1539 haec
303 1478 373 1538 iactu
383 1497 440 1536 esse
451 1474 595 1558 significet.
606 1474 676 1535 Cum
688 1472 760 1534 enim
768 1472 844 1533 dere·

102 1573 278 1653 linquimura
292 1576 367 1651 Deo,
380 1570 513 1634 ordimur
532 1570 657 1651 diabolo,
670 1568 780 1631 diabolo
791 1583 845 1631 tra-
946 1594 948 1601 ’

100 1670 161 1748 diti,
177 1671 323 1731 innumeris
332 1669 468 1730 afficimur
477 1668 565 1730 melis.
575 1670 615 1730 Ut
624 1666 774 1729 auditorem
781 1686 845 1746 ergo

104 1779 214 1844 terreat,
229 1767 461 1842 eit,1nduraor't‚
475 1779 513 1846 ct,
531 1766 674 1825 Tradidit.
687 1765 757 1824 Nam
771 1761 846 1843 quod

103 1862 149 1921 ille
162 1882 215 1922 non
232 1861 313 1923 modo
329 1882 382 1922 non
403 1860 507 1939 trudat,
522 1859 569 1921 sed
589 1881 638 1922 noc
659 1879 708 1919 nos
726 1856 845 1934 dunat,

104 1955 156 2014 nisi
186 1954 318 2031 nolimus,
345 1953 410 2015 audi
438 1951 505 2032 quid
527 1953 627 2012 dicct:
650 1954 757 2012 Nonne
779 1961 997 2031 pec-Isaetpa.

103 2058 172 2106 cata
191 2059 292 2106 oestro
309 2047 444 2107 dividunt
460 2064 507 2105 mc
517 2065 538 2105 α
550 2047 635 2104 eoois
644 2049 657 2102 ?
666 2064 698 2104 uc
712 2063 823 2103 mrsum
838 2065 844 2099 ε

107 2141 164 2218 ραι·
177 2139 317 2220 elongant
328 2159 359 2199 se
372 2159 393 2198 a
407 2151 449 2215 rr,
461 2139 609 2219 peribunt.
620 2134 688 2197 Osee
700 2149 791 2196 aurem
803 2134 846 2194 di·
855 2147 970 2210 susp.

104 2234 140 2293 cit
155 2257 162 2291 ι
179 2235 279 2295 Oblita
292 2255 323 2295 es
338 2233 410 2315 legis
423 2234 482 2293 Dei
500 2236 554 2307 tui,
570 2245 599 2294 et
611 2253 663 2314 ego
677 2236 723 2294 tui
741 2231 845 2303 oblivi-
855 2223 915 2320 ῧζη
926 2277 949 2334 4,
956 2277 980 2324 6.

68 2323 88 2371 Β
104 2347 183 2399 scon·
195 2326 287 2408 etipse
300 2326 330 2386 in
340 2326 497 2407 Evangeliis
512 2350 519 2385 ι
537 2328 656 2406 Quoties
678 2325 763 2387 uolui
773 2346 844 2387 con-
856 2353 997 2412 gamm,

102 2442 224 2502 gregare
238 2421 325 2502 fib'os
347 2433 477 2495 vestros,
495 2433 524 2482 et
545 2420 702 2481 noluistis?
719 2431 747 2479 et
763 2418 847 2481 baias

104 2530 234 2568 rursum:
250 2511 332 2584 Veni,
356 2521 384 2569 et
402 2529 461 2568 nors
479 2522 544 2571 erat
559 2511 646 2568 bomo
660 2512 797 2583 evocavi,
819 2522 849 2569 et
859 2526 915 2575 nat.
927 2527 963 2575 50.
976 2540 999 2572 a.

106 2615 236 2663 nouerat
245 2607 297 2683 qui
306 2603 430 2664 audiret.
439 2602 600 2663 Haeeautem
608 2602 676 2664 dicit
687 2616 718 2663 ut
728 2602 849 2664 ostendat

104 2718 152 2758 nos
162 2697 264 2778 priores
271 2697 298 2756 in
309 2718 388 2757 cause
398 2718 455 2758 esse
465 2718 514 2759 cnr
522 2695 753 2778 derelinquamur,
764 2712 791 2759 et
801 2720 850 2759 eur

104 2812 252 2872 pereamus.
269 2793 343 2852 Deus
357 2793 429 2853 enim
445 2813 499 2852 non
516 2791 598 2854 modo
619 2814 667 2854 nee
684 2792 849 2872 relinquere,

105 2903 153 2942 nec
164 2884 260 2964 punire
274 2905 321 2943 nos
332 2884 411 2963 vult,
427 2882 473 2944 sod
486 2885 568 2944 etiem
576 2884 685 2965 quando
694 2884 773 2966 punit
777 2905 849 2962 ,non

104 2974 190 3034 libens
199 2975 251 3034 boc
264 2975 336 3034 facit.
347 2976 425 3036 Nolo
435 2976 524 3053 enim,
538 2977 637 3056 inquit,
651 2989 772 3038 mortem
779 2998 847 3057 pec·
859 2995 942 3041 suet.
964 2994 999 3039 18.

105 3073 224 3143 catoris,
240 3071 293 3130 sed
310 3082 342 3131 ut
363 3083 552 3130 eonvertatur
564 3084 592 3131 et
609 3075 704 3132 vivat.
724 3059 898 3133 Christus³²·

62 3176 194 3226 rosentem
209 3163 244 3224 de
259 3163 365 3224 excidio
380 3166 555 3248 lerosolymae
574 3166 760 3248 lacrymetur:
775 3167 850 3247 quod

70 3240 89 3286 Α
105 3257 242 3318 roseriam
261 3277 324 3336 erge
336 3257 439 3318 nmicos
453 3258 574 3319 fecimus.

144 3591 172 3647 5.
194 3589 257 3651 Haec
267 3611 330 3652 cum
340 3592 473 3671 sciamus,
487 3591 556 3652 ninii
570 3614 745 3677 nonagnmus
758 3617 850 3658 nenos

104 3706 256 3767 separemus
269 3709 286 3746 a
299 3689 370 3766 Deo,
384 3686 431 3748 scd
443 3687 539 3749 animae
554 3704 650 3751 nostre
668 3712 738 3752 curae
751 3695 850 3753 amori·

105 3802 157 3860 que
170 3782 286 3840 fraterno
300 3802 410 3862 operam
423 3780 535 3860 demus,
549 3803 635 3863 neque
648 3799 735 3846 nostra
749 3785 850 3846 discer-

105 3894 201 3953 pnrnus
223 3873 342 3933 membra
362 3872 450 3947 (illud
470 3874 541 3934 enim
561 3876 709 3937 furentium
723 3892 750 3938 et
762 3892 851 3938 mente

105 3979 245 4045 ceptorum
255 3971 310 4040 est)
321 3988 331 4042 3
344 3963 392 4024 sed
402 3980 501 4044 quiante
513 3967 590 4048 pejus
598 3967 707 4028 affectos
716 3968 849 4047 uiduus,

106 4073 179 4118 tanto
198 4060 326 4138 majorem
344 4057 532 4138 impendamus
550 4080 650 4119 curem.
667 4061 738 4121 Nem
750 4062 850 4122 nultos

105 4175 173 4234 saepc
182 4152 526 4233 conspicimnsdifficilibus
536 4153 783 4236 insanabilibusque
792 4179 850 4218 cor-

104 4245 178 4326 poris
192 4244 292 4304 morbis
307 4245 440 4322 laborare,
462 4265 510 4304 nec
527 4245 610 4316 finem
630 4246 745 4309 inclinus
757 4248 848 4332 impo-

71 4338 184 4399 Bnendi
205 4339 358 4419 pharmaca.
379 4336 453 4410 Quid
478 4336 611 4419 podagra,
634 4339 702 4420 quid
725 4341 850 4424 chiragra

105 4432 200 4512 pejus?
214 4452 280 4489 num
291 4429 353 4489 ideo
365 4429 485 4489 membra
495 4429 701 4492 abscindimus?
715 4432 847 4514 Minime,

104 4523 151 4584 sed
161 4523 230 4582 nibil
242 4543 294 4581 non
304 4519 417 4581 facimus
427 4534 456 4580 ut
466 4521 560 4582 saltem
569 4521 714 4602 leniamus,
723 4523 747 4586 si
757 4547 851 4587 muare

105 4638 157 4675 non
173 4613 315 4696 possimus.
330 4612 390 4672 Hoc
406 4626 432 4672 rt
451 4612 523 4672 circa
538 4613 634 4675 fratres
649 4628 753 4677 nostros
764 4616 849 4678 iecin-

105 4733 174 4770 mus.
190 4710 219 4770 Si
233 4708 376 4769 incurabili
393 4707 487 4767 morbo
501 4707 636 4785 laborent,
651 4733 745 4774 curere
762 4735 851 4795 perse-

105 4827 247 4882 veremus,
263 4804 432 4883 aliorumque
454 4824 533 4865 onera
550 4819 645 4867 mutuo
661 4808 788 4870 ieramus.
805 4811 851 4871 Sic

106 4898 177 4959 enim
189 4896 291 4957 Christi
307 4896 393 4976 legem
407 4896 592 4978 implebimus,
604 4912 629 4960 et
640 4900 770 4981 promissa
788 4916 852 4963 oon·

94 5096 168 5163 epist,
182 5094 193 5142 ὃ
205 5096 250 5140 ert,

128 5170 139 5205 b
153 5164 262 5229 Quidem
273 5169 342 5232 μέλη,
356 5171 412 5234 o'mp
423 5170 575 5232 μαινομένων.

128 5262 137 5285 t
150 5243 197 5296 Alii
210 5257 296 5311 σώμασι
306 5250 381 5298 πολλὰ
393 5249 508 5303 πολλάκις.
