3750 5940
86 452 202 504 cxxiv.
230 429 278 502 al.
305 453 421 503 rxxnr.
767 433 839 527 497·

101 578 165 638 Jesu
189 576 307 656 Christi,
326 577 371 638 cui
390 578 475 657 gloria
501 577 528 636 in
551 577 648 636 saecula
667 576 837 639 seculorum.

64 679 82 728 o
101 673 193 732 Amen.

61 1242 833 1284 Q

317 1430 475 1493 HOMlLlh
497 1435 625 1499 LXXIV.

104 1613 174 1673 Car.
189 1613 267 1677 XIV.
283 1636 311 1676 v.
327 1615 356 1678 8.
370 1619 452 1680 Dicit
462 1623 491 1679 ei
505 1623 661 1703 Philippus
679 1647 687 1679 :
703 1626 841 1697 Domine,

145 1709 263 1769 ostende
290 1714 373 1770 nobis
397 1714 529 1787 Patrem,
555 1729 583 1778 et
612 1718 725 1799 sufficit
749 1723 842 1780 nobis.

144 1804 174 1865 9.
188 1805 269 1864 Dicit
285 1809 313 1864 ei
321 1807 408 1867 Iesus
424 1832 433 1864 .·
452 1811 546 1870 Tamo
559 1818 846 1893 temporeoohiscum

146 1917 220 1971 snm,
244 1909 345 1957 ernon
370 1906 530 1982 cognovisti
544 1926 599 1978 me,
618 1907 773 1988 Philippei
790 1911 851 1988 Qui

147 1990 230 2050 videt
243 2011 298 2063 me,
315 1993 398 2052 videt
411 2007 440 2054 et
447 1998 578 2056 Patrem.

71 2206 90 2256 c
148 2192 177 2249 1.
191 2189 305 2251 Dicebat
317 2193 448 2274 propheta
463 2195 566 2260 iudeis
580 2220 586 2256 :
600 2201 707 2262 Facies
717 2206 848 2264 meretrt-
857 2216 967 2266 rer-33.

108 2285 247 2365 eissacta
267 2297 309 2343 est
327 2289 389 2358 tibi,
407 2286 635 2370 quiimpudcnter
646 2312 710 2351 cum
721 2294 848 2354 omnibus
897 2321 1001 2368 mnan

108 2375 174 2455 agis.
189 2377 228 2436 Ut
241 2389 332 2436 autem
348 2376 466 2455 videtur,
480 2400 533 2439 non
547 2379 590 2441 itti
613 2382 716 2444 civitati
742 2386 902 2446 tantumhtte
933 2385 1001 2458 ,Μ’

109 2467 160 2525 hoc
166 2469 228 2548 jure
241 2468 365 2543 dicatur,
383 2469 430 2530 sod
444 2471 525 2531 etiam
537 2472 571 2532 iis
584 2474 632 2552 qui
644 2475 749 2539 veritati
759 2476 849 2559 impu·
858 2448 1002 2568 mmm.

108 2558 201 2619 denter
209 2561 353 2623 obsistunt.
367 2562 478 2623 Dicente
490 2564 563 2624 enim
573 2566 709 2650 Philippo,
726 2574 851 2632 Ostende
860 2581 909 2617 ΜΓ·

111 2654 192 2710 nobis
203 2654 342 2726 Patrem,
355 2654 492 2734 respondit
510 2657 634 2719 Christus
647 2683 653 2717 :
673 2662 770 2722 Tanto
781 2676 853 2724 tem-

107 2764 178 2822 pore
201 2747 355 2804 vobiscum
381 2768 455 2821 snrn,
473 2761 500 2808 et
527 2770 585 2809 non
607 2758 768 2834 cognovisti
794 2779 850 2829 me,

110 2837 265 2916 Phiiippe?
279 2836 315 2896 Et
335 2852 422 2897 tamen
444 2839 554 2918 quidam
568 2857 639 2920 suut,
658 2845 705 2923 qui
720 2861 782 2927 post
796 2849 853 2908 haec

110 2927 192 2987 t‘erha
207 2928 308 2987 Filium
328 2950 343 2988 a
367 2933 446 2990 Patre
472 2933 641 2993 abscindunt.
665 2937 746 3016 Atqui
772 2961 854 3018 quam

110 3021 239 3100 majorem
261 3021 358 3099 quaeris
376 3023 622 3103 propinquitatem?
644 3028 763 3103 Quidem
783 3032 854 3091 enim

73 3139 92 3185 1)
110 3134 144 3170 ex
157 3112 209 3170 hoc
221 3112 294 3172 dicto
305 3113 331 3171 in
347 3114 458 3173 sabellii
478 3117 604 3177 morbum
624 3120 784 3183 inciderunt.
799 3126 854 3186 Vc·
864 3135 990 3180 Sabelliani·

111 3227 172 3264 rum
188 3218 213 3264 et
222 3204 266 3263 his
278 3219 303 3263 ct
316 3205 371 3264 illis
380 3206 488 3283 relictis,
501 3222 531 3266 ut
542 3230 576 3269 ex
589 3210 722 3274 diametro
735 3229 760 3275 et
772 3214 855 3298 impie
977 3225 981 3231 ’

111 3297 251 3379 oppositis,
269 3313 425 3358 accuratum
438 3300 583 3362 verborum
602 3326 710 3365 sensum
731 3308 855 3388 explore-

111 3413 179 3451 mus.
199 3394 294 3450 Tcnto
307 3404 434 3472 tempore
443 3396 675 3471 vobiscnmsum,
689 3413 717 3459 et
731 3423 789 3460 non
805 3424 853 3462 co-

109 3488 236 3568 gnovisti
246 3505 301 3558 me,
318 3485 463 3565 Philippo.
473 3485 548 3558 Quid
558 3487 721 3550 enimitune
730 3493 809 3554 Pater
828 3519 855 3555 es

110 3600 191 3659 quem
208 3576 333 3655 inquiro?
346 3578 416 3654 Non,
428 3577 524 3657 inquit.
541 3579 604 3640 Ideo
621 3604 674 3642 non
688 3584 771 3667 dixit,
795 3590 855 3650 Non

112 3670 260 3753 cognovisti
274 3691 337 3733 cum
343 3693 353 3749 3
369 3670 424 3748 sed,
449 3674 517 3732 Non
531 3682 692 3756 cognovisti
702 3702 764 3751 me,·
787 3683 855 3741 nihil

109 3765 185 3824 aliud
192 3762 340 3840 declarans,
349 3785 432 3842 quam
440 3786 492 3827 non
501 3765 576 3824 aliud
588 3790 644 3828 csse
654 3769 766 3849 Filium,
774 3796 854 3852 quam

109 3857 232 3937 quodest
248 3859 337 3928 Pater,
354 3877 461 3917 araneus
487 3872 574 3918 tamen
595 3860 651 3941 ipse
678 3863 772 3922 Filius.
798 3868 854 3927 Cur

75 3950 254 4030 EPhilippns
277 3949 314 4008 ad
339 3949 557 4030 interrogandum
580 3954 710 4013 occessit?
739 3957 853 4018 Dixerat

111 4044 242 4115 Christus,
250 4043 280 4101 Si
290 4046 494 4121 cognovissetis
505 4066 560 4115 me,
573 4059 601 4104 et
619 4048 741 4106 Patrem
755 4071 1007 4134 mevmrm,14.5.

110 4141 209 4217 titique
222 4139 441 4213 cognovissetis,·
450 4135 604 4215 Judaeisque
618 4160 687 4220 saepe
696 4139 748 4200 hoc
761 4142 851 4224 ipsum

109 4226 223 4286 dixerat.
237 4226 309 4297 Quia
323 4246 386 4303 ergo
397 4247 458 4285 eum
470 4228 620 4306 frequenter
626 4244 652 4289 et
660 4232 755 4292 Petrus
767 4249 793 4294 ct
802 4239 851 4298 Ju-

109 4320 160 4378 daei
173 4320 409 4396 interrogaverant,
420 4318 480 4396 quis
490 4333 556 4378 esset
568 4324 656 4401 Pater,
670 4323 851 4407 interrogave-

111 4427 151 4473 rat
163 4413 226 4471 item
241 4412 370 4484 Thomas,
383 4425 407 4469 et
421 4411 511 4470 nuilus
521 4413 851 4502 quidclanrmecceperat,

111 4509 157 4568 sed
173 4508 263 4567 adhuc
278 4528 319 4565 res
333 4506 519 4585 ignorabatur3
533 4528 565 4567 ne
579 4511 706 4571 molestus
715 4513 853 4576 videretur

111 4624 166 4661 esse
180 4601 335 4681 Phiiippus,
350 4613 451 4658 etcum
469 4599 571 4661 Judaeis
584 4605 709 4665 tentando
727 4629 790 4668 eum
813 4611 851 4669 fa·

112 4696 248 4767 stidiosus,
261 4708 290 4753 ut
303 4693 384 4763 dixit,
395 4695 521 4753 Ostende
531 4699 613 4755 nobis
623 4700 744 4760 Patrem
754 4715 851 4774 tuum,

113 4787 218 4867 adjecit,
231 4789 271 4844 Et
282 4787 395 4867 sufficit
411 4789 509 4863 nobis,
528 4787 595 4846 nihil
613 4789 683 4850 ultra
697 4795 851 4871 quaerimus.

115 4877 197 4956 arqui
212 4876 335 4935 Christus
350 4876 476 4936 dixerat:
493 4879 524 4937 Si
534 4888 738 4960 cognovissetis
755 4908 811 4960 me,
828 4903 856 4947 et

71 4975 235 5067 435Ριιινεηι
256 4990 351 5027 merem
371 4973 470 5050 utique
489 4978 704 5051 cognovissetis,
731 4991 757 5037 et
772 5001 858 5059 perse

61 5082 62 5087 ’
81 5078 100 5124 Λ
118 5064 222 5121 Patrem
234 5058 390 5119 ostendebat
405 5085 411 5117 ε
425 5061 470 5120 ille
479 5085 542 5121 rero
553 5067 670 5124 mutavit
684 5069 804 5129 ordinem
816 5073 859 5131 di·

61 5172 63 5204 :
117 5175 187 5231 cens,
201 5152 318 5212 Ostende
329 5155 443 5231 Putrem,
453 5177 484 5213 ac
496 5156 517 5214 si
533 5157 669 5216 Christum
680 5176 802 5221 accurate
816 5186 860 5223 co-

61 5281 64 5290 »
117 5259 262 5325 gnosceret.
280 5247 383 5307 terem
398 5266 449 5308 non
461 5246 502 5306 illi
514 5269 614 5307 morem
630 5250 709 5328 gessit
730 5253 860 5334 Christus,
