3750 5940
166 410 239 485 526
509 436 539 483 s.
566 435 704 484 resume
728 431 912 483 euersosr.
939 432 952 480 1

164 571 214 633 ter,
228 530 381 638 perhibebit
399 569 425 616 et
443 556 572 637 Spiritus.
587 557 670 637 Atqui
683 579 699 617 o
710 556 848 638 principio
858 555 910 616 hoc

112 721 120 739 κ
165 648 242 727 iecit,
258 647 397 709 sedetiam
412 648 577 709 nuncisciet.

41 1116 104 1176 Qutt
115 1124 157 1169 su,
206 1103 237 1159 ἢ.
260 1100 333 1160 [llud
347 1112 448 1179 autem,
462 1102 493 1161 9.
510 1101 623 1183 Arguet
635 1103 809 1181 depeream,
821 1098 908 1176 idest,
928 1121 946 1168 ε

12 1180 117 1299 ,(4ξὲἕὲ
129 1181 283 1253 '¹‘0mnem
303 1193 504 1253 excusationem
522 1193 560 1253 eis
591 1193 704 1270 auferet,
739 1191 911 1271 ostendetque

14 1301 90 1360 Quid,
120 1282 275 1349 uiltorum
285 1286 384 1346 scelera
393 1285 451 1345 sine
460 1285 539 1346 venia
548 1306 612 1345 esse.
625 1285 678 1344 10.
689 1286 730 1343 Ε1
740 1287 908 1366 dejustitia,

8 1366 23 1420 Ῐ
25 1376 60 1409 '⁴⁸'
64 1367 115 1413 1111·
165 1379 236 1455 quia
247 1379 288 1435 ad
297 1379 419 1448 Patrem
425 1378 517 1449 vado,
529 1381 628 1459 etjam
637 1397 697 1435 non
704 1379 842 1435 videbitis
852 1397 911 1451 me,-

164 1468 258 1546 idest,
272 1470 346 1544 Quia
356 1470 620 1553 irreprehensibilem
632 1469 719 1529 vitam
730 1469 799 1529 duxi
813 1493 819 1527 ε
834 1471 912 1551 cujus

163 1559 204 1619 rei
224 1560 358 1632 indicium
374 1577 427 1639 est,
442 1562 517 1641 quod
537 1562 572 1621 ad
591 1563 699 1621 Patrem
713 1561 823 1623 vadam.
840 1562 911 1634 Quia

163 1650 237 1712 enim
250 1674 356 1734 semper
370 1653 450 1713 11111111
463 1654 635 1732 accusabant,
651 1653 725 1733 quod
737 1676 771 1714 ex
784 1656 842 1714 Deo
858 1674 910 1713 non

71 1772 76 1777 ·
163 1758 242 1823 esset,
258 1759 284 1805 et
297 1744 358 1806 ideo
371 1745 451 1806 illum
469 1761 636 1828 peccatorem
649 1760 676 1806 et
690 1745 815 1826 iniquum
833 1745 908 1805 dice-

162 1835 238 1915 baut,
256 1859 286 1898 se
297 1838 367 1899 bauo
381 1837 437 1898 illis
451 1837 613 1899 criminandi
626 1859 721 1898 ansam
739 1838 910 1898 sublaturum

162 1951 219 1991 esse
232 1931 312 1993 dixit.
325 1932 397 1993 Nam
411 1931 435 1992 si
448 1946 543 2014 putare
555 1954 598 1992 me
611 1954 664 1992 non
678 1954 714 1992 ex
726 1934 785 1992 Deo
798 1954 865 2009 esse,
879 1932 908 1992 id
920 1984 952 2026 m

163 2044 207 2083 me
218 2039 442 2107 transgressorem
455 2024 566 2084 exhibet
581 2048 588 2082 ε
605 2046 668 2083 cum
679 2025 799 2106 Spiritus
809 2047 852 2085 me
861 2025 909 2085 ilto
927 2041 947 2085 11

160 2115 316 2193 abeuntem,
339 2138 393 2177 non
417 2116 453 2177 ad
472 2116 578 2195 boram,
599 2116 646 2176 sed
664 2130 695 2176 ut
716 2117 755 2176 ibi
775 2138 908 2195 maneam,

163 2209 308 2270 ostenderit
320 2209 409 2285 (illud
424 2210 508 2288 enim,
525 2211 597 2270 Jam
616 2231 678 2269 nou
695 2212 834 2269 uidebitis
850 2232 906 2288 me,

163 2304 215 2365 boc
233 2303 360 2384 indicat),
375 2304 444 2384 quid
462 2318 554 2386 postea
575 2304 684 2364 dicent?
703 2303 777 2365 Vide
794 2326 909 2384 pravam

162 2395 317 2477 opinionem
334 2419 383 2479 per
394 2397 454 2456 haec
466 2396 523 2455 duo
536 2395 680 2455 sublatam.
692 2396 767 2455 Nom
779 2397 856 2477 signa
869 2400 910 2458 sa-

162 2508 223 2547 eere
234 2508 288 2547 non
302 2503 341 2549 est
350 2487 508 2571 peccatoris,
522 2509 608 2566 neque
621 2487 693 2546 enim
706 2486 736 2547 id
746 2502 835 2570 potest
847 2511 909 2571 pec-

162 2593 246 2655 cator,
264 2601 379 2660 nequet
394 2583 451 2641 Deo
465 2602 522 2641 esse
540 2579 688 2663 peccatoris
704 2594 752 2639 est.
768 2580 842 2661 Ergo
856 2602 909 2641 nou

162 2671 233 2732 ultra
243 2674 353 2754 potestis
360 2672 450 2733 dicere
461 2673 551 2754 ipsum
561 2686 739 2754 peccatorem,
751 2693 800 2732 nec
808 2695 843 2732 ex
852 2675 910 2734 Deo

35 2782 296 2842 0111111111111111.
314 2768 361 2824 tt.
378 2767 425 2826 De
434 2767 549 2848 judicio
567 2758 676 2838 autem,
694 2769 765 2847 quia
776 2770 910 2848 princeps

10 2844 111 2900 ''¹¹³²“'0‘
136 2891 140 2902 ·
163 2861 251 2943 hujus
265 2862 368 2920 muudi
379 2864 445 2943 jam
450 2862 603 2943 judicatus
617 2872 671 2920 est.
687 2858 739 2919 Hic
752 2882 861 2920 rursum
876 2860 911 2921 de
928 2867 946 2914 B

78 2979 85 2985 ·
158 2952 266 3034 justitie
275 2972 426 3012 sermonem
442 2952 535 3031 babet,
548 2952 612 3031 quia
625 2951 813 3015 adversarium
831 2975 911 3035 supe-

162 3043 245 3123 ravit,
256 3042 331 3124 quod
340 3057 464 3125 peccator
475 3065 529 3103 non
543 3046 641 3126 potuit,
656 3067 743 3124 neque
749 3046 839 3126 justus
850 3048 910 3125 qui-

161 3136 364 3198 vishomiuum.
378 3135 461 3213 Quod
468 3138 540 3197 enim
550 3152 660 3220 propter
670 3160 713 3197 me
720 3137 911 3199 condemnatus

163 3229 208 3305 sit,
223 3231 307 3289 scient
322 3230 342 3288 ii
355 3230 403 3308 qui
418 3230 444 3288 in
459 3244 596 3310 posterum
615 3230 694 3289 11111111
715 3231 866 3305 calcabunt,
886 3245 911 3289 et

163 3324 383 3382 resurrectionem
396 3345 483 3382 11111111
492 3324 629 3382 manifeste
641 3322 784 3399 videbunt,
797 3323 826 3382 id
837 3324 911 3402 quod

163 3415 364 3474 condemnantis
374 3429 422 3473 est.
437 3417 529 3493 Neque
541 3414 613 3473 enim
625 3437 667 3474 me
679 3416 766 3496 potuit
778 3415 908 3475 detincre.

164 3506 236 3581 Quia
251 3526 314 3585 ergo
327 3504 462 3583 dicebant,
480 3527 522 3564 me
536 3505 701 3565 daemonium
712 3506 812 3565 habere
825 3522 850 3566 et
863 3507 910 3566 de-

162 3612 296 3679 ceptorem
308 3620 364 3657 esse
379 3622 385 3655 :
399 3597 458 3656 haec
474 3597 563 3657 omnia
579 3599 668 3657 sutilia
686 3620 743 3657 csse
761 3598 910 3679 depreben-

161 3693 267 3755 dentur.
280 3697 340 3755 Non
353 3693 425 3754 euim
434 3694 513 3754 ilium
524 3696 664 3776 cepissem,
675 3696 696 3755 si
709 3710 816 3776 peccato
827 3718 909 3755 essem

161 3786 297 3845 obnoxius
316 3810 323 3843 ε
339 3807 411 3845 nunc
425 3807 491 3845 vcro
504 3785 696 3845 condemnatus
710 3801 735 3845 ct
751 3786 851 3865 ejectus
862 3802 908 3846 cst.

162 3880 210 3938 tt.
222 3878 334 3937 Adbuc
346 3878 441 3937 muita
459 3879 552 3936 babeo
564 3881 648 3938 uobis
663 3879 771 3948 dicere,
785 3880 837 3935 sed
852 3901 910 3936 non

158 3974 279 4049 potestis
291 3983 410 4050 portare
424 3971 519 4028 modo.
537 3969 656 4051 Expedit
670 3989 733 4048 ergo
755 3983 785 4026 ut
802 3991 851 4048 ego
864 3994 910 4028 ru·
928 3982 946 4027 (2

160 4062 234 4133 dam,
245 4062 378 4142 siquidem
387 4077 452 4122 tuuc
462 4063 595 4143 portaturi
603 4062 676 4137 estis,
689 4084 751 4122 curn
760 4063 858 4120 abiero.
874 4064 909 4121 Et

146 4153 340 4235 1(1111111111111111
352 4155 410 4213 est?
422 4176 455 4212 an
471 4155 589 4235 Spiritus
602 4169 628 4213 tc
637 4156 723 4235 major
734 4169 784 4229 cst,
798 4156 908 4232 quaudo

159 4267 232 4305 nunc
244 4268 297 4305 non
307 4261 457 4328 portemus,
469 4260 495 4305 et
510 4246 556 4305 itte
571 4269 619 4306 nos
628 4247 663 4305 ad
673 4247 838 4327 portandum
849 4248 907 4305 ido-

158 4358 222 4396 neos
234 4330 346 4397 reddet?
360 4362 425 4398 num
439 4340 526 4417 major
539 4353 565 4397 11
576 4340 719 4420 perfectior
729 4354 767 4397 cst
776 4341 834 4418 ejus
846 4341 905 4397 esti-

158 4430 231 4489 cacia
241 4430 378 4490 1111111111
389 4456 395 4488 :
406 4454 469 4490 nam
480 4432 527 4490 1111
538 4454 597 4510 quae
606 4455 665 4491 mea
679 4446 742 4491 sunt
752 4432 830 4491 dicct.
842 4433 905 4491 Ideo

158 4523 196 4582 ait
210 4547 216 4580 :
233 4525 280 4582 15.
293 4527 378 4583 Misit
390 4526 524 4605 loquetur
543 4548 563 4584 a
573 4530 743 4606 semetipse,
762 4528 814 4584 sed
827 4548 904 4606 quoe-

158 4639 281 4698 cumque
288 4620 399 4692 audiet,
412 4621 557 4699 loquetur,
571 4634 598 4679 et
611 4642 675 4699 quoe
687 4634 815 4679 venturu
835 4636 903 4681 sunt

157 4714 358 4770 annuntiabit.
376 4713 424 4770 tt.
441 4713 498 4770 Ille
513 4734 558 4769 me
571 4713 759 4793 clarificabit,
781 4716 904 4792 quiade

157 4824 220 4862 uteo
231 4807 364 4883 accipiet,
377 4818 404 4863 et
415 4809 605 4863 annuntiabit
617 4808 713 4882 vobis.
729 4806 777 4863 15,
795 4808 902 4865 Omnia

157 4914 345 4976 quaecumque
364 4897 453 4955 babet
469 4897 570 4969 Pater,
585 4917 650 4954 ntea
672 4910 751 4955 sunt.
770 4897 839 4955 Cum
854 4897 900 4956 di·

189 5109 200 5134 ·
217 5091 266 5144 Alii
281 5099 354 5147 καίτοι
365 5102 406 5153 τὴν
417 5102 499 5165 ἀρχὴν.

188 5170 202 5210 b
219 5170 480 5237 SuspioeturSavssius
489 5169 621 5236 legendum
632 5178 791 5231 ἀνεπίληπτον.
799 5170 849 5224 Sed
860 5177 917 5232 ἅλη-

155 5269 210 5302 uros
227 5246 317 5317 legitur
333 5247 359 5300 111
382 5246 498 5300 omnibus
516 5247 708 5313 exemplaribus.
731 5248 831 5300 Ibidem
855 5268 917 5302 unus
