3750 5940
224 398 293 493 704
699 456 704 468 ,
933 410 1063 458 sruara.
1099 477 1102 481 ι

223 560 308 621 penus
324 551 364 597 est
377 535 464 597 omnis
479 535 553 594 boni.
570 531 623 593 Sed
638 531 672 593 ad
686 532 855 614 propositum
872 529 963 591 redea-

223 641 285 678 mus
301 642 307 675 ε
326 617 361 676 de
380 613 608 676 consummatione
626 612 727 692 quippe
749 632 836 671 sermo
857 624 905 683 cst,
929 610 964 671 de

1021 536 1077 593 ἐστι
1097 534 1194 602 παντὸς
1212 539 1229 595 ἀ
1248 539 1317 595 αθοῦ.
1345 535 1411 593 Αλλ’
1433 531 1479 593 iul
1499 531 1530 590 τὸ
1542 530 1680 612 προκείμενα
1688 543 1723 604 lu·

1019 611 1166 692 νέλθωμεν·
1183 561 1246 697 περί
1254 613 1306 695 γδρ
1317 610 1469 680 συντελείας
1480 616 1495 670 δ
1508 610 1588 690 λόγος,
1600 613 1639 670 καί
1646 618 1723 701 reip,

224 698 298 757 falsis
308 695 455 789 prophetis,
466 694 552 772 deque
564 691 640 752 falsis
657 690 822 781 doctorihus,
837 705 863 750 et
874 690 965 772 impiis
1021 694 1210 774 δοπρορητιῦν,
1231 695 1278 752 καί
1296 690 1558 774 ψευδοδιδασκῶιων,
1578 690 1618 750 καί
1627 695 1720 772 udat.

223 777 367 853 haereticis,
376 775 423 855 qui
434 773 593 833 torrentium
609 772 693 830 instar
708 790 797 829 omma
812 769 911 848 ubique
924 769 965 829 in·
986 786 1003 831 n
1021 777 1169 873 αῖρετικῶν,
1179 773 1332 856 χειμάρρων
1347 771 1424 845 δίκην
1439 769 1625 831 ἐπικλυσάντων
1636 791 1719 934 aaa&
1758 795 1761 803 ·

225 857 336 933 undant,
347 856 501 932 multosque
510 853 537 911 in
545 872 660 910 ermrem
672 849 814 909 inducunt.
823 850 965 910 Undenam

224 937 255 996 id
268 935 398 1016 contigit?
415 934 492 992 Certe
505 953 540 991 ex
550 929 701 1010 ignorantia
711 943 737 988 et
748 928 883 1010 imperitia
895 950 965 1010 prae-

224 1017 355 1076 fectorum
370 1038 377 1071 :
396 1014 443 1072 ubi
458 1012 537 1072 onim
559 1009 693 1092 imperitia
715 1022 854 1090 pastorum
865 1021 913 1082 cst,
926 1009 965 1068 ihi

225 1097 318 1156 ovium
335 1093 475 1177 pernicies.
497 1089 572 1165 Quid
590 1110 653 1212 erpo
671 1089 790 1171 primum
809 1087 918 1147 dicam?
930 1110 964 1148 an

224 1175 260 1235 de
276 1172 502 1234 consummatione
521 1183 625 1230 nostra.
645 1191 678 1229 an
695 1169 732 1227 im
755 1169 841 1227 iorum
855 1167 963 1228 haereti·

225 1277 319 1314 corum
343 1253 500 1312 detestanda
526 1250 652 1330 dogmata
679 1192 841 1308 tradircam?
864 1247 894 1306 Si
916 1269 965 1330 per

70 1378 73 1382 -
165 1406 168 1411 Ι
225 1349 330 1416 tempus
343 1333 444 1409 liceret,
457 1351 563 1412 possem
583 1328 692 1388 illomm
714 1329 825 1409 profana
838 1327 964 1407 dogmata

225 1428 252 1473 et
270 1413 396 1474 scelerata
416 1425 489 1492 gesta
509 1408 697 1491 triumphare:
711 1406 757 1466 sed
776 1428 872 1487 magno
896 1428 964 1546 opus

225 1508 264 1553 cst
278 1493 421 1553 certamine
433 1492 566 1571 longoque
576 1509 705 1562 sermone,
719 1509 772 1624 rppo
788 1487 912 1567 impura‘
927 1487 964 1547 lo·

125 1616 129 1624 -
226 1593 287 1631 rum
300 1573 421 1633 doctrina
438 1569 579 1649 detegatur
590 1581 616 1627 et
627 1567 728 1647 triurnp
749 1581 816 1626 etur.
832 1568 966 1626 Ceterum

226 1653 253 1711 in
266 1651 389 1733 presenti
403 1670 490 1732 operae
503 1648 620 1729 pretium
634 1660 673 1706 est
685 1646 745 1705 illos
758 1667 792 1705 ex
803 1646 885 1704 saeris
895 1645 967 1706 Scri·

226 1731 313 1813 ptnris
326 1731 450 1790 inimicos
467 1727 569 1788 Christi
582 1726 765 1808 comprobare,
780 1740 805 1784 et
818 1727 846 1784 lu
867 1747 897 1784 os
926 1746 966 1786 re-

225 1832 286 1891 gern
293 1813 350 1892 ejus
358 1809 523 1881 invadentes,
534 1806 634 1886 ubique
640 1805 784 1886 pellendos,
792 1819 819 1865 et
827 1747 967 1866 aluisus

225 1893 283 1972 ejus
305 1889 460 1970 abigendos.
482 1887 548 1947 Ideo
570 1886 630 1966 lupi
645 1886 708 1966 jure
732 1886 820 1946 vocati
841 1900 903 1945 sunt
916 1899 966 1947 eta

1020 876 1065 910 και
1082 852 1242 912 πλανώντων
1257 850 1378 919 πολλούς.
1408 851 1463 911 Καί
1477 849 1663 912 πόθεντοῖποοι
1690 862 1695 881 ’
1765 876 1768 881 ⁴

1021 954 1083 1001 κεν;
1105 935 1190 1004 Δῆλον
1210 931 1251 991 ότι
1267 933 1297 990 ἐκ
1314 937 1362 1004 τῆς
1381 929 1516 1010 ἀγνωσίας
1537 929 1580 988 καί
1597 918 1716 1014 ἅπειρίιςῄ
1766 970 1768 998 :

1020 1011 1220 1090 προϊσταμένων
1230 1037 1236 1049 ’
1248 1014 1312 1071 ὅπου
1322 1011 1374 1092 γδιρ
1389 1008 1500 1089 ἀπειρία
1511 1009 1635 1087 ποιμένων,
1645 1015 1715 1101 ἐηῑςμ
1765 1052 1768 1063 .

1021 1089 1109 1149 dolrem
1125 1090 1255 1152 insilere.
1276 1092 1312 1151 Τί
1328 1081 1371 1150 ode
1383 1089 1453 1150 εἴποι
1468 1091 1714 1172 πρῶτονςπετίτῖγαε
1761 1111 1764 1117 ·

1020 1169 1121 1239 τελείας
1131 1176 1226 1250 ἡμῶν,
1242 1171 1259 1241 ἢ
1273 1175 1325 1230 τῶν
1341 1169 1426 1230 ἀθέων
1437 1171 1573 1250 αἱρετικῶν
1582 1125 1714 1240 wileriud
1765 1212 1768 1216 -

1021 1247 1122 1327 βέύηλα
1136 1250 1256 1331 δόγματα
1266 1276 1274 1325 ;
1285 1252 1319 1310 El
1332 1250 1426 1331 καιρός
1440 1241 1483 1322 ἦν,
1497 1237 1566 1328 εἶχον
1576 1247 1601 1306 ἂν
1610 1254 1713 1331 lauretto

1020 1328 1064 1387 καί
1086 1332 1258 1409 δημοσιεῦσαι
1280 1334 1365 1390 αὐιιῦν
1382 1328 1417 1389 τὰ
1438 1327 1713 1407 βέθηλαδόγματα,ιιίιί
1755 1347 1759 1358 “

1019 1408 1122 1487 ἄθεσμα
1138 1411 1294 1492 πράγματα·
1307 1409 1376 1470 ἀλλά
1389 1409 1473 1489 μέγας
1484 1407 1553 1468 ἐστίν
1564 1412 1576 1467 ό
1588 1407 1647 1487 ἀγόν,
1655 1411 1713 1474 τείπ-

1020 1486 1066 1555 lt<
1083 1493 1098 1547 ὁ
1123 1487 1208 1570 λόγος,
1228 1490 1261 1549 τὰ
1283 1489 1384 1550 τούτων
1398 1491 1539 1568 γυμνῶσαι
1555 1486 1595 1547 καί
1609 1491 1711 1568 θριιμίιῖσι

1021 1567 1158 1648 ἀκάθαρτα
1179 1568 1308 1650 δόγματα.
1334 1567 1412 1640 Πλὴν
1425 1568 1493 1648 πρὸς
1507 1567 1540 1626 τὸ
1550 1567 1620 1646 παρόν
1630 1571 1711 1647 humi

1022 1649 1078 1706 ίστι
1096 1655 1269 1731 παραστῆσαι
1284 1653 1314 1709 ἐκ
1330 1651 1383 1708 τῶν
1402 1647 1485 1728 ἀγίων
1505 1648 1607 1727 Γραμῗιν
1620 1647 1710 1720 rmore&
1763 1710 1768 1720 ³

1021 1726 1130 1808 ἐχθρούς
1143 1735 1189 1789 τοῦ
1202 1730 1337 1810 Χριστοῦ,
1356 1727 1402 1786 καί
1416 1727 1512 1795 λύκοις
1523 1732 1568 1799 τῆς
1579 1726 1710 1804 αθιοῖπιίμνς,
1753 1765 1768 1797 ,-

1021 1812 1159 1887 πανταχοῦ
1175 1809 1370 1887 ἐλαυνομένους,
1386 1809 1433 1867 καὶ
1446 1803 1710 1888 ἐκύαλλομένοιςιέινλρ

1022 1893 1084 1945 ατοῦ
1106 1886 1256 1966 προύοίτων.
1285 1887 1334 1946 ato
1355 1888 1402 1946 καί
1423 1886 1499 1947 λύκοι
1522 1885 1615 1952 δικαίως
1624 1885 1709 1956 hillino
1750 1903 1752 1907 ’

225 1969 375 2111 prophetis,
388 1985 413 2029 et
426 1969 462 2028 ab
478 1967 536 2048 ipso
555 1967 681 2039 Domino,
694 1979 719 2024 et
733 1986 749 2024 a
762 1964 846 2025 beatis
860 1979 967 2047 aposto·
985 1987 1002 2033 ε
1023 1965 1073 2024 ὑπὸ
1086 1971 1137 2024 τῶν
1151 1972 1303 2047 προρητῶν,
1316 1966 1362 2025 καὶ
1376 1970 1457 2027 αὐτοῦ
1467 1970 1513 2027 τοῦ
1525 1965 1639 2032 Διοπύπυ,
1647 1964 1708 2025 aaa

237 2072 279 2127 rs;
293 2071 342 2109 uec
355 2048 435 2108 modo
447 2046 518 2128 lupi,
536 2044 582 2105 sed
596 2045 751 2127 perniciosi,
765 2045 854 2126 impii,
864 2046 965 2122 hostes,

226 2129 337 2204 inimici,
349 2128 531 2196 insidiatores,
542 2125 703 2205 blasphemi,
712 2125 873 2207 hypocritae,
885 2126 967 2202 sures,

225 2211 351 2284 latrones,
362 2205 547 2282 abominandi,
562 2205 623 2263 salsi
636 2205 785 2342 pppphetae,
799 2204 859 2264 salsi
874 2203 966 2266 docto-

225 2309 284 2366 res,
302 2288 385 2348 duees
402 2286 479 2361 caci,
503 2304 622 2358 errones,
702 2284 772 2364 igni,
798 2283 966 2362 antichristi,

225 2365 369 2442 scandala,
392 2365 444 2425 lilii
471 2363 556 2424 hostis
582 2362 711 2454 maligui,
737 2362 851 2440 aimoin,
881 2363 967 2439 athei,

226 2445 470 2528 pneumatomachi,
479 2444 527 2524 qui
541 2444 568 2502 in
584 2441 718 2525 Spiritum
734 2443 826 2524 gratiae
838 2442 966 2524 blasphe-

227 2540 300 2586 mant
318 2550 325 2583 :
346 2526 446 2605 quihus
466 2545 519 2584 non
539 2522 691 2583 remittetur
706 2543 791 2602 neque
811 2521 907 2582 inhoc
918 2545 968 2584 se·

75 2620 215 2666 arcena
228 2608 288 2667 culo
306 2627 393 2685 neque
413 2604 440 2664 in
460 2605 574 2664 futuro:
592 2604 652 2662 Per
664 2623 744 2694 ‘quos
761 2606 815 2660 via
832 2606 968 2666 veritatis

78 2788 178 2830 idean.
191 2767 266 2834 nait
286 2767 293 2788 '
314 2765 442 2846 heologus
462 2788 469 2822 ι
492 2765 649 2855 Manifesti
670 2775 738 2823 sunt
756 2763 823 2846 filii
847 2763 981 2824 diabolis·

78 2860 114 2892 10.

228 2687 487 2826 blasphemabitur.
500 2683 543 2743 Ad
551 2683 619 2760 haee,
631 2681 682 2741 lrln
691 2681 804 2761 maligni
814 2681 927 2759 diaboli,
939 2697 970 2744 ut

228 2848 342 2930 Oportet
354 2866 418 2927 ergo
429 2845 550 2926 primum
560 2865 630 2903 orrea
639 2842 706 2902 istos
712 2843 847 2923 occupari,
858 2857 884 2903 et
891 2857 967 2936 ρυεῖ-

81 2956 100 2985 ι.
118 2941 172 2988 cor.
183 2958 216 2988 ιο.
229 2947 258 2987 ea
282 2926 318 2988 de
339 2924 566 2986 consummatione
577 2922 666 3003 loqui.
682 2922 908 3001 Quandoquidem
919 2944 969 3005 igr·

228 3021 274 3066 tur
284 3006 313 3066 in
323 3028 372 3066 nos
385 3006 452 3065 lines
463 3004 623 3065 saeculorum
632 3003 806 3072 devenerunt,
817 3015 847 3062 ut
856 3004 919 3063 aita

228 3086 323 3160 stolus,
339 3099 365 3146 et
374 3099 465 3146 exorta
484 3097 547 3144 suut
558 3096 679 3174 tempora
690 3081 824 3157 difficilia,
838 3095 864 3141 et
877 3025 970 3143 mulli-

1023 2067 1097 2121 μακα
1116 2044 1161 2104 ίων
1182 2046 1352 2107 ἀποστόλων·
1365 2046 1413 2105 καί
1427 2049 1457 2106 οὐ
1471 2045 1547 2124 μόνον
1557 2043 1709 2119 reaestuat
1747 2070 1768 2109 η

1021 2071 1124 2222 λοιμοί,
1137 2125 1183 2184 καί
1199 2127 1319 2200 ἀσεύεῑς,
1338 2125 1384 2185 καὶ
1397 2125 1541 2199 ἀντίδικοι,
1558 2124 1598 2183 καὶ
1608 2120 1710 2203 &phalari
1764 2137 1768 2186 ζ

1023 2203 1165 2278 ἕπιύουλοι,
1175 2206 1221 2265 καί
1233 2205 1396 2305 βλέσρημοι,
1404 2204 1450 2264 καί
1461 2200 1712 2286 ὑποκριταίιαὶιίίπα,
1749 2212 1768 2281 εξ

1023 2282 1068 2342 καί
1088 2285 1202 2360 λησταί,
1219 2286 1264 2345 καί
1286 2285 1434 2365 βδελυκτοὶ,
1454 2284 1500 2344 καί
1510 2280 1714 2364 ψευδοπρνρῆτοῌό
1748 2286 1750 2290 ’

1022 2352 1272 2442 ψευδοδιδάσκαλοι,
1288 2364 1333 2424 καὶ
1347 2363 1438 2444 ὁδηγοί
1507 2362 1562 2437 λοί,
1580 2363 1616 2421 καί
1631 2363 1715 2431 dmin,
1755 2368 1760 2381 '

1024 2442 1070 2501 καί
1084 2444 1205 2524 πονηροί,
1219 2445 1265 2503 καί
1276 2388 1511 2526 ἀντίχρωτοηίίιθ
1524 2436 1719 2514 aestuanti

1023 2527 1069 2581 τοῦ
1078 2529 1202 2606 πονηροῦ,
1214 2524 1260 2584 καί
1274 2524 1385 2599 ζιζάνια,
1402 2523 1448 2583 καί
1460 2524 1542 2598 ἄθεοι,
1553 2516 1726 2598 solumunod-
1756 2521 1759 2525 ’

1024 2625 1086 2681 χοι,
1099 2608 1124 2664 οἱ
1138 2604 1377 2686 βλασφημήσαντα
1386 2604 1418 2663 τδ
1433 2606 1545 2681 Πνεῦμα
1555 2606 1598 2673 τῆς
1609 2588 1722 2680 planeda
1766 2642 1768 2651 ι

1025 2685 1071 2742 οὐκ
1085 2682 1245 2764 ἀφεθήσεται
1259 2683 1319 2744 οὔτε
1332 2687 1358 2744 ἐν
1369 2688 1409 2764 τῷ
1418 2691 1463 2745 νῦν
1475 2686 1558 2754 αἰῶνι,
1570 2680 1621 2741 ὥτε
1630 2675 1732 2755 dumph·

1024 2764 1096 2824 λοντι
1105 2789 1110 2801 ·
1119 2766 1162 2823 Δι’
1176 2762 1248 2838 οθςὴ
1262 2764 1320 2832 θδδς
1334 2768 1381 2837 τῆς
1393 2762 1517 2849 ἀληθείας
1531 2738 1729 2842 βλαορημηθίιοί

1025 2844 1052 2902 Π
1070 2844 1097 2911 *oe
1109 2843 1137 2905 δὲ
1146 2842 1247 2910 τούτοις
1259 2844 1304 2904 καί
1317 2843 1397 2905 τίκνα
1410 2849 1457 2904 τοῦ
1470 2848 1581 2925 πονηροῦ
1592 2837 1690 2911 tietdo,
1699 2856 1731 2909 ιω

1025 2869 1076 2992 θεός
1099 2949 1178 3004 φησιν
1199 2929 1213 2984 ό
1238 2922 1372 3005 θεολόγος·
1394 2921 1506 3003 Φανεροί
1527 2926 1581 2982 ἐστι
1599 2918 1693 2980 eleum
1716 2918 1730 2938 ⁸

1025 3003 1156 3064 διαύόλου.
1180 3009 1228 3064 Δεῖ
1242 2994 1286 3063 οῦν
1300 3008 1405 3086 πρῶτον
1418 3002 1481 3082 περί
1493 3001 1588 3062 τούτων
1600 3005 1646 3078 einp

1025 3084 1070 3143 καί
1088 3083 1147 3144 τότε
1165 3102 1200 3144 πε
1216 3083 1286 3156 iri<
1303 3082 1453 3150 συντελείας
1465 3085 1589 3154 λαλῆσαι.
1605 3067 1704 3140 ’tuteli
1727 3086 1736 3111 '·

228 3166 326 3245 plicata
339 3179 378 3225 est
387 3163 524 3243 iniquitas,
535 3162 694 3241 rel'rixrtque
703 3164 798 3222 caritas
810 3163 968 3237 multorum,
987 3199 1011 3235 7³
1025 3170 1097 3239 ἡμᾶς
1119 3164 1153 3224 τὰ
1175 3167 1237 3235 τελη
1265 3166 1317 3222 τῶν
1348 3162 1450 3222 αἰώνων
1478 3160 1600 3244 ίρθασεν,
1622 3157 1737 3241 θείίνῖῑ,

228 3245 433 3324 seductorcsque
446 3242 524 3302 multi
538 3256 609 3317 sunt,
625 3263 656 3299 ac
671 3243 763 3322 plures
776 3242 822 3320 qui
838 3243 971 3304 seducun.
991 3254 1008 3298 Α
1028 3244 1189 3313 ἀπόστολος,
1215 3244 1260 3302 καί
1285 3243 1431 3316 ἀνέστησαν
1453 3247 1477 3302 οἱ
1500 3241 1607 3324 χαλεποί
1628 3230 1743 3333 ratpald·

228 3340 288 3402 tur,
305 3346 365 3404 age,
388 3346 477 3383 sacros
492 3322 577 3382 libros
600 3321 766 3396 evolvamus,
786 3321 813 3380 in
829 3321 915 3401 iisqne
931 3346 971 3382 re-

229 3419 305 3486 perta
319 3404 440 3463 veritatis
451 3404 506 3477 via,
522 3423 569 3482 per
580 3423 638 3460 eam
648 3400 813 3476 incedamus,
827 3415 852 3460 et
863 3401 899 3460 ad
915 3425 972 3462 san·

231 3498 288 3542 ctos
313 3497 416 3542 montes
440 3501 613 3541 accurramus
619 3504 629 3557 3
645 3479 681 3539 ad
694 3481 839 3560 prophetas
862 3480 923 3540 dico
946 3496 972 3540 et

79 3575 163 3631 epau.
181 3573 205 3633 4.
231 3563 375 3645 apostolos,
394 3576 423 3620 ut
443 3581 496 3620 non
515 3580 642 3632 erremus,
661 3580 710 3617 nec
724 3561 974 3641 Circumferamur

84 3649 90 3678 l
114 3671 118 3679 .

233 3647 312 3701 omni
325 3655 415 3701 vento
426 3642 572 3713 doctrino,
583 3644 615 3697 in
627 3643 759 3718 neqaaitia
769 3642 929 3713 hominum,
942 3645 973 3700 in

232 3725 344 3783 astutia
364 3722 406 3780 ad
426 3723 700 3781 circumventionem
716 3723 830 3778 erroris.
846 3720 887 3778 Ne
904 3719 974 3779 infra

233 3823 396 3875 maneamus,
411 3801 458 3860 sed
467 3799 549 3859 simul
555 3797 729 3860 ascendamus
743 3820 805 3856 cnm
818 3799 915 3859 sanctis
929 3800 973 3859 di-

232 3880 494 3964 scipulisadbeatum
503 3877 829 3957 montem‚audiamusqne
838 3880 974 3939 Pastorem

81 3972 137 4014 ane.
148 3984 187 4018 ar.
198 3971 220 4018 8.
234 3961 499 4025 nostrumdiccntem
514 3983 521 4015 ι
539 3960 640 4017 Wdete
656 3979 691 4016 ne
708 3960 910 4017 seducamini:
929 3963 975 4018 Vi·

82 4035 168 4118 llff‘l·
184 4034 222 4094 ²4·
233 4045 298 4102 dete
308 4064 345 4101 ne
353 4045 417 4122 quis
427 4061 482 4098 uos
490 4039 610 4098 seducat
622 4061 631 4094 .·
643 4037 850 4116 videteubique.
861 4041 975 4100 loannes

81 4118 106 4201 ζ’,
118 4160 187 4202 ,οΜ
200 4157 223 4203 8.
234 4145 341 4202 qnoque
356 4120 457 4180 similia
475 4118 543 4177 dicit
559 4143 565 4175 :
581 4120 627 4177 Ne
638 4119 769 4197 perdatis
784 4139 849 4198 qum
864 4126 976 4198 operati

83 4221 223 4280 Junrrpas.
235 4209 301 4264 estis
303 4228 315 4272 ;
326 4217 352 4261 et
360 4200 475 4260 Paulus:
486 4200 587 4257 Wdete
595 4218 682 4256 canes
696 4221 705 4252 .-
720 4198 821 4255 Vadete
832 4201 975 4288 quomodo

84 4285 167 4338 Epaes.
186 4283 209 4328 ⁵·
235 4284 401 4342 umbreletis.
418 4278 492 4338 lllud
510 4293 608 4353 autem,
631 4278 742 4348 Videte,
760 4276 796 4335 ad
816 4278 887 4336 nihil
900 4278 976 4337 aliud

87 4346 123 4391 15.

234 4362 345 4436 dieitur,
359 4382 440 4440 apuam
454 4359 490 4418 ad
503 4373 621 4417 nostram
635 4357 744 4415 tutelam
754 4370 845 4416 contra
858 4379 914 4433 eos,
930 4359 976 4438 qui

1028 3328 1044 3394 ἡ
1072 3323 1168 3401 ἀνομία
1196 3322 1364 3395 ἐπληθύνθη,
1388 3323 1433 3381 καὶ
1463 3327 1481 3393 ἡ
1509 3323 1651 3401 ἀγόπητιῦν
1672 3318 1733 3376 πτίλα

1029 3403 1125 3482 ἔμύγη,
1151 3403 1195 3462 καί
1218 3405 1242 3462 ol
1269 3406 1420 3469 πλανῶντες
1443 3401 1553 3470 πολλοί,
1579 3400 1619 3460 καί
1636 3403 1656 3457 οί
1672 3390 1735 3455 eud

1029 3506 1102 3559 μενοι
1128 3483 1264 3549 πλείονες’
1294 3483 1356 3562 φέρε
1379 3473 1423 3541 οθν
1447 3481 1629 3558 ἀναπτύξωμεν
1647 3478 1682 3544 τίς
1695 3472 1742 3573 'eph

1030 3562 1147 3639 βίύλους,
1181 3567 1207 3623 έν
1232 3553 1273 3629 αἶς
1300 3561 1417 3641 εὑρόντες
1444 3561 1493 3634 τὴν
1519 3563 1575 3621 δδθν
1595 3566 1636 3631 τῆς
1654 3560 1741 3627 dicht,-

1030 3641 1194 3721 βαδίζωμεν,
1210 3643 1396 3724 ἀνατρέχοντες
1409 3642 1453 3701 ἐπὶ
1467 3641 1502 3701 τά
1515 3641 1577 3714 ἅγια
1590 3642 1640 3720 ὄρη,
1652 3637 1737 3715 spiriu

1029 3721 1098 3801 λέγω
1110 3722 1155 3780 καί
1170 3721 1338 3795 ἀποστόλους,
1352 3721 1424 3788 ὅπως
1437 3720 1475 3801 μὴ
1487 3700 1736 3797 πλανηθῶμεν,ιιίίίι·

1032 3800 1197 3881 ριρεριύμεθα
1220 3805 1245 3860 έν
1260 3801 1339 3860 παντί
1353 3802 1444 3881 ἀνέμῳ
1459 3806 1508 3872 τῆς
1520 3798 1682 3866 διδασκαλίας,
1692 3799 1709 3854 έν
1719 3794 1743 3869 τί

1030 3881 1123 3962 κυόείογ
1145 3886 1196 3940 τῶν
1216 3882 1369 3961 ἀνθρώπων,
1386 3885 1412 3940 ἐν
1432 3880 1578 3962 πανουργίᾳ
1590 3880 1646 3960 πρὸς
1655 3877 1745 3951 ripum

1031 3959 1101 4019 δείαν
1113 3966 1160 4031 τῆς
1171 3960 1281 4034 πλοίνης.
1303 3963 1350 4033 Μὴ
1361 3961 1435 4019 κοίτω
1449 3960 1589 4038 μείνωμεν,
1600 3959 1657 4018 ἀλλά
1665 3952 1739 4014 mered·

1032 4045 1116 4116 θωμεν
1136 4051 1188 4107 τοῖς
1211 4040 1295 4120 ἁγίοις
1313 4046 1444 4118 μαθηταῖς
1459 4040 1503 4100 ἐπὶ
1513 4041 1544 4100 τὸ
1555 4034 1703 4120 ύροςτδμοιί

1031 4120 1076 4179 καί
1095 4121 1248 4197 ἀκούσωμεν
1262 4129 1307 4182 τοῦ
1317 4120 1448 4202 ἡμετέρου
1457 4119 1581 4198 ποιμένος
1589 4118 1693 4197 λέγοντος·
1740 4190 1744 4195 ¹

1032 4224 1094 4258 τετε
1108 4199 1145 4277 μὴ
1163 4203 1333 4274 πλανηθῆτε·
1348 4201 1465 4275 Βλέπετε
1479 4201 1516 4278 μή
1529 4224 1569 4267 τις
1583 4205 1644 4277 ὑμᾶς
1654 4193 1740 4268 τίονίς·

1032 4288 1168 4361 πανταχοῦ
1189 4280 1308 4358 βλέπετε.
1328 4280 1382 4339 Καὶ
1402 4280 1529 4352 Ὶωοίννης
1545 4279 1618 4357 ὅμοια
1630 4279 1696 4355 λέγει·
1707 4271 1741 4331 'ht

1035 4358 1072 4436 μὴ
1083 4362 1229 4431 ἀπολέσητε
1240 4359 1429 4439 ἀείργύσασθε·
1442 4360 1488 4418 καί
1499 4362 1611 4432 Παῦλος,
1618 4347 1743 4418 Βλέπε-,τιὰ

236 4442 286 4500 sub
301 4443 379 4500 ovina
394 4440 463 4520 pelle
480 4437 620 4506 seducunt,
635 4452 660 4495 et
674 4438 769 4516 lupum
787 4437 931 4512 occultant,
947 4460 977 4497 ac
997 4455 1014 4498 u
1034 4439 1120 4507 κύνας·
1131 4440 1246 4499 Βλέπετε
1257 4445 1313 4506 πῶς
1323 4449 1505 4520 περιπατεῖτε.
1517 4440 1558 4500 Τὸ
1569 4439 1604 4512 δὲ,
1615 4427 1756 4527 liliata&

237 4521 441 4604 negligentiores
449 4517 589 4577 seducunt.
607 4518 683 4575 Certe
698 4517 845 4574 necessario
861 4517 888 4574 in
902 4518 976 4577 Scri-

238 4600 326 4681 pturis
347 4599 446 4679 ubique
466 4597 583 4655 occurrit
605 4596 685 4671 illud,
708 4595 817 4671 Videte,
840 4597 976 4678 respicite,

238 4680 356 4760 vigilate,
379 4677 519 4748 attendite,
538 4698 590 4734 non
608 4675 688 4735 inodo
704 4676 791 4749 vobis,
817 4675 904 4736 sedet
921 4678 979 4736 uni—

238 4782 314 4819 verso
336 4758 421 4838 gregi.
446 4755 544 4814 Divina
568 4778 683 4834 namque
710 4755 862 4836 Scriptura,
887 4778 980 4816 comm

237 4861 297 4919 qum
313 4838 390 4898 nohis
404 4835 546 4919 proderant
556 4835 624 4894 nihil
638 4834 730 4894 tacuit.

276 5166 304 5221 3.
326 5161 397 5220 lllihi
416 5180 481 5219 vcro
503 5171 647 5238 erumpunt
668 5160 805 5239 lacrymae,
819 5179 881 5217 cum
896 5158 977 5218 audio

236 5241 367 5320 quosdam
380 5263 415 5301 ox
434 5252 523 5301 nostra
537 5237 658 5298 Ecclesia
668 5237 769 5316 dicere,
783 5237 840 5297 hec
863 5238 891 5299 in
905 5237 975 5299 divi-

1034 4520 1160 4594 Βλέπετε,
1169 4519 1240 4579 οὐδέν
1252 4518 1339 4601 ἕτερόν
1349 4524 1429 4593 ἐστιν,
1437 4523 1461 4580 εἰ
1473 4516 1753 4599 μὴπρόςύμετέρυνίιξεΙ

1033 4601 1105 4659 λειαν
1127 4600 1262 4681 εἰρημένον
1283 4599 1344 4680 περί
1359 4606 1413 4660 τῶν
1424 4600 1585 4660 πλανώντων
1596 4603 1630 4680 τῷ
1639 4596 1710 4674 κωδίῳ,
1720 4584 1753 4649 ff

1034 4681 1077 4739 τδν
1095 4681 1171 4740 λύκον
1192 4678 1422 4760 ὑποκρυπτόντων,
1437 4680 1483 4739 καί
1498 4679 1650 4739 ἀπατὼντων
1660 4674 1757 4741 rsisll'·

1034 4761 1180 4839 λεστέρους.
1202 4760 1278 4819 Πάνυ
1294 4757 1321 4817 δὲ
1340 4761 1491 4840 ἀναγκαίοις
1506 4765 1637 4839 πανταχόύ
1651 4749 1747 4834 εἴρηταί

1035 4848 1092 4908 ταῖς
1103 4842 1229 4920 Γραραῖς,
1241 4841 1282 4913 τὸ,
1300 4839 1420 4916 βλέπετε,
1431 4839 1478 4898 καί
1490 4845 1578 4920 δρᾶτε,
1589 4839 1631 4898 καί
1640 4837 1749 4917 γρηγορῶν

1036 4921 1080 4979 καὶ
1102 4919 1255 5019 προσέχετε,
1266 4924 1295 4979 οὐ
1312 4919 1389 4978 μόνον
1411 4923 1526 4992 ἑαυτοῖς,
1542 4919 1609 4979 ἀλλὰ
1619 4908 1750 4984 retroiri
1766 4922 1768 4931 '

1035 5023 1158 5079 ποιμνιῳ.
1189 4999 1273 5058 Οὐδὲν
1291 4976 1343 5079 γδρ
1356 4998 1549 5078 παρεσιιύπησε
1565 5002 1615 5058 τιῦν
1627 5003 1750 5074 ἣμῖνωμγ

1035 5079 1131 5160 ρόντων
1147 5087 1164 5151 ἡ
1180 5078 1237 5139 θεία
1247 5080 1350 5159 Γραρή.
1746 5143 1750 5161 .

1072 5160 1152 5238 Ἐμοί
1168 5159 1195 5220 δὲ
1220 5159 1338 5239 δακρύειν
1366 5159 1520 5239 ἐπέρχεται,
1537 5159 1599 5220 όταν
1621 5155 1705 5219 ἀκούοι)
1723 5151 1754 5206 ἃ)

1030 5245 1077 5314 τῆς
1090 5237 1219 5319 ἡμετέρας
1229 5239 1392 5312 ’Βκκλησίας
1403 5228 1477 5309 rud<
1488 5241 1622 5322 λέγοντας,
1636 5235 1667 5315 μί.
1678 5232 1756 5313 tirhtil
