3750 5940
229 367 273 441 52
550 396 580 443 S.
609 394 752 444 JOANNIS
778 394 960 443 cunrsosu.
987 392 1144 446 tucatur.
1173 399 1446 450 cousrauttuov.

226 514 340 575 dicentis
349 514 527 594 potentia3sin
543 531 633 578 autem
650 516 730 579 illum
738 517 785 594 qui
794 529 820 575 et
828 515 932 574 animas
941 509 968 574 et
1022 524 1131 578 τοιαῦτα
1151 523 1247 597 ζητεῖν,
1267 519 1335 583 ἀλλδ
1358 525 1410 582 δεῖν
1429 520 1561 582 πιστεύειν
1583 522 1661 600 μόνον
1684 522 1731 584 καί
1756 521 1797 602 μὴ

226 629 339 687 corpora
355 607 471 683 creavit,
485 621 511 666 et
523 608 599 667 nulla
610 608 808 689 comparatione
820 617 969 666 ereaturam
1022 611 1238 692 περιεργάζεσθαι
1251 615 1282 674 τὸ
1301 613 1448 696 εἰρημένω,
1459 617 1590 694 ἀρκοῦσαν
1610 613 1705 695 ἔχοντα
1723 617 1797 676 ἀπό-

227 699 382 760 universam
405 714 562 781 exsuperat,
580 700 638 760 sine
660 699 796 781 principio
820 720 876 758 esse
894 698 970 758 dica·
1021 702 1099 771 δειξιν
1112 705 1304 784 τοῦλεχθέντος-
1315 705 1363 778 τὴν
1375 704 1483 782 δύναμιν
1495 713 1541 766 τοῦ
1559 706 1707 787 εἰρηκότος·
1724 706 1756 768 ἂν
1767 708 1798 768 δὲ

227 811 302 864 mus,
320 804 349 849 tu
374 790 552 871 interrogabis
576 792 712 871 quomodo
739 791 770 850 id
789 792 891 850 factum
913 790 970 849 sit?
1021 794 1066 853 τὸν
1080 794 1166 874 ψυχὰς
1179 796 1225 854 καί
1245 795 1359 875 σώματα
1382 797 1572 878 ἐργασάμενον,
1596 797 1644 856 καί
1667 804 1716 872 τῆς
1736 800 1800 860 κτί-

228 882 330 960 Ecquis
346 904 416 942 sanae
438 884 534 944 mentis
549 884 608 944 haec
623 906 679 944 esse
694 884 813 943 dixerit?
829 883 891 961 quis
902 883 970 943 bene
1023 909 1088 953 σεως
1102 887 1207 961 ἀποίοης
1224 889 1387 970 ἀσυγκρίτως
1408 889 1582 972 ὑπερέχοντα,
1600 889 1714 971 ἄναρχον
1730 882 1799 952 εἶναι

144 1004 219 1033 neom·
229 973 345 1034 valentis
360 975 445 1035 animi
455 991 481 1036 et
491 976 644 1036 ratiocinii?
662 975 784 1036 Audistis
793 974 877 1051 illud,
895 978 972 1034 Erat
1024 981 1123 1058 φῶμεν,
1147 982 1191 1041 τὸν
1214 981 1309 1062 τρόπον
1328 989 1400 1059 ἡμᾶς
1423 981 1600 1055 ἀπαιτήσειςς
1623 982 1678 1042 Καὶ
1698 983 1741 1050 τίς
1766 985 1798 1042 δν

84 1065 116 1153 ’,ζ’
126 1066 220 1158 ’ζῗδζοζ
230 1066 283 1125 lux
293 1087 377 1126 vera.
389 1066 466 1138 Quid
477 1068 576 1128 frustra
584 1067 737 1142 contendis,
746 1081 777 1126 ut
793 1066 928 1126 infinitam
937 1065 971 1124 il·
1023 1078 1106 1132 ταῦτα
1122 1074 1312 1147 καθεστηκυίας
1323 1064 1390 1133 ε’ίναι
1407 1071 1473 1154 φαίη
1483 1075 1584 1155 ψυχῆς,
1596 1073 1655 1141 Ιτίς
1666 1075 1694 1134 δὲ
1710 1075 1800 1156 ῦγιαί·

78 1188 87 1215 ι
103 1189 128 1217 ru
140 1191 166 1218 au
185 1191 205 1219 ε.
227 1158 284 1217 lam
296 1157 383 1218 vitam
397 1159 538 1218 ratiocinio
551 1159 717 1238 assequaris,
739 1181 798 1237 quae
811 1180 864 1217 uon
885 1171 973 1238 potest
1023 1187 1110 1231 νοντος
1124 1167 1264 1246 λογιομοῦ;
1274 1165 1407 1234 Ἤκουσας
1417 1164 1458 1225 ὅτι
1471 1155 1524 1226 ’Ἦν
1540 1169 1570 1227 τὸ
1582 1171 1637 1248 φῶς
1654 1166 1685 1226 τδ
1699 1170 1798 1241 ἀληθη-

229 1251 351 1330 attingi?
366 1251 434 1330 quid
450 1252 549 1331 quaeris
564 1275 595 1312 ea
611 1273 672 1332 quae
696 1252 805 1330 exquiri
818 1252 971 1330 nequeunt?
1024 1253 1076 1314 νόν.
1088 1255 1125 1315 Τί
1138 1260 1290 1337 φιλονεικεῖς
1306 1260 1364 1338 εἰκῇ
1378 1257 1424 1318 καί
1438 1256 1524 1336 μάτην
1536 1257 1741 1339 ὑπερακοντίσαι
1759 1264 1799 1342 τῷ

228 1366 277 1403 eur
288 1343 569 1425 incomprehensibilia
579 1344 727 1404 scrutaris?
736 1366 784 1403 cur
795 1344 933 1403 examinas
942 1366 972 1406 ea
989 1350 1007 1396 B
1025 1349 1144 1428 λογισμῷ
1155 1348 1203 1423 τὴν
1217 1350 1325 1432 ἄπειρον
1338 1349 1437 1422 ταύτην
1449 1349 1517 1422 ζωήν
1524 1374 1532 1423 ;
1542 1348 1614 1410 Οὐδὲ
1628 1349 1681 1431 γὰρ
1694 1341 1748 1410 οἶόν
1759 1374 1799 1410 τε.

229 1456 288 1514 quae
304 1436 422 1495 examini
446 1458 499 1495 non
515 1436 817 1518 subjacentPSolarium
832 1434 972 1494 radiorum
1025 1437 1062 1497 Τί
1083 1441 1167 1512 ζητεῖς
1190 1439 1225 1499 rb
1251 1440 1386 1515 ἀζήτητας
1400 1440 1427 1499 τί
1448 1441 1608 1522 περιεργάζη
1635 1441 1670 1502 τὰ
1697 1441 1799 1502 ἀκατά·

228 1530 354 1610 perquire
381 1529 518 1607 radicem;
541 1551 593 1589 nou
616 1530 715 1611 poteris
740 1528 861 1608 assequi,
887 1549 973 1605 neque
1026 1533 1131 1604 ληπτας
1155 1529 1199 1589 ί’τί
1213 1535 1317 1613 ἐρευνᾷς
1340 1531 1375 1591 τὰ
1401 1531 1603 1616 ἀνεξερεύνητας
1625 1531 1799 1606 Κατανόησον

229 1635 318 1681 tamen
333 1622 499 1702 indignaris,
514 1643 600 1700 neque
611 1643 681 1701 aegre
689 1623 742 1681 fers
758 1620 972 1681 imbecillitatem
1025 1626 1078 1681 τῶν
1091 1625 1208 1696 ἡλιακῶν
1221 1624 1334 1684 ἀκτίνων
1352 1624 1400 1696 τὴν
1420 1623 1494 1704 ῥίζαν
1509 1623 1606 1696 adris-
1624 1627 1683 1685 ἀλλ’
1698 1628 1728 1685 οὔ
1749 1626 1798 1685 δυ-

229 1727 314 1772 tuam.
334 1713 390 1773 Cur
405 1714 506 1794 ergoin
523 1713 672 1794 majoribus
688 1712 781 1772 audax
795 1735 824 1771 es
845 1726 872 1771 ct
890 1727 971 1772 teme-
1025 1713 1107 1793 νήση,
1122 1715 1168 1774 καί
1185 1715 1258 1794 ὅμως
1279 1719 1326 1776 οὐκ
1345 1719 1362 1776 ἀ
1381 1724 1517 1789 ανακτεῑς,
1539 1714 1599 1776 οὐδὲ
1620 1716 1800 1798 δυσχεραίνεις

228 1804 334 1863 rarius?
350 1807 465 1866 Joannes
474 1804 548 1863 lilius
557 1804 685 1880 tonitrui,
699 1804 746 1883 qui
757 1803 893 1885 spirituali
907 1805 971 1863 tuba
1027 1804 1071 1864 tet
1084 1809 1117 1884 τῇ
1132 1805 1261 1887 ἀσθενείᾳ.
1277 1809 1340 1874 Πῶς
1354 1830 1397 1865 ουν
1421 1810 1447 1866 ἐν
1467 1815 1521 1874 τοῖς
1543 1807 1644 1886 μείζοσι
1667 1808 1800 1888 τολμηρδς

229 1898 316 1972 canit,
333 1897 381 1955 ubi
398 1897 484 1971 illud,
501 1899 577 1956 Erat
587 1919 623 1971 ,a
641 1896 745 1977 Spiritu
763 1896 884 1973 audivit,
903 1897 972 1955 nihil
1026 1895 1134 1975 γέγονας
1143 1897 1189 1956 καί
1200 1897 1333 1979 opertet-lt
1339 1922 1347 1971 3
1361 1896 1396 1957 Ὁ
1409 1900 1458 1967 τῆς
1468 1901 1578 1981 βροντης
1589 1899 1643 1966 υίὸς
1657 1897 1799 1972 Ἰωάννης,

228 1991 300 2049 ultra
316 1990 442 2069 quaesivit
461 2015 467 2046 ε
487 2004 513 2049 et
530 2003 561 2048 tu
578 2010 631 2048 non
655 1989 715 2070 pari
737 1989 824 2069 gratia
841 1987 972 2060 donatus,
1027 1987 1130 2047 ‘b'drrd
1148 1993 1196 2060 τῆς
1217 1988 1361 2070 σάλπιγγος
1376 1991 1452 2068 ἠχῶν
1474 1994 1521 2061 τῆς
1540 1994 1738 2068 πνευματικῆς,
1751 1989 1801 2064 τδ,

230 2084 328 2161 quiex
344 2082 459 2142 infirmis
476 2081 624 2141 ratiociniis
644 2081 699 2141 tuis
724 2081 857 2159 loqueris,
881 2081 973 2161 cogni-
1026 2068 1090 2151 Ἦν,
1104 2077 1219 2147 ἀκούσας
1231 2077 1305 2159 παρὰ
1317 2086 1363 2139 τοῦ
1377 2078 1547 2159 Πνειίματος,
1565 2078 1639 2140 οῦδὲν
1655 2080 1799 2154 ἐπεζήτησε

229 2175 310 2234 tionis
318 2175 393 2233 illius
402 2174 548 2232 terminum
563 2173 751 2232 transceudere
764 2171 887 2232 conaris?
895 2173 973 2232 Ideo·
1027 2171 1122 2230 πλέον·
1142 2169 1174 2230 σὺ
1187 2169 1296 2242 δὲδτῆς
1307 2171 1416 2253 χάριτος
1432 2174 1551 2255 ἀμοιρῶν
1561 2177 1609 2244 τῆς
1623 2171 1738 2246 ἐκείνω,
1753 2172 1800 2232 καί

230 2290 283 2346 que
305 2289 358 2326 non
381 2288 474 2348 parem
492 2266 533 2339 ei,
555 2287 637 2343 quam
656 2265 703 2323 ille
722 2264 834 2341 habuit,
851 2265 974 2324 notitiam
1027 2265 1042 2319 θ
1062 2262 1116 2320 ἀπδ
1134 2265 1187 2320 τῶν
1201 2261 1293 2321 δειλῶν
1313 2261 1487 2344 φθεγγόμενος
1495 2265 1641 2344 λογισμῶν,
1651 2263 1801 2347 θπερῦῆναι

233 2381 354 2438 unquam
370 2357 529 2436 assequeris.
551 2356 716 2437 Hujusmodi
727 2377 843 2433 namque
866 2355 975 2416 estdia-
991 2362 1010 2409 C
1026 2354 1058 2414 τδ
1082 2352 1176 2434 μέτρον
1196 2359 1244 2426 τῆς
1268 2353 1366 2415 ἐκείνου
1388 2353 1508 2434 γνώσεως
1532 2359 1701 2436 φιλονεικεῑςς
1726 2353 1800 2416 ‘Art

230 2451 289 2510 boli
317 2449 453 2510 calliditas
479 2473 485 2505 :
504 2470 549 2508 eos
571 2447 619 2527 qui
635 2448 677 2505 illi
693 2447 887 2525 obsequuntur,
897 2462 975 2506 extra
1026 2452 1103 2506 τοῦτο
1114 2451 1252 2528 τοιγαροῦν
1263 2445 1321 2506 οὐδὲ
1334 2447 1400 2528 πρὸς
1409 2447 1441 2506 τδ
1451 2447 1545 2530 μέτρον
1555 2454 1603 2521 τῆς
1614 2448 1713 2509 ἐκείνου
1727 2447 1800 2530 γνῶ·-

231 2542 361 2602 terminos
373 2563 390 2599 a
401 2544 458 2601 Deo
467 2541 545 2599 nohis
554 2539 656 2620 positos
664 2539 802 2613 transfert,
812 2540 888 2616 quasi
896 2539 976 2620 longe
1028 2562 1093 2606 σεως
1109 2536 1248 2616 ἀφικέσθαι
1261 2537 1369 2617 δυνήσῃ.
1387 2536 1504 2612 Τοιαύτη
1516 2539 1568 2621 γὰρ
1582 2545 1599 2614 ἡ
1616 2547 1662 2601 τοῦ
1676 2540 1803 2602 διαδέλου

231 2633 364 2693 ulteriora
383 2631 513 2711 attingere
536 2630 670 2711 possimus
693 2655 699 2686 :
722 2644 866 2711 postquam
885 2641 976 2690 autem
1029 2626 1162 2708 μεθοδεία·
1179 2627 1265 2708 ἐξάγει
1286 2627 1334 2707 μὲν
1352 2632 1405 2688 τῶν
1423 2629 1498 2713 παρὰ
1515 2637 1561 2690 τοῦ
1583 2633 1653 2692 Θεοῦ
1673 2633 1801 2693 δοθέντων

232 2727 283 2786 hac
296 2748 342 2807 spe
364 2725 522 2784 inescatosa
539 2723 636 2784 divina
655 2722 742 2801 gratia
760 2723 890 2796 extrusit,
912 2736 976 2783 tone
1027 2721 1095 2802 ὅρων
1105 2723 1170 2797 ἡμῖν
1180 2718 1239 2787 τοὺς
1248 2718 1418 2798 πειθομένους
1434 2724 1520 2803 αὐτῷ,
1532 2725 1569 2789 ὡς
1580 2722 1624 2782 ἐπὶ
1634 2725 1726 2804 πολλῷ
1738 2724 1803 2803 μείὲ·

232 2819 333 2880 demun
341 2839 394 2877 non
402 2816 483 2876 modo
491 2815 562 2875 nibil
570 2815 642 2874 ultra
653 2813 732 2873 addit
736 2837 746 2892 ρ
761 2814 896 2891 quomodo
904 2814 976 2875 enim
1028 2811 1188 2884 ζοσιν·δταν
1204 2809 1233 2871 δέ
1250 2820 1309 2880 ταῖς
1325 2812 1414 2873 ἐλπίσι
1432 2812 1540 2882 ταίπαις
1560 2812 1686 2882 δελεάσας
1698 2815 1804 2898 ἐκῦάλη

232 2910 263 2969 id
279 2912 375 2969 laceret
382 2955 390 2986 ,
405 2907 531 2969 diabolus
543 2928 607 2967 cum
618 2905 671 2966 sit?
691 2905 740 2966 sed
756 2925 804 2965 noc
819 2905 884 2967 sinit
896 2919 927 2965 ut
940 2906 977 2965 ad
1028 2911 1076 2978 τῆς
1096 2911 1142 2966 τοῦ
1162 2907 1232 2965 Θεοῦ
1252 2904 1377 2987 χάριτος,
1396 2905 1456 2966 τότε
1475 2905 1567 2965 λοιπὸν
1588 2908 1617 2966 od
1634 2905 1711 2984 μόνον
1728 2904 1805 2968 αθδίν

231 3004 338 3085 priora,
355 3002 383 3061 in
397 3001 473 3080 queis
484 3013 543 3060 tuto
560 3000 745 3076 versabamur,
761 2996 901 3058 redeamus
906 3021 916 3078 ρ
929 3019 977 3060 ve·
1029 2998 1107 3059 πλέον
1116 2995 1296 3077 προσδίδωσι,
1309 2998 1383 3078 (πῶς
1393 2997 1445 3081 γὰρ
1460 2998 1579 3066 διάὸολος
1588 2997 1656 3074 dim)
1668 3001 1726 3060 ἀλλ’
1741 3000 1803 3061 υθδδ

231 3117 294 3156 rum
305 3095 409 3154 circum
423 3114 529 3172 quaque
548 3091 606 3171 agit
625 3104 756 3167 errantes,
780 3090 829 3172 qui
844 3111 976 3170 nusquam
1030 3093 1065 3156 είς
1082 3087 1117 3147 τὰ
1140 3089 1271 3171 πρότερα,
1290 3088 1353 3149 ἔνθα
1374 3093 1498 3171 ἀσφαλῶς
1517 3090 1564 3150 καί
1578 3091 1693 3170 βεῦαίως
1705 3090 1805 3175 διετρί-

231 3187 374 3248 consistere
385 3185 530 3265 possimus.
545 3184 592 3243 Sic
605 3182 725 3264 primum
734 3195 872 3263 parentem
883 3202 917 3241 ex
928 3203 976 3264 pa·
1030 3184 1119 3261 ὅομεν,
1135 3181 1241 3263 ἀφίησιν
1262 3184 1421 3257 ἐπανελθεῖν,
1435 3181 1505 3242 ἀλλὰ
1528 3188 1664 3264 πανταχοῦ
1680 3183 1806 3266 περιέ-γει

232 3280 323 3341 radiso
335 3277 461 3338 excidere
474 3276 592 3336 curavit.
608 3275 679 3335 Cum
688 3274 760 3334 enim
771 3275 850 3333 illum
859 3296 907 3355 spe
918 3296 975 3335 ma·
1028 3272 1229 3353 πλανωμένους,
1241 3272 1287 3332 καί
1297 3276 1344 3334 οὐκ
1357 3273 1465 3354 ἔχοντας
1479 3276 1593 3354 οὐδαμοῦ
1606 3280 1709 3348 στῆναι.
1719 3273 1805 3336 Οὔτοι

228 3373 297 3452 joris
309 3371 426 3430 scientiae
443 3383 469 3454 qt
481 3368 592 3429 honoris
605 3367 737 3439 inflasse,
752 3366 833 3426 etiam
846 3367 926 3426 illum
941 3369 976 3426 ah
1029 3364 1075 3425 καὶ
1084 3365 1127 3424 τδν
1138 3363 1345 3447 πρυνιθπλαστον
1359 3369 1389 3425 ἐκ
1402 3371 1451 3438 τῆς
1463 3373 1509 3426 τοῦ
1522 3367 1683 3449 παραδείσου
1697 3368 1803 3448 διαγω-

232 3463 266 3523 iis
279 3464 379 3543 quibus
392 3460 538 3540 tranquille
551 3460 692 3520 fruebatur
710 3458 801 3540 ejecit.
822 3461 882 3519 Non
894 3459 976 3519 modo
1029 3463 1078 3538 γῆς
1093 3455 1214 3529 ἐποίησεν
1228 3460 1356 3517 ἐκπεσεῖν.
1372 3457 1525 3540 Προσδοκίφ
1537 3457 1590 3542 γὰρ
1602 3457 1718 3538 μείζονος
1733 3457 1804 3541 γνώ-

231 3556 305 3616 enim
316 3577 370 3617 non
383 3555 470 3614 sactus
483 3565 522 3613 est
534 3552 645 3633 aequalis
658 3554 730 3626 Deo,
749 3564 779 3611 ut
797 3551 852 3632 ipsi
864 3553 976 3633 pollice·
1030 3573 1096 3616 σεως
1114 3548 1159 3607 καί
1169 3553 1249 3627 τιμῆς
1270 3549 1388 3630 φυσήσας
1403 3551 1490 3624 αι’πδν,
1504 3549 1550 3610 καί
1562 3555 1614 3610 τῶν
1636 3550 1697 3611 τότε
1717 3557 1805 3634 ῦπαρ-

230 3649 320 3727 batur,
333 3647 381 3708 sed
392 3647 445 3706 sub
464 3645 558 3706 mortis
580 3644 752 3726 tyrannidem
775 3644 891 3704 detrusit
895 3668 905 3723 ρ
929 3665 977 3705 nee
993 3649 1014 3696 ὓ
1029 3640 1130 3722 χόντων
1143 3643 1214 3722 αι’πῷ
1225 3640 1293 3719 μετὰ
1303 3640 1392 3709 ἀδείας
1402 3641 1529 3710 ἔξίὸαλεν.
1542 3643 1583 3702 θῦ
1596 3641 1648 3723 adp
1659 3642 1736 3722 μόνον
1746 3645 1805 3706 lod-

231 3742 345 3801 soluma
360 3739 430 3820 ligni
446 3759 493 3798 esu
506 3737 576 3797 nihil
592 3738 709 3818 accepit,
723 3736 864 3797 sedetiam
882 3759 917 3796 ex
929 3737 977 3798 illa
1030 3737 1086 3817 θεος
1101 3734 1130 3791 οὐ
1149 3731 1509 3813 γίγονε,καθὼςθπιοχνεῖτο
1525 3736 1611 3814 αὐτῷ,
1628 3732 1752 3794 ἀλλδκαὶ
1764 3739 1806 3805 είς

231 3856 314 3912 quam
331 3832 449 3892 habebat
461 3829 574 3890 scientia
594 3850 647 3888 nou
663 3850 761 3910 parum
773 3828 880 3904 amisit,
894 3829 977 3908 idque
1030 3825 1077 3898 τὴν
1088 3829 1134 3884 τοῦ
1145 3824 1257 3884 θανάτου
1272 3824 1413 3906 τυραννίδα
1426 3830 1438 3856 ‘
1449 3823 1577 3898 ἐξέπεσεν,
1591 3828 1620 3884 οὐ
1631 3824 1709 3903 μόνον
1727 3826 1804 3886 οὒδὲν

231 3948 279 4008 spe
294 3925 405 4008 majoris
425 3919 620 4003 adipiscenda.
639 3921 710 3979 Nam
727 3933 792 3980 tunc
810 3920 931 4002 primum
942 3920 977 3981 de
1029 3917 1108 3978 πλέον
1124 3917 1177 3977 ἀπὸ
1193 3921 1241 3989 τῆς
1261 3923 1307 3977 τοῦ
1319 3916 1394 3985 ξύλου
1410 3916 1533 3998 βρώσεως
1551 3914 1720 3998 προσλαάῶν,
1732 3917 1805 3979 ἀλλὰ

231 4019 355 4080 nuditate
366 4016 523 4077 erubescere
535 4012 630 4094 coepit,
647 4033 711 4072 cum
734 4026 810 4072 antea
831 4013 904 4073 omni
921 4036 975 4094 pu·
1029 4010 1074 4070 καί
1087 4013 1135 4080 τῆς
1145 4006 1266 4086 γνώσεως
1276 4001 1308 4080 ἧς
1318 3999 1387 4089 εἶχεν
1399 4012 1429 4069 οὐ
1440 4009 1533 4090 μικρὸν
1544 4007 1690 4082 ἀπολέσας,
1700 4005 1710 4041 ¹
1715 4010 1806 4071 ἐλπίδι

233 4114 333 4173 dorcet
345 4111 443 4171 rubore
453 4107 577 4189 superior
589 4106 693 4166 fuisset.
714 4105 790 4165 lllud
801 4106 882 4166 etiam
902 4107 976 4186 quod
1029 4100 1146 4166 πλείονος
1160 4097 1290 4180 γνώσεως.
1307 4099 1348 4161 Τό
1362 4125 1392 4160 τε
1405 4100 1457 4180 γὰρ
1468 4098 1641 4180 αἰσχύνεσθαι
1656 4100 1703 4159 καί
1720 4125 1806 4162 κατα-

231 4222 259 4258 se
272 4199 377 4259 nudum
389 4221 445 4259 esse
457 4197 625 4271 adverteret,
642 4193 717 4274 quod
736 4195 857 4255 vestibus
877 4195 976 4256 exinde
1030 4191 1134 4250 δύεσθαι
1143 4190 1228 4271 ἐπίτῇ
1237 4191 1395 4270 γυμνοίτητι,
1405 4191 1466 4252 τότε
1475 4194 1548 4269 abab
1557 4191 1740 4272 προσεγένετο,
1750 4195 1807 4276 πρὸ

231 4304 332 4370 egeret,
343 4288 429 4364 illud,
444 4289 571 4368 inquam,
584 4301 610 4346 et
625 4286 679 4346 alia
694 4285 813 4367 plurima
827 4286 915 4347 tristia
930 4310 975 4348 ac-
1028 4283 1187 4357 τῆςάποίτης
1193 4284 1316 4366 ἀνωτέρω
1322 4284 1419 4357 ταύτης
1428 4285 1483 4344 ἀντι
1491 4288 1539 4356 τῆς
1549 4284 1683 4364 αἰσχύνης.
1694 4285 1764 4346 atat
1774 4311 1806 4348 τε

230 4383 365 4444 ciderunt.
380 4379 508 4452 Quodne
522 4380 599 4439 nobis
617 4400 725 4459 quoque
744 4378 894 4460 contingat,
917 4383 975 4440 Deo
1028 4376 1117 4459 γδρτδ
1127 4377 1289 4459 δρᾷνέαιιτδν
1299 4378 1396 4457 γυμνὸν
1407 4378 1480 4452 ὄντα,
1489 4376 1535 4436 καί
1546 4378 1646 4437 δεῖσθαι
1656 4378 1748 4438 λοιπδν
1755 4383 1806 4452 τῆς

231 4480 460 4558 obtemperemus,
473 4474 530 4553 ejus
543 4487 676 4554 precepta
689 4474 878 4549 observemus,
890 4487 917 4533 et
933 4475 975 4535 ni-
1028 4469 1081 4527 ἀπθ
1094 4473 1146 4526 τῶν
1165 4466 1279 4545 ἱματίων
1291 4468 1449 4549 περιθολῆς,
1461 4468 1507 4528 καί
1517 4467 1594 4550 ἕτερα
1609 4472 1680 4548 αθτῶ
1694 4470 1807 4531 πλείονα

231 4571 273 4630 hil
285 4567 398 4628 ulterius
410 4564 515 4626 curiose
529 4563 733 4644 perquiramus,
747 4578 778 4627 ut
795 4586 828 4623 ne
847 4586 882 4624 ex
897 4566 975 4625 nobis
1027 4565 1143 4621 ἐντεῦθεν
1168 4558 1233 4640 ἐφύη
1252 4559 1324 4632 πάθη
1340 4560 1411 4619 τότε..
1424 4559 1514 4642 Ὅπερ
1535 4559 1634 4639 ἵναμὴ
1660 4561 1706 4621 καί
1726 4567 1806 4641 ἡμεῖς

232 4660 362 4723 concessis
373 4657 531 4719 excidamus
547 4654 640 4730 donis,
654 4655 728 4735 quod
744 4669 771 4715 et
789 4655 845 4717 illis
860 4657 970 4718 accidit.
992 4671 1010 4719 n
1027 4651 1170 4731 πάθωμεν,
1185 4649 1338 4730 πειθώμεθα
1355 4655 1393 4732 τῷ
1413 4653 1491 4731 Θεῷ,
1509 4651 1555 4710 καί
1577 4651 1697 4730 μένωμεν
1717 4656 1745 4714 ἐν
1766 4645 1806 4721 οἶς

266 4871 277 4893 ¹·
290 4856 330 4905 Sic
343 4851 428 4903 Morel.
442 4862 467 4901 et
477 4852 535 4903 Mss.
548 4863 644 4899 omnes.
656 4846 734 4899 Savil.
748 4853 912 4914 ηθγιοῑνοοςος.
1043 4857 1082 4914 ἀρ,
1772 4864 1775 4873 ,

268 4938 281 4974 b
294 4933 337 4985 Sic
349 4930 436 4981 Μυσοί.
448 4939 470 4983 τί
483 4938 579 4994 ίριυνᾷς.
592 4925 669 4979 Savil.
685 4935 708 4980 τί
716 4932 813 4994 ίχιίεύιις.
1076 4921 1180 4975 ‘bloreb
1193 4930 1301 4984 ἐξέπεσεν.
1315 4919 1392 4973 savit.
1407 4921 1443 4985 [et
1454 4917 1537 4971 Codd.
1550 4916 1600 4969 705
1619 4929 1645 4970 et
1655 4919 1715 4985 706]
1734 4930 1804 4973 κατε.

265 5008 431 5063 esieMorel.
446 5006 524 5060 Savil.
549 5015 618 5067 θτὴυ
640 5011 752 5070 σάλπιγγα
767 5013 877 5071 ίχωντηυ
893 5025 993 5071 πνενμα-
1042 5026 1115 5059 πιοεν.
1647 5056 1650 5061 y

231 5103 303 5153 m„
322 5101 349 5143 ,η
362 5097 396 5153 q„
412 5091 504 5145 ἀκούσας
515 5094 587 5158 παρὰ,
1075 5083 1085 5120 ί
1096 5081 1137 5132 Sic
1147 5077 1224 5131 savit.
1238 5077 1325 5130 Morel.
1340 5082 1411 5133 liuida
1423 5084 1522 5137 πλείονος
1532 5083 1703 5142 praetereundae
1714 5085 1804 5132 παθών.

265 5171 275 5201 ‘¹
288 5168 329 5220 ste
340 5165 418 5221 Sar-it.
433 5164 520 5216 ldorel.
535 5170 572 5218 διὰ
583 5169 649 5217 τοῦτο
664 5165 732 5215 αὐτοῦ
744 5166 793 5216 otte
805 5170 861 5231 πρὸς
871 5169 897 5213 τὸ
908 5168 993 5229 μίτραν
1043 5166 1055 5213 δ
1068 5182 1092 5214 τι
1104 5168 1157 5227 γὰρ.
