<?xml version="1.0" encoding="UTF-8"?>
<!DOCTYPE html PUBLIC "-//W3C//DTD XHTML 1.0 Transitional//EN"
    "http://www.w3.org/TR/xhtml1/DTD/xhtml1-transitional.dtd">
<html xmlns="http://www.w3.org/1999/xhtml" xml:lang="en" lang="en">
 <head>
  <title>
</title>
<meta http-equiv="Content-Type" content="text/html;charset=utf-8" />
  <meta name='ocr-system' content='tesseract 3.04.00' />
  <meta name='ocr-capabilities' content='ocr_page ocr_carea ocr_par ocr_line ocrx_word'/>
</head>
<body>
  <div class='ocr_page' id='page_1' title='image "./sanctipatrisnos02chrygoog_0573.png"; bbox 0 0 3750 5940; ppageno 0'>
   <div class='ocr_carea' id='block_1_1' title="bbox 220 414 937 493">
    <p class='ocr_par' dir='ltr' id='par_1_1' title="bbox 220 414 937 493">
     <span class='ocr_line' id='line_1_1' title="bbox 220 414 937 493; baseline -0.003 -1"><span class='ocrx_word' id='word_1_1' title='bbox 220 414 230 492; x_wconf 86' lang='lat' dir='ltr'><strong>i</strong></span> <span class='ocrx_word' id='word_1_2' title='bbox 495 445 525 493; x_wconf 89' lang='lat' dir='ltr'><strong>s.</strong></span> <span class='ocrx_word' id='word_1_3' title='bbox 551 443 691 493; x_wconf 72' lang='lat' dir='ltr'><strong>cornuis</strong></span> <span class='ocrx_word' id='word_1_4' title='bbox 717 442 902 492; x_wconf 78' lang='lat' dir='ltr'><strong>euersosr.</strong></span> <span class='ocrx_word' id='word_1_5' title='bbox 934 472 937 490; x_wconf 49' lang='grc' dir='ltr'><strong><em>τ</em></strong></span> 
     </span>
    </p>
   </div>
   <div class='ocr_carea' id='block_1_2' title="bbox 79 565 934 2292">
    <p class='ocr_par' dir='ltr' id='par_1_2' title="bbox 156 565 934 1296">
     <span class='ocr_line' id='line_1_2' title="bbox 157 565 901 643; baseline -0.004 -15"><span class='ocrx_word' id='word_1_6' title='bbox 157 568 195 628; x_wconf 89' lang='lat' dir='ltr'><strong>ad</strong></span> <span class='ocrx_word' id='word_1_7' title='bbox 215 567 360 628; x_wconf 86' lang='lat' dir='ltr'><strong>necessaria</strong></span> <span class='ocrx_word' id='word_1_8' title='bbox 375 581 493 643; x_wconf 87' lang='lat' dir='ltr'><strong>utamur,</strong></span> <span class='ocrx_word' id='word_1_9' title='bbox 509 589 564 627; x_wconf 91' lang='lat' dir='ltr'><strong>non</strong></span> <span class='ocrx_word' id='word_1_10' title='bbox 579 567 610 626; x_wconf 89' lang='lat' dir='ltr'><strong>ut</strong></span> <span class='ocrx_word' id='word_1_11' title='bbox 628 565 812 627; x_wconf 89' lang='lat' dir='ltr'><strong>custodiamus</strong></span> <span class='ocrx_word' id='word_1_12' title='bbox 827 565 901 625; x_wconf 78' lang='lat' dir='ltr'><strong>defo</strong></span> 
     </span>
     <span class='ocr_line' id='line_1_3' title="bbox 157 656 898 740; baseline -0.004 -21"><span class='ocrx_word' id='word_1_13' title='bbox 157 659 318 739; x_wconf 88' lang='lat' dir='ltr'><strong>diamusque</strong></span> <span class='ocrx_word' id='word_1_14' title='bbox 334 684 341 718; x_wconf 82' lang='lat' dir='ltr'><strong>r</strong></span> <span class='ocrx_word' id='word_1_15' title='bbox 356 660 409 720; x_wconf 88' lang='lat' dir='ltr'><strong>hoc</strong></span> <span class='ocrx_word' id='word_1_16' title='bbox 420 659 492 719; x_wconf 88' lang='lat' dir='ltr'><strong>enim</strong></span> <span class='ocrx_word' id='word_1_17' title='bbox 506 680 560 719; x_wconf 92' lang='lat' dir='ltr'><strong>non</strong></span> <span class='ocrx_word' id='word_1_18' title='bbox 573 671 613 719; x_wconf 89' lang='lat' dir='ltr'><strong>est</strong></span> <span class='ocrx_word' id='word_1_19' title='bbox 623 657 769 740; x_wconf 82' lang='lat' dir='ltr'><strong>possidere,</strong></span> <span class='ocrx_word' id='word_1_20' title='bbox 782 656 829 717; x_wconf 89' lang='lat' dir='ltr'><strong>sed</strong></span> <span class='ocrx_word' id='word_1_21' title='bbox 837 678 898 738; x_wconf 80' lang='lat' dir='ltr'><strong>pos·</strong></span> 
     </span>
     <span class='ocr_line' id='line_1_4' title="bbox 157 749 899 830; baseline -0.005 -17"><span class='ocrx_word' id='word_1_22' title='bbox 157 753 251 814; x_wconf 88' lang='lat' dir='ltr'><strong>sideri.</strong></span> <span class='ocrx_word' id='word_1_23' title='bbox 265 754 296 814; x_wconf 86' lang='lat' dir='ltr'><strong>Si</strong></span> <span class='ocrx_word' id='word_1_24' title='bbox 310 753 382 814; x_wconf 82' lang='lat' dir='ltr'><strong>enim</strong></span> <span class='ocrx_word' id='word_1_25' title='bbox 395 753 563 814; x_wconf 87' lang='lat' dir='ltr'><strong>considerare</strong></span> <span class='ocrx_word' id='word_1_26' title='bbox 573 752 749 826; x_wconf 83' lang='lat' dir='ltr'><strong>voluerimus,</strong></span> <span class='ocrx_word' id='word_1_27' title='bbox 765 749 899 830; x_wconf 89' lang='lat' dir='ltr'><strong>quomodo</strong></span> 
     </span>
     <span class='ocr_line' id='line_1_5' title="bbox 157 843 899 923; baseline -0.005 -17"><span class='ocrx_word' id='word_1_28' title='bbox 157 845 219 906; x_wconf 85' lang='lat' dir='ltr'><strong>illas</strong></span> <span class='ocrx_word' id='word_1_29' title='bbox 233 847 443 923; x_wconf 80' lang='lat' dir='ltr'><strong>accumulemus,</strong></span> <span class='ocrx_word' id='word_1_30' title='bbox 456 867 510 906; x_wconf 92' lang='lat' dir='ltr'><strong>non</strong></span> <span class='ocrx_word' id='word_1_31' title='bbox 525 859 556 905; x_wconf 90' lang='lat' dir='ltr'><strong>ut</strong></span> <span class='ocrx_word' id='word_1_32' title='bbox 575 846 610 906; x_wconf 89' lang='lat' dir='ltr'><strong>iis</strong></span> <span class='ocrx_word' id='word_1_33' title='bbox 624 845 661 905; x_wconf 88' lang='lat' dir='ltr'><strong>ad</strong></span> <span class='ocrx_word' id='word_1_34' title='bbox 675 843 822 904; x_wconf 82' lang='lat' dir='ltr'><strong>necessaria</strong></span> <span class='ocrx_word' id='word_1_35' title='bbox 834 856 899 902; x_wconf 85' lang='lat' dir='ltr'><strong>uta-</strong></span> 
     </span>
     <span class='ocr_line' id='line_1_6' title="bbox 157 935 898 1018; baseline -0.004 -21"><span class='ocrx_word' id='word_1_36' title='bbox 157 960 233 1016; x_wconf 87' lang='lat' dir='ltr'><strong>mur;</strong></span> <span class='ocrx_word' id='word_1_37' title='bbox 244 952 314 998; x_wconf 89' lang='lat' dir='ltr'><strong>certe</strong></span> <span class='ocrx_word' id='word_1_38' title='bbox 322 938 447 1000; x_wconf 87' lang='lat' dir='ltr'><strong>inversus</strong></span> <span class='ocrx_word' id='word_1_39' title='bbox 454 937 521 998; x_wconf 93' lang='lat' dir='ltr'><strong>ordo</strong></span> <span class='ocrx_word' id='word_1_40' title='bbox 535 952 583 1012; x_wconf 82' lang='lat' dir='ltr'><strong>est,</strong></span> <span class='ocrx_word' id='word_1_41' title='bbox 595 952 622 997; x_wconf 88' lang='lat' dir='ltr'><strong>et</strong></span> <span class='ocrx_word' id='word_1_42' title='bbox 632 938 687 997; x_wconf 73' lang='lat' dir='ltr'><strong>itte</strong></span> <span class='ocrx_word' id='word_1_43' title='bbox 696 958 744 997; x_wconf 91' lang='lat' dir='ltr'><strong>nos</strong></span> <span class='ocrx_word' id='word_1_44' title='bbox 753 935 898 1018; x_wconf 87' lang='lat' dir='ltr'><strong>possident,</strong></span> 
     </span>
     <span class='ocr_line' id='line_1_7' title="bbox 157 1029 934 1113; baseline -0.003 -23"><span class='ocrx_word' id='word_1_45' title='bbox 157 1053 211 1091; x_wconf 91' lang='lat' dir='ltr'><strong>non</strong></span> <span class='ocrx_word' id='word_1_46' title='bbox 226 1053 274 1092; x_wconf 89' lang='lat' dir='ltr'><strong>nos</strong></span> <span class='ocrx_word' id='word_1_47' title='bbox 287 1031 359 1092; x_wconf 82' lang='lat' dir='ltr'><strong>illas.</strong></span> <span class='ocrx_word' id='word_1_48' title='bbox 375 1033 417 1091; x_wconf 81' lang='lat' dir='ltr'><strong>Ab</strong></span> <span class='ocrx_word' id='word_1_49' title='bbox 430 1031 480 1092; x_wconf 90' lang='lat' dir='ltr'><strong>hac</strong></span> <span class='ocrx_word' id='word_1_50' title='bbox 495 1053 560 1113; x_wconf 80' lang='lat' dir='ltr'><strong>erqo</strong></span> <span class='ocrx_word' id='word_1_51' title='bbox 573 1030 651 1112; x_wconf 78' lang='lat' dir='ltr'><strong>gravi</strong></span> <span class='ocrx_word' id='word_1_52' title='bbox 664 1029 793 1092; x_wconf 83' lang='lat' dir='ltr'><strong>servitute</strong></span> <span class='ocrx_word' id='word_1_53' title='bbox 801 1029 899 1089; x_wconf 88' lang='lat' dir='ltr'><strong>libere·</strong></span> <span class='ocrx_word' id='word_1_54' title='bbox 916 1049 934 1097; x_wconf 85' lang='lat' dir='ltr'><strong>c</strong></span> 
     </span>
     <span class='ocr_line' id='line_1_8' title="bbox 156 1121 897 1203; baseline -0.005 -20"><span class='ocrx_word' id='word_1_55' title='bbox 156 1144 230 1203; x_wconf 88' lang='lat' dir='ltr'><strong>mur,</strong></span> <span class='ocrx_word' id='word_1_56' title='bbox 245 1138 271 1184; x_wconf 89' lang='lat' dir='ltr'><strong>et</strong></span> <span class='ocrx_word' id='word_1_57' title='bbox 285 1122 432 1203; x_wconf 87' lang='lat' dir='ltr'><strong>aliquando</strong></span> <span class='ocrx_word' id='word_1_58' title='bbox 447 1123 527 1182; x_wconf 90' lang='lat' dir='ltr'><strong>liberi</strong></span> <span class='ocrx_word' id='word_1_59' title='bbox 542 1123 698 1183; x_wconf 79' lang='lat' dir='ltr'><strong>evadamus.</strong></span> <span class='ocrx_word' id='word_1_60' title='bbox 717 1121 795 1194; x_wconf 87' lang='lat' dir='ltr'><strong>Quid</strong></span> <span class='ocrx_word' id='word_1_61' title='bbox 817 1121 897 1180; x_wconf 91' lang='lat' dir='ltr'><strong>innu-</strong></span> 
     </span>
     <span class='ocr_line' id='line_1_9' title="bbox 156 1212 897 1296; baseline -0.008 -18"><span class='ocrx_word' id='word_1_62' title='bbox 156 1238 230 1278; x_wconf 87' lang='lat' dir='ltr'><strong>mera</strong></span> <span class='ocrx_word' id='word_1_63' title='bbox 242 1232 269 1277; x_wconf 93' lang='lat' dir='ltr'><strong>et</strong></span> <span class='ocrx_word' id='word_1_64' title='bbox 277 1217 386 1279; x_wconf 85' lang='lat' dir='ltr'><strong>diversa</strong></span> <span class='ocrx_word' id='word_1_65' title='bbox 396 1212 475 1276; x_wconf 87' lang='lat' dir='ltr'><strong>nobis</strong></span> <span class='ocrx_word' id='word_1_66' title='bbox 488 1216 598 1278; x_wconf 82' lang='lat' dir='ltr'><strong>vincula</strong></span> <span class='ocrx_word' id='word_1_67' title='bbox 610 1215 817 1296; x_wconf 71' lang='lat' dir='ltr'><strong>excogitamus?</strong></span> <span class='ocrx_word' id='word_1_68' title='bbox 838 1216 897 1273; x_wconf 88' lang='lat' dir='ltr'><strong>Non</strong></span> 
     </span>
    </p>

    <p class='ocr_par' dir='ltr' id='par_1_3' title="bbox 128 1307 895 1386">
     <span class='ocr_line' id='line_1_10' title="bbox 128 1307 895 1386; baseline -0.007 -16"><span class='ocrx_word' id='word_1_69' title='bbox 128 1316 132 1330; x_wconf 90' lang='grc'><strong>’</strong></span> <span class='ocrx_word' id='word_1_70' title='bbox 156 1310 259 1370; x_wconf 86' lang='lat' dir='ltr'><strong>sufficit</strong></span> <span class='ocrx_word' id='word_1_71' title='bbox 268 1310 321 1370; x_wconf 85' lang='lat' dir='ltr'><strong>tibi</strong></span> <span class='ocrx_word' id='word_1_72' title='bbox 335 1323 438 1369; x_wconf 84' lang='lat' dir='ltr'><strong>naturae</strong></span> <span class='ocrx_word' id='word_1_73' title='bbox 451 1309 604 1386; x_wconf 83' lang='lat' dir='ltr'><strong>vinculum,</strong></span> <span class='ocrx_word' id='word_1_74' title='bbox 617 1322 644 1367; x_wconf 91' lang='lat' dir='ltr'><strong>et</strong></span> <span class='ocrx_word' id='word_1_75' title='bbox 656 1308 720 1369; x_wconf 74' lang='lat' dir='ltr'><strong>ritu</strong></span> <span class='ocrx_word' id='word_1_76' title='bbox 743 1307 895 1385; x_wconf 80' lang='lat' dir='ltr'><strong>necessitas,</strong></span> 
     </span>
    </p>

    <p class='ocr_par' dir='ltr' id='par_1_4' title="bbox 79 1397 933 2292">
     <span class='ocr_line' id='line_1_11' title="bbox 79 1397 899 1481; baseline -0.001 -21"><span class='ocrx_word' id='word_1_77' title='bbox 79 1399 82 1406; x_wconf 81' lang='grc'><strong>’</strong></span> <span class='ocrx_word' id='word_1_78' title='bbox 155 1400 518 1480; x_wconf 85' lang='lat' dir='ltr'><strong>innumerarumquererum</strong></span> <span class='ocrx_word' id='word_1_79' title='bbox 531 1400 610 1460; x_wconf 87' lang='lat' dir='ltr'><strong>turba</strong></span> <span class='ocrx_word' id='word_1_80' title='bbox 619 1423 629 1477; x_wconf 79' lang='lat'>3</span> <span class='ocrx_word' id='word_1_81' title='bbox 649 1401 698 1458; x_wconf 89' lang='lat' dir='ltr'><strong>sed</strong></span> <span class='ocrx_word' id='word_1_82' title='bbox 711 1398 759 1458; x_wconf 86' lang='lat' dir='ltr'><strong>illa</strong></span> <span class='ocrx_word' id='word_1_83' title='bbox 779 1397 899 1481; x_wconf 83' lang='lat' dir='ltr'><strong>tibiipsi</strong></span> 
     </span>
     <span class='ocr_line' id='line_1_12' title="bbox 155 1489 898 1573; baseline -0.001 -21"><span class='ocrx_word' id='word_1_84' title='bbox 155 1491 240 1552; x_wconf 83' lang='lat' dir='ltr'><strong>nectis</strong></span> <span class='ocrx_word' id='word_1_85' title='bbox 258 1491 335 1569; x_wconf 88' lang='lat' dir='ltr'><strong>retia,</strong></span> <span class='ocrx_word' id='word_1_86' title='bbox 346 1505 371 1551; x_wconf 91' lang='lat' dir='ltr'><strong>et</strong></span> <span class='ocrx_word' id='word_1_87' title='bbox 395 1491 430 1551; x_wconf 91' lang='lat' dir='ltr'><strong>iis</strong></span> <span class='ocrx_word' id='word_1_88' title='bbox 442 1490 524 1573; x_wconf 85' lang='lat' dir='ltr'><strong>pedes</strong></span> <span class='ocrx_word' id='word_1_89' title='bbox 545 1489 727 1571; x_wconf 77' lang='lat' dir='ltr'><strong>constringis?</strong></span> <span class='ocrx_word' id='word_1_90' title='bbox 741 1489 778 1549; x_wconf 92' lang='lat' dir='ltr'><strong>Et</strong></span> <span class='ocrx_word' id='word_1_91' title='bbox 790 1489 898 1569; x_wconf 89' lang='lat' dir='ltr'><strong>quando</strong></span> 
     </span>
     <span class='ocr_line' id='line_1_13' title="bbox 155 1581 898 1666; baseline -0.003 -22"><span class='ocrx_word' id='word_1_92' title='bbox 155 1583 254 1644; x_wconf 76' lang='lat' dir='ltr'><strong>caelum</strong></span> <span class='ocrx_word' id='word_1_93' title='bbox 268 1583 463 1666; x_wconf 79' lang='lat' dir='ltr'><strong>apprehendes,</strong></span> <span class='ocrx_word' id='word_1_94' title='bbox 478 1598 505 1642; x_wconf 89' lang='lat' dir='ltr'><strong>et</strong></span> <span class='ocrx_word' id='word_1_95' title='bbox 523 1583 551 1643; x_wconf 91' lang='lat' dir='ltr'><strong>in</strong></span> <span class='ocrx_word' id='word_1_96' title='bbox 565 1596 639 1642; x_wconf 88' lang='lat' dir='ltr'><strong>tanta</strong></span> <span class='ocrx_word' id='word_1_97' title='bbox 650 1581 816 1642; x_wconf 89' lang='lat' dir='ltr'><strong>sublimitate</strong></span> <span class='ocrx_word' id='word_1_98' title='bbox 828 1596 898 1642; x_wconf 84' lang='lat' dir='ltr'><strong>stare</strong></span> 
     </span>
     <span class='ocr_line' id='line_1_14' title="bbox 154 1673 896 1757; baseline -0.005 -21"><span class='ocrx_word' id='word_1_99' title='bbox 154 1675 255 1757; x_wconf 83' lang='lat' dir='ltr'><strong>poteris</strong></span> <span class='ocrx_word' id='word_1_100' title='bbox 266 1676 280 1735; x_wconf 71' lang='grc' dir='ltr'><strong><em>Ρ</em></strong></span> <span class='ocrx_word' id='word_1_101' title='bbox 290 1674 450 1757; x_wconf 89' lang='lat' dir='ltr'><strong>Optandum</strong></span> <span class='ocrx_word' id='word_1_102' title='bbox 465 1685 544 1750; x_wconf 82' lang='lat' dir='ltr'><strong>certe,</strong></span> <span class='ocrx_word' id='word_1_103' title='bbox 554 1674 704 1756; x_wconf 89' lang='lat' dir='ltr'><strong>optandum</strong></span> <span class='ocrx_word' id='word_1_104' title='bbox 715 1673 806 1753; x_wconf 86' lang='lat' dir='ltr'><strong>utique</strong></span> <span class='ocrx_word' id='word_1_105' title='bbox 819 1688 896 1748; x_wconf 87' lang='lat' dir='ltr'><strong>esset,</strong></span> 
     </span>
     <span class='ocr_line' id='line_1_15' title="bbox 154 1765 897 1848; baseline -0.004 -20"><span class='ocrx_word' id='word_1_106' title='bbox 154 1767 199 1828; x_wconf 81' lang='lat' dir='ltr'><strong>nis</strong></span> <span class='ocrx_word' id='word_1_107' title='bbox 208 1767 320 1828; x_wconf 81' lang='lat' dir='ltr'><strong>succisis</strong></span> <span class='ocrx_word' id='word_1_108' title='bbox 332 1766 453 1840; x_wconf 84' lang='lat' dir='ltr'><strong>funibus,</strong></span> <span class='ocrx_word' id='word_1_109' title='bbox 470 1788 615 1847; x_wconf 83' lang='lat' dir='ltr'><strong>supernam</strong></span> <span class='ocrx_word' id='word_1_110' title='bbox 627 1765 702 1825; x_wconf 88' lang='lat' dir='ltr'><strong>adire</strong></span> <span class='ocrx_word' id='word_1_111' title='bbox 714 1787 792 1848; x_wconf 86' lang='lat' dir='ltr'><strong>posse</strong></span> <span class='ocrx_word' id='word_1_112' title='bbox 803 1766 897 1827; x_wconf 78' lang='lat' dir='ltr'><strong>civita·</strong></span> 
     </span>
     <span class='ocr_line' id='line_1_16' title="bbox 152 1857 897 1941; baseline -0.001 -22"><span class='ocrx_word' id='word_1_113' title='bbox 152 1874 217 1921; x_wconf 90' lang='lat' dir='ltr'><strong>tem.</strong></span> <span class='ocrx_word' id='word_1_114' title='bbox 233 1862 288 1921; x_wconf 90' lang='lat' dir='ltr'><strong>Tot</strong></span> <span class='ocrx_word' id='word_1_115' title='bbox 308 1860 362 1920; x_wconf 91' lang='lat' dir='ltr'><strong>alia</strong></span> <span class='ocrx_word' id='word_1_116' title='bbox 376 1871 476 1920; x_wconf 82' lang='lat' dir='ltr'><strong>restam</strong></span> <span class='ocrx_word' id='word_1_117' title='bbox 501 1857 709 1941; x_wconf 70' lang='lat' dir='ltr'><strong>impedimenta,</strong></span> <span class='ocrx_word' id='word_1_118' title='bbox 722 1880 783 1937; x_wconf 76' lang='lat' dir='ltr'><strong>quae</strong></span> <span class='ocrx_word' id='word_1_119' title='bbox 807 1859 897 1918; x_wconf 90' lang='lat' dir='ltr'><strong>omnia</strong></span> 
     </span>
     <span class='ocr_line' id='line_1_17' title="bbox 154 1951 897 2035; baseline -0.011 -17"><span class='ocrx_word' id='word_1_120' title='bbox 154 1965 186 2018; x_wconf 86' lang='lat' dir='ltr'><strong>ut</strong></span> <span class='ocrx_word' id='word_1_121' title='bbox 206 1974 382 2035; x_wconf 86' lang='lat' dir='ltr'><strong>superemus,</strong></span> <span class='ocrx_word' id='word_1_122' title='bbox 409 1963 596 2033; x_wconf 82' lang='lat' dir='ltr'><strong>paupertatem</strong></span> <span class='ocrx_word' id='word_1_123' title='bbox 624 1951 828 2032; x_wconf 86' lang='lat' dir='ltr'><strong>amplectamur.</strong></span> <span class='ocrx_word' id='word_1_124' title='bbox 851 1951 897 2011; x_wconf 89' lang='lat' dir='ltr'><strong>Sic</strong></span> 
     </span>
     <span class='ocr_line' id='line_1_18' title="bbox 153 2043 933 2124; baseline -0.005 -18"><span class='ocrx_word' id='word_1_125' title='bbox 153 2043 226 2106; x_wconf 90' lang='lat' dir='ltr'><strong>enim</strong></span> <span class='ocrx_word' id='word_1_126' title='bbox 238 2059 365 2105; x_wconf 75' lang='lat' dir='ltr'><strong>aeternam</strong></span> <span class='ocrx_word' id='word_1_127' title='bbox 376 2064 570 2123; x_wconf 88' lang='lat' dir='ltr'><strong>consequemur</strong></span> <span class='ocrx_word' id='word_1_128' title='bbox 579 2044 675 2117; x_wconf 86' lang='lat' dir='ltr'><strong>vitam,</strong></span> <span class='ocrx_word' id='word_1_129' title='bbox 688 2043 773 2124; x_wconf 82' lang='lat' dir='ltr'><strong>gratia</strong></span> <span class='ocrx_word' id='word_1_130' title='bbox 784 2058 811 2103; x_wconf 91' lang='lat' dir='ltr'><strong>et</strong></span> <span class='ocrx_word' id='word_1_131' title='bbox 822 2043 897 2103; x_wconf 87' lang='lat' dir='ltr'><strong>beni·</strong></span> <span class='ocrx_word' id='word_1_132' title='bbox 914 2044 933 2092; x_wconf 80' lang='grc' dir='ltr'><strong>Ι)</strong></span> 
     </span>
     <span class='ocr_line' id='line_1_19' title="bbox 154 2136 895 2219; baseline -0.004 -19"><span class='ocrx_word' id='word_1_133' title='bbox 154 2140 257 2219; x_wconf 78' lang='lat' dir='ltr'><strong>gnitate</strong></span> <span class='ocrx_word' id='word_1_134' title='bbox 274 2137 386 2199; x_wconf 89' lang='lat' dir='ltr'><strong>Domini</strong></span> <span class='ocrx_word' id='word_1_135' title='bbox 404 2137 488 2198; x_wconf 90' lang='lat' dir='ltr'><strong>nostri</strong></span> <span class='ocrx_word' id='word_1_136' title='bbox 501 2139 565 2199; x_wconf 78' lang='lat' dir='ltr'><strong>Jcsu</strong></span> <span class='ocrx_word' id='word_1_137' title='bbox 580 2136 693 2214; x_wconf 82' lang='lat' dir='ltr'><strong>Christi,</strong></span> <span class='ocrx_word' id='word_1_138' title='bbox 706 2136 750 2196; x_wconf 90' lang='lat' dir='ltr'><strong>cui</strong></span> <span class='ocrx_word' id='word_1_139' title='bbox 766 2136 852 2218; x_wconf 80' lang='lat' dir='ltr'><strong>gloria</strong></span> <span class='ocrx_word' id='word_1_140' title='bbox 867 2138 895 2197; x_wconf 92' lang='lat' dir='ltr'><strong>in</strong></span> 
     </span>
     <span class='ocr_line' id='line_1_20' title="bbox 154 2229 541 2292; baseline -0.003 -2"><span class='ocrx_word' id='word_1_141' title='bbox 154 2230 252 2290; x_wconf 78' lang='lat' dir='ltr'><strong>saecula</strong></span> <span class='ocrx_word' id='word_1_142' title='bbox 263 2229 431 2292; x_wconf 73' lang='lat' dir='ltr'><strong>seculorum.</strong></span> <span class='ocrx_word' id='word_1_143' title='bbox 445 2232 541 2290; x_wconf 79' lang='lat' dir='ltr'><strong>Amen.</strong></span> 
     </span>
    </p>
   </div>
   <div class='ocr_carea' id='block_1_3' title="bbox 154 2496 913 2650">
    <p class='ocr_par' dir='ltr' id='par_1_5' title="bbox 154 2496 913 2650">
     <span class='ocr_line' id='line_1_21' title="bbox 187 2496 913 2570; baseline -0.003 -21"><span class='ocrx_word' id='word_1_144' title='bbox 187 2500 201 2528; x_wconf 71' lang='lat'><strong>¹*</strong></span> <span class='ocrx_word' id='word_1_145' title='bbox 218 2500 274 2566; x_wconf 78' lang='lat' dir='ltr'><strong>[ltu</strong></span> <span class='ocrx_word' id='word_1_146' title='bbox 290 2498 369 2551; x_wconf 70' lang='lat' dir='ltr'><strong>savii.</strong></span> <span class='ocrx_word' id='word_1_147' title='bbox 390 2497 530 2567; x_wconf 66' lang='lat' dir='ltr'><strong>Legebantur</strong></span> <span class='ocrx_word' id='word_1_148' title='bbox 549 2508 711 2570; x_wconf 59' lang='lat' dir='ltr'><strong>anteponent.</strong></span> <span class='ocrx_word' id='word_1_149' title='bbox 730 2496 813 2550; x_wconf 86' lang='lat' dir='ltr'><strong>Codd.</strong></span> <span class='ocrx_word' id='word_1_150' title='bbox 834 2500 913 2549; x_wconf 78' lang='lat' dir='ltr'><strong>nostri</strong></span> 
     </span>
     <span class='ocr_line' id='line_1_22' title="bbox 154 2578 341 2650; baseline 0.011 -18"><span class='ocrx_word' id='word_1_151' title='bbox 154 2578 341 2650; x_wconf 59' lang='grc' dir='ltr'><strong>ἀντίστρεπτα]</strong></span> 
     </span>
    </p>
   </div>
   <div class='ocr_carea' id='block_1_4' title="bbox 367 2943 676 3006">
    <p class='ocr_par' dir='ltr' id='par_1_6' title="bbox 367 2943 676 3006">
     <span class='ocr_line' id='line_1_23' title="bbox 367 2943 676 3006; baseline -0.013 0"><span class='ocrx_word' id='word_1_152' title='bbox 367 2946 527 3006; x_wconf 78' lang='lat' dir='ltr'><strong>HOMILIA</strong></span> <span class='ocrx_word' id='word_1_153' title='bbox 544 2943 676 3005; x_wconf 89' lang='lat' dir='ltr'><strong>LXXXI.</strong></span> 
     </span>
    </p>
   </div>
   <div class='ocr_carea' id='block_1_5' title="bbox 152 3132 896 3469">
    <p class='ocr_par' dir='ltr' id='par_1_7' title="bbox 152 3132 896 3469">
     <span class='ocr_line' id='line_1_24' title="bbox 152 3132 896 3216; baseline -0.011 -20"><span class='ocrx_word' id='word_1_154' title='bbox 152 3138 221 3196; x_wconf 80' lang='lat' dir='ltr'><strong>Car.</strong></span> <span class='ocrx_word' id='word_1_155' title='bbox 235 3133 328 3196; x_wconf 86' lang='lat' dir='ltr'><strong>XVII.</strong></span> <span class='ocrx_word' id='word_1_156' title='bbox 339 3154 368 3194; x_wconf 79' lang='lat' dir='ltr'><strong>v.</strong></span> <span class='ocrx_word' id='word_1_157' title='bbox 379 3135 409 3193; x_wconf 87' lang='lat'><strong>6.</strong></span> <span class='ocrx_word' id='word_1_158' title='bbox 426 3135 622 3216; x_wconf 69' lang='lat' dir='ltr'><strong>Manifestavi</strong></span> <span class='ocrx_word' id='word_1_159' title='bbox 633 3150 738 3189; x_wconf 82' lang='lat' dir='ltr'><strong>nomen</strong></span> <span class='ocrx_word' id='word_1_160' title='bbox 750 3142 832 3189; x_wconf 85' lang='lat' dir='ltr'><strong>tuum</strong></span> <span class='ocrx_word' id='word_1_161' title='bbox 844 3132 896 3188; x_wconf 76' lang='lat' dir='ltr'><strong>Ito-</strong></span> 
     </span>
     <span class='ocr_line' id='line_1_25' title="bbox 191 3225 896 3306; baseline -0.006 -19"><span class='ocrx_word' id='word_1_162' title='bbox 191 3231 329 3298; x_wconf 83' lang='lat' dir='ltr'><strong>minibus,</strong></span> <span class='ocrx_word' id='word_1_163' title='bbox 343 3247 415 3306; x_wconf 80' lang='lat' dir='ltr'><strong>quos</strong></span> <span class='ocrx_word' id='word_1_164' title='bbox 423 3226 529 3284; x_wconf 80' lang='lat' dir='ltr'><strong>dedisti</strong></span> <span class='ocrx_word' id='word_1_165' title='bbox 538 3227 611 3283; x_wconf 73' lang='lat' dir='ltr'><strong>mitri</strong></span> <span class='ocrx_word' id='word_1_166' title='bbox 622 3226 658 3282; x_wconf 85' lang='lat' dir='ltr'><strong>de</strong></span> <span class='ocrx_word' id='word_1_167' title='bbox 670 3225 788 3282; x_wconf 85' lang='lat' dir='ltr'><strong>mundo.</strong></span> <span class='ocrx_word' id='word_1_168' title='bbox 797 3226 825 3282; x_wconf 81' lang='lat'><strong>7.</strong></span> <span class='ocrx_word' id='word_1_169' title='bbox 843 3227 896 3283; x_wconf 80' lang='lat' dir='ltr'><strong>Tui</strong></span> 
     </span>
     <span class='ocr_line' id='line_1_26' title="bbox 190 3318 896 3389; baseline -0.008 -11"><span class='ocrx_word' id='word_1_170' title='bbox 190 3329 286 3389; x_wconf 80' lang='lat' dir='ltr'><strong>erant,</strong></span> <span class='ocrx_word' id='word_1_171' title='bbox 312 3331 341 3375; x_wconf 92' lang='lat' dir='ltr'><strong>et</strong></span> <span class='ocrx_word' id='word_1_172' title='bbox 367 3319 508 3375; x_wconf 74' lang='lat' dir='ltr'><strong>mittens</strong></span> <span class='ocrx_word' id='word_1_173' title='bbox 533 3318 649 3387; x_wconf 83' lang='lat' dir='ltr'><strong>dedisti,</strong></span> <span class='ocrx_word' id='word_1_174' title='bbox 681 3329 708 3373; x_wconf 88' lang='lat' dir='ltr'><strong>et</strong></span> <span class='ocrx_word' id='word_1_175' title='bbox 736 3336 896 3375; x_wconf 86' lang='lat' dir='ltr'><strong>sermonem</strong></span> 
     </span>
     <span class='ocr_line' id='line_1_27' title="bbox 192 3418 485 3469; baseline -0.014 0"><span class='ocrx_word' id='word_1_176' title='bbox 192 3418 274 3469; x_wconf 80' lang='lat' dir='ltr'><strong>tuum</strong></span> <span class='ocrx_word' id='word_1_177' title='bbox 288 3419 485 3468; x_wconf 77' lang='lat' dir='ltr'><strong>servaverunt.</strong></span> 
     </span>
    </p>
   </div>
   <div class='ocr_carea' id='block_1_6' title="bbox 11 3590 937 5241">
    <p class='ocr_par' dir='ltr' id='par_1_8' title="bbox 11 3590 937 5241">
     <span class='ocr_line' id='line_1_28' title="bbox 192 3590 930 3673; baseline -0.003 -20"><span class='ocrx_word' id='word_1_178' title='bbox 192 3599 219 3653; x_wconf 84' lang='lat' dir='ltr'><strong>t.</strong></span> <span class='ocrx_word' id='word_1_179' title='bbox 237 3592 332 3673; x_wconf 76' lang='lat' dir='ltr'><strong>Magni</strong></span> <span class='ocrx_word' id='word_1_180' title='bbox 351 3590 457 3650; x_wconf 72' lang='lat' dir='ltr'><strong>eonsilu</strong></span> <span class='ocrx_word' id='word_1_181' title='bbox 475 3590 593 3670; x_wconf 77' lang='lat' dir='ltr'><strong>Angelus</strong></span> <span class='ocrx_word' id='word_1_182' title='bbox 611 3591 712 3651; x_wconf 88' lang='lat' dir='ltr'><strong>dicitur</strong></span> <span class='ocrx_word' id='word_1_183' title='bbox 729 3592 817 3650; x_wconf 88' lang='lat' dir='ltr'><strong>Filius</strong></span> <span class='ocrx_word' id='word_1_184' title='bbox 833 3593 893 3668; x_wconf 89' lang='lat' dir='ltr'><strong>Dei,</strong></span> <span class='ocrx_word' id='word_1_185' title='bbox 913 3621 930 3666; x_wconf 68' lang='lat' dir='ltr'><strong>p</strong></span> 
     </span>
     <span class='ocr_line' id='line_1_29' title="bbox 150 3682 895 3763; baseline -0.007 -16"><span class='ocrx_word' id='word_1_186' title='bbox 150 3701 176 3747; x_wconf 90' lang='lat' dir='ltr'><strong>et</strong></span> <span class='ocrx_word' id='word_1_187' title='bbox 191 3685 308 3746; x_wconf 89' lang='lat' dir='ltr'><strong>aliorum</strong></span> <span class='ocrx_word' id='word_1_188' title='bbox 325 3705 386 3763; x_wconf 85' lang='lat' dir='ltr'><strong>quae</strong></span> <span class='ocrx_word' id='word_1_189' title='bbox 406 3682 497 3742; x_wconf 90' lang='lat' dir='ltr'><strong>docuit</strong></span> <span class='ocrx_word' id='word_1_190' title='bbox 517 3682 614 3762; x_wconf 81' lang='lat' dir='ltr'><strong>gratia,</strong></span> <span class='ocrx_word' id='word_1_191' title='bbox 634 3697 660 3742; x_wconf 90' lang='lat' dir='ltr'><strong>et</strong></span> <span class='ocrx_word' id='word_1_192' title='bbox 679 3683 815 3763; x_wconf 78' lang='lat' dir='ltr'><strong>precipue</strong></span> <span class='ocrx_word' id='word_1_193' title='bbox 833 3685 895 3762; x_wconf 86' lang='lat' dir='ltr'><strong>quia</strong></span> 
     </span>
     <span class='ocr_line' id='line_1_30' title="bbox 150 3775 896 3855; baseline -0.003 -16"><span class='ocrx_word' id='word_1_194' title='bbox 150 3780 257 3839; x_wconf 84' lang='lat' dir='ltr'><strong>Patrem</strong></span> <span class='ocrx_word' id='word_1_195' title='bbox 267 3776 424 3837; x_wconf 89' lang='lat' dir='ltr'><strong>hominibus</strong></span> <span class='ocrx_word' id='word_1_196' title='bbox 437 3775 609 3836; x_wconf 87' lang='lat' dir='ltr'><strong>annuntiavit</strong></span> <span class='ocrx_word' id='word_1_197' title='bbox 626 3800 632 3832; x_wconf 78' lang='grc' dir='ltr'><strong>ε</strong></span> <span class='ocrx_word' id='word_1_198' title='bbox 647 3776 720 3855; x_wconf 89' lang='lat' dir='ltr'><strong>quod</strong></span> <span class='ocrx_word' id='word_1_199' title='bbox 734 3790 760 3835; x_wconf 90' lang='lat' dir='ltr'><strong>et</strong></span> <span class='ocrx_word' id='word_1_200' title='bbox 774 3799 845 3837; x_wconf 90' lang='lat' dir='ltr'><strong>nunc</strong></span> <span class='ocrx_word' id='word_1_201' title='bbox 855 3779 896 3837; x_wconf 90' lang='lat' dir='ltr'><strong>di·</strong></span> 
     </span>
     <span class='ocr_line' id='line_1_31' title="bbox 148 3870 895 3952; baseline -0.004 -20"><span class='ocrx_word' id='word_1_202' title='bbox 148 3873 196 3948; x_wconf 89' lang='lat' dir='ltr'><strong>cit,</strong></span> <span class='ocrx_word' id='word_1_203' title='bbox 213 3870 409 3952; x_wconf 68' lang='lat' dir='ltr'><strong>Mamsestcvr&#39;</strong></span> <span class='ocrx_word' id='word_1_204' title='bbox 423 3888 529 3926; x_wconf 86' lang='lat' dir='ltr'><strong>nomen</strong></span> <span class='ocrx_word' id='word_1_205' title='bbox 543 3880 624 3926; x_wconf 85' lang='lat' dir='ltr'><strong>tuum</strong></span> <span class='ocrx_word' id='word_1_206' title='bbox 639 3870 813 3929; x_wconf 74' lang='lat' dir='ltr'><strong>hominibus.</strong></span> <span class='ocrx_word' id='word_1_207' title='bbox 826 3872 895 3929; x_wconf 81' lang='lat' dir='ltr'><strong>Nam</strong></span> 
     </span>
     <span class='ocr_line' id='line_1_32' title="bbox 148 3958 895 4043; baseline -0.004 -18"><span class='ocrx_word' id='word_1_208' title='bbox 148 3987 211 4026; x_wconf 90' lang='lat' dir='ltr'><strong>cum</strong></span> <span class='ocrx_word' id='word_1_209' title='bbox 220 3963 369 4024; x_wconf 84' lang='lat' dir='ltr'><strong>dixissetse</strong></span> <span class='ocrx_word' id='word_1_210' title='bbox 373 3958 515 4043; x_wconf 82' lang='lat' dir='ltr'><strong>perfecisse</strong></span> <span class='ocrx_word' id='word_1_211' title='bbox 524 3982 592 4041; x_wconf 88' lang='lat' dir='ltr'><strong>opus</strong></span> <span class='ocrx_word' id='word_1_212' title='bbox 602 3960 686 4037; x_wconf 89' lang='lat' dir='ltr'><strong>illius,</strong></span> <span class='ocrx_word' id='word_1_213' title='bbox 697 3976 787 4020; x_wconf 87' lang='lat' dir='ltr'><strong>narrat</strong></span> <span class='ocrx_word' id='word_1_214' title='bbox 796 3961 895 4022; x_wconf 89' lang='lat' dir='ltr'><strong>deinde</strong></span> 
     </span>
     <span class='ocr_line' id='line_1_33' title="bbox 147 4052 894 4139; baseline -0.001 -23"><span class='ocrx_word' id='word_1_215' title='bbox 147 4057 216 4139; x_wconf 92' lang='lat' dir='ltr'><strong>quid</strong></span> <span class='ocrx_word' id='word_1_216' title='bbox 236 4055 307 4116; x_wconf 92' lang='lat' dir='ltr'><strong>illud</strong></span> <span class='ocrx_word' id='word_1_217' title='bbox 324 4052 455 4135; x_wconf 75' lang='lat' dir='ltr'><strong>opussit.</strong></span> <span class='ocrx_word' id='word_1_218' title='bbox 474 4053 556 4132; x_wconf 84' lang='lat' dir='ltr'><strong>Atqui</strong></span> <span class='ocrx_word' id='word_1_219' title='bbox 576 4053 746 4113; x_wconf 86' lang='lat' dir='ltr'><strong>manifestum</strong></span> <span class='ocrx_word' id='word_1_220' title='bbox 763 4070 820 4115; x_wconf 84' lang='lat' dir='ltr'><strong>erat</strong></span> <span class='ocrx_word' id='word_1_221' title='bbox 844 4078 894 4115; x_wconf 91' lang='lat' dir='ltr'><strong>no-</strong></span> 
     </span>
     <span class='ocr_line' id='line_1_34' title="bbox 26 4144 937 4223; baseline -0.001 -14"><span class='ocrx_word' id='word_1_222' title='bbox 26 4176 58 4218; x_wconf 65' lang='lat'><strong>«¹.</strong></span> <span class='ocrx_word' id='word_1_223' title='bbox 101 4208 107 4219; x_wconf 83' lang='grc'>,</span> <span class='ocrx_word' id='word_1_224' title='bbox 149 4171 221 4210; x_wconf 89' lang='lat' dir='ltr'><strong>men.</strong></span> <span class='ocrx_word' id='word_1_225' title='bbox 233 4150 304 4211; x_wconf 88' lang='lat' dir='ltr'><strong>Nam</strong></span> <span class='ocrx_word' id='word_1_226' title='bbox 314 4147 398 4206; x_wconf 86' lang='lat' dir='ltr'><strong>Isaias</strong></span> <span class='ocrx_word' id='word_1_227' title='bbox 408 4145 447 4204; x_wconf 86' lang='lat' dir='ltr'><strong>ait</strong></span> <span class='ocrx_word' id='word_1_228' title='bbox 465 4144 601 4207; x_wconf 84' lang='lat' dir='ltr'><strong>:Jurastis</strong></span> <span class='ocrx_word' id='word_1_229' title='bbox 616 4148 704 4205; x_wconf 90' lang='lat' dir='ltr'><strong>Deum</strong></span> <span class='ocrx_word' id='word_1_230' title='bbox 721 4169 824 4206; x_wconf 84' lang='lat' dir='ltr'><strong>verum.</strong></span> <span class='ocrx_word' id='word_1_231' title='bbox 836 4153 893 4208; x_wconf 88' lang='lat' dir='ltr'><strong>Ve-</strong></span> <span class='ocrx_word' id='word_1_232' title='bbox 904 4186 937 4223; x_wconf 43' lang='grc' dir='ltr'><strong>τῃ</strong></span> 
     </span>
     <span class='ocr_line' id='line_1_35' title="bbox 149 4237 932 4320; baseline -0.001 -18"><span class='ocrx_word' id='word_1_233' title='bbox 149 4263 221 4318; x_wconf 90' lang='lat' dir='ltr'><strong>rum,</strong></span> <span class='ocrx_word' id='word_1_234' title='bbox 241 4254 271 4299; x_wconf 92' lang='lat' dir='ltr'><strong>ut</strong></span> <span class='ocrx_word' id='word_1_235' title='bbox 290 4261 357 4320; x_wconf 79' lang='lat' dir='ltr'><strong>saepe</strong></span> <span class='ocrx_word' id='word_1_236' title='bbox 374 4238 447 4315; x_wconf 85' lang='lat' dir='ltr'><strong>dixi,</strong></span> <span class='ocrx_word' id='word_1_237' title='bbox 467 4251 493 4297; x_wconf 90' lang='lat' dir='ltr'><strong>et</strong></span> <span class='ocrx_word' id='word_1_238' title='bbox 514 4259 585 4297; x_wconf 90' lang='lat' dir='ltr'><strong>nunc</strong></span> <span class='ocrx_word' id='word_1_239' title='bbox 603 4237 704 4312; x_wconf 89' lang='lat' dir='ltr'><strong>dicam,</strong></span> <span class='ocrx_word' id='word_1_240' title='bbox 723 4241 895 4301; x_wconf 82' lang='lat' dir='ltr'><strong>manifestum</strong></span> <span class='ocrx_word' id='word_1_241' title='bbox 914 4244 932 4285; x_wconf 80' lang='grc' dir='ltr'><strong>Λ</strong></span> 
     </span>
     <span class='ocr_line' id='line_1_36' title="bbox 148 4330 893 4409; baseline 0.001 -17"><span class='ocrx_word' id='word_1_242' title='bbox 148 4334 214 4408; x_wconf 90' lang='lat' dir='ltr'><strong>Iuit,</strong></span> <span class='ocrx_word' id='word_1_243' title='bbox 225 4333 274 4392; x_wconf 88' lang='lat' dir='ltr'><strong>sed</strong></span> <span class='ocrx_word' id='word_1_244' title='bbox 290 4331 405 4406; x_wconf 79' lang='lat' dir='ltr'><strong>Judaeis3</strong></span> <span class='ocrx_word' id='word_1_245' title='bbox 418 4352 504 4409; x_wconf 90' lang='lat' dir='ltr'><strong>neque</strong></span> <span class='ocrx_word' id='word_1_246' title='bbox 521 4330 575 4390; x_wconf 88' lang='lat' dir='ltr'><strong>iIIis</strong></span> <span class='ocrx_word' id='word_1_247' title='bbox 590 4331 715 4390; x_wconf 89' lang='lat' dir='ltr'><strong>omnihus</strong></span> <span class='ocrx_word' id='word_1_248' title='bbox 733 4356 739 4388; x_wconf 91' lang='lat'>:</span> <span class='ocrx_word' id='word_1_249' title='bbox 755 4354 826 4393; x_wconf 89' lang='lat' dir='ltr'><strong>nunc</strong></span> <span class='ocrx_word' id='word_1_250' title='bbox 842 4357 893 4393; x_wconf 85' lang='lat' dir='ltr'><strong>au-</strong></span> 
     </span>
     <span class='ocr_line' id='line_1_37' title="bbox 148 4423 893 4503; baseline 0 -19"><span class='ocrx_word' id='word_1_251' title='bbox 148 4439 202 4484; x_wconf 88' lang='lat' dir='ltr'><strong>tem</strong></span> <span class='ocrx_word' id='word_1_252' title='bbox 215 4424 250 4483; x_wconf 91' lang='lat' dir='ltr'><strong>de</strong></span> <span class='ocrx_word' id='word_1_253' title='bbox 262 4424 407 4503; x_wconf 79' lang='lat' dir='ltr'><strong>gentilibus</strong></span> <span class='ocrx_word' id='word_1_254' title='bbox 420 4423 551 4500; x_wconf 88' lang='lat' dir='ltr'><strong>loquitur.</strong></span> <span class='ocrx_word' id='word_1_255' title='bbox 566 4424 659 4501; x_wconf 85' lang='lat' dir='ltr'><strong>Neque</strong></span> <span class='ocrx_word' id='word_1_256' title='bbox 672 4423 724 4482; x_wconf 91' lang='lat' dir='ltr'><strong>hoc</strong></span> <span class='ocrx_word' id='word_1_257' title='bbox 735 4437 840 4484; x_wconf 87' lang='lat' dir='ltr'><strong>tanturn</strong></span> <span class='ocrx_word' id='word_1_258' title='bbox 853 4427 893 4484; x_wconf 89' lang='lat' dir='ltr'><strong>si-</strong></span> 
     </span>
     <span class='ocr_line' id='line_1_38' title="bbox 149 4516 893 4598; baseline 0.005 -23"><span class='ocrx_word' id='word_1_259' title='bbox 149 4517 269 4598; x_wconf 77' lang='lat' dir='ltr'><strong>gnificat,</strong></span> <span class='ocrx_word' id='word_1_260' title='bbox 286 4516 333 4575; x_wconf 89' lang='lat' dir='ltr'><strong>sed</strong></span> <span class='ocrx_word' id='word_1_261' title='bbox 345 4516 418 4594; x_wconf 89' lang='lat' dir='ltr'><strong>quod</strong></span> <span class='ocrx_word' id='word_1_262' title='bbox 427 4517 532 4574; x_wconf 89' lang='lat' dir='ltr'><strong>Patrem</strong></span> <span class='ocrx_word' id='word_1_263' title='bbox 546 4516 625 4573; x_wconf 92' lang='lat' dir='ltr'><strong>illum</strong></span> <span class='ocrx_word' id='word_1_264' title='bbox 639 4538 694 4575; x_wconf 88' lang='lat' dir='ltr'><strong>csse</strong></span> <span class='ocrx_word' id='word_1_265' title='bbox 709 4534 821 4577; x_wconf 82' lang='lat' dir='ltr'><strong>nossent.</strong></span> <span class='ocrx_word' id='word_1_266' title='bbox 834 4522 893 4579; x_wconf 90' lang='lat' dir='ltr'><strong>Non</strong></span> 
     </span>
     <span class='ocr_line' id='line_1_39' title="bbox 150 4607 892 4689; baseline 0.003 -21"><span class='ocrx_word' id='word_1_267' title='bbox 150 4609 220 4668; x_wconf 89' lang='lat' dir='ltr'><strong>idem</strong></span> <span class='ocrx_word' id='word_1_268' title='bbox 244 4628 309 4667; x_wconf 86' lang='lat' dir='ltr'><strong>vero</strong></span> <span class='ocrx_word' id='word_1_269' title='bbox 332 4620 371 4665; x_wconf 89' lang='lat' dir='ltr'><strong>est</strong></span> <span class='ocrx_word' id='word_1_270' title='bbox 392 4607 460 4665; x_wconf 87' lang='lat' dir='ltr'><strong>scire</strong></span> <span class='ocrx_word' id='word_1_271' title='bbox 478 4607 567 4687; x_wconf 90' lang='lat' dir='ltr'><strong>ipsum</strong></span> <span class='ocrx_word' id='word_1_272' title='bbox 590 4629 645 4665; x_wconf 87' lang='lat' dir='ltr'><strong>esse</strong></span> <span class='ocrx_word' id='word_1_273' title='bbox 664 4608 831 4683; x_wconf 83' lang='lat' dir='ltr'><strong>Creatorem,</strong></span> <span class='ocrx_word' id='word_1_274' title='bbox 855 4626 892 4689; x_wconf 84' lang='lat' dir='ltr'><strong>et,</strong></span> 
     </span>
     <span class='ocr_line' id='line_1_40' title="bbox 148 4698 893 4781; baseline 0.001 -20"><span class='ocrx_word' id='word_1_275' title='bbox 148 4701 251 4762; x_wconf 87' lang='lat' dir='ltr'><strong>Filium</strong></span> <span class='ocrx_word' id='word_1_276' title='bbox 265 4698 372 4757; x_wconf 84' lang='lat' dir='ltr'><strong>habere.</strong></span> <span class='ocrx_word' id='word_1_277' title='bbox 387 4698 571 4756; x_wconf 82' lang='lat' dir='ltr'><strong>Manifestavit</strong></span> <span class='ocrx_word' id='word_1_278' title='bbox 584 4712 673 4757; x_wconf 86' lang='lat' dir='ltr'><strong>autem</strong></span> <span class='ocrx_word' id='word_1_279' title='bbox 687 4721 781 4759; x_wconf 86' lang='lat' dir='ltr'><strong>nornen</strong></span> <span class='ocrx_word' id='word_1_280' title='bbox 797 4703 854 4781; x_wconf 85' lang='lat' dir='ltr'><strong>ejus</strong></span> <span class='ocrx_word' id='word_1_281' title='bbox 868 4717 893 4762; x_wconf 85' lang='lat' dir='ltr'><strong>et</strong></span> 
     </span>
     <span class='ocr_line' id='line_1_41' title="bbox 148 4789 889 4867; baseline -0.003 -13"><span class='ocrx_word' id='word_1_282' title='bbox 148 4793 250 4867; x_wconf 88' lang='lat' dir='ltr'><strong>verbis,</strong></span> <span class='ocrx_word' id='word_1_283' title='bbox 265 4804 291 4849; x_wconf 91' lang='lat' dir='ltr'><strong>et</strong></span> <span class='ocrx_word' id='word_1_284' title='bbox 306 4789 394 4847; x_wconf 84' lang='lat' dir='ltr'><strong>rebus.</strong></span> <span class='ocrx_word' id='word_1_285' title='bbox 413 4791 490 4866; x_wconf 82' lang='lat' dir='ltr'><strong>Quos</strong></span> <span class='ocrx_word' id='word_1_286' title='bbox 509 4791 616 4848; x_wconf 80' lang='lat' dir='ltr'><strong>dedisti</strong></span> <span class='ocrx_word' id='word_1_287' title='bbox 635 4794 708 4848; x_wconf 79' lang='lat' dir='ltr'><strong>mihi</strong></span> <span class='ocrx_word' id='word_1_288' title='bbox 721 4794 757 4851; x_wconf 77' lang='lat' dir='ltr'><strong>(le</strong></span> <span class='ocrx_word' id='word_1_289' title='bbox 771 4797 889 4853; x_wconf 84' lang='lat' dir='ltr'><strong>mundo.</strong></span> 
     </span>
     <span class='ocr_line' id='line_1_42' title="bbox 11 4879 889 4962; baseline 0 -17"><span class='ocrx_word' id='word_1_290' title='bbox 11 4930 65 4956; x_wconf 74' lang='lat' dir='ltr'><strong>can.</strong></span> <span class='ocrx_word' id='word_1_291' title='bbox 73 4912 138 4962; x_wconf 58' lang='lat'><strong>55⁶,</strong></span> <span class='ocrx_word' id='word_1_292' title='bbox 148 4881 385 4960; x_wconf 82' lang='lat' dir='ltr'><strong>Quemadmodum</strong></span> <span class='ocrx_word' id='word_1_293' title='bbox 396 4902 477 4960; x_wconf 87' lang='lat' dir='ltr'><strong>snpra</strong></span> <span class='ocrx_word' id='word_1_294' title='bbox 487 4879 570 4957; x_wconf 85' lang='lat' dir='ltr'><strong>dixit,</strong></span> <span class='ocrx_word' id='word_1_295' title='bbox 586 4884 679 4940; x_wconf 88' lang='lat' dir='ltr'><strong>Nemo</strong></span> <span class='ocrx_word' id='word_1_296' title='bbox 690 4888 770 4942; x_wconf 83' lang='lat' dir='ltr'><strong>verrit</strong></span> <span class='ocrx_word' id='word_1_297' title='bbox 782 4887 824 4942; x_wconf 86' lang='lat' dir='ltr'><strong>cd</strong></span> <span class='ocrx_word' id='word_1_298' title='bbox 834 4909 889 4959; x_wconf 87' lang='lat' dir='ltr'><strong>me,</strong></span> 
     </span>
     <span class='ocr_line' id='line_1_43' title="bbox 11 4976 891 5072; baseline -0.003 -31"><span class='ocrx_word' id='word_1_299' title='bbox 11 5010 58 5055; x_wconf 49' lang='lat' dir='ltr'><strong>ped,</strong></span> <span class='ocrx_word' id='word_1_300' title='bbox 67 5028 88 5056; x_wconf 59' lang='lat'><strong>,‚</strong></span> <span class='ocrx_word' id='word_1_301' title='bbox 99 5015 136 5072; x_wconf 56' lang='grc' dir='ltr'><strong>Η,</strong></span> <span class='ocrx_word' id='word_1_302' title='bbox 148 4985 206 5041; x_wconf 81' lang='lat' dir='ltr'><strong>nisi</strong></span> <span class='ocrx_word' id='word_1_303' title='bbox 219 4984 245 5038; x_wconf 82' lang='lat' dir='ltr'><strong>ei</strong></span> <span class='ocrx_word' id='word_1_304' title='bbox 259 4977 479 5057; x_wconf 78' lang='lat' dir='ltr'><strong>datumsuerit;</strong></span> <span class='ocrx_word' id='word_1_305' title='bbox 490 4987 526 5048; x_wconf 89' lang='lat' dir='ltr'><strong>et,</strong></span> <span class='ocrx_word' id='word_1_306' title='bbox 539 4976 605 5032; x_wconf 84' lang='lat' dir='ltr'><strong>Nisi</strong></span> <span class='ocrx_word' id='word_1_307' title='bbox 617 4982 739 5035; x_wconf 77' lang='lat' dir='ltr'><strong>traxerit</strong></span> <span class='ocrx_word' id='word_1_308' title='bbox 751 5000 816 5036; x_wconf 82' lang='lat' dir='ltr'><strong>cum</strong></span> <span class='ocrx_word' id='word_1_309' title='bbox 831 4983 891 5039; x_wconf 84' lang='lat' dir='ltr'><strong>Pc-</strong></span> 
     </span>
     <span class='ocr_line' id='line_1_44' title="bbox 148 5061 889 5139; baseline -0.005 -10"><span class='ocrx_word' id='word_1_310' title='bbox 148 5084 192 5129; x_wconf 87' lang='lat' dir='ltr'><strong>ter</strong></span> <span class='ocrx_word' id='word_1_311' title='bbox 211 5087 291 5127; x_wconf 84' lang='lat' dir='ltr'><strong>meus</strong></span> <span class='ocrx_word' id='word_1_312' title='bbox 306 5088 314 5120; x_wconf 93' lang='grc'><strong>.·</strong></span> <span class='ocrx_word' id='word_1_313' title='bbox 330 5063 408 5122; x_wconf 90' lang='lat' dir='ltr'><strong>sicet</strong></span> <span class='ocrx_word' id='word_1_314' title='bbox 422 5061 474 5120; x_wconf 91' lang='lat' dir='ltr'><strong>hoc</strong></span> <span class='ocrx_word' id='word_1_315' title='bbox 494 5061 563 5134; x_wconf 90' lang='lat' dir='ltr'><strong>loco,</strong></span> <span class='ocrx_word' id='word_1_316' title='bbox 584 5063 662 5139; x_wconf 86' lang='lat' dir='ltr'><strong>Quos</strong></span> <span class='ocrx_word' id='word_1_317' title='bbox 680 5064 786 5123; x_wconf 79' lang='lat' dir='ltr'><strong>dedisti</strong></span> <span class='ocrx_word' id='word_1_318' title='bbox 806 5069 889 5125; x_wconf 81' lang='lat' dir='ltr'><strong>mr&#39;In&#39;.</strong></span> 
     </span>
     <span class='ocr_line' id='line_1_45' title="bbox 147 5152 890 5241; baseline -0.005 -22"><span class='ocrx_word' id='word_1_319' title='bbox 147 5162 229 5241; x_wconf 77' lang='lat' dir='ltr'><strong>Atqui</strong></span> <span class='ocrx_word' id='word_1_320' title='bbox 248 5181 277 5219; x_wconf 89' lang='lat' dir='ltr'><strong>se</strong></span> <span class='ocrx_word' id='word_1_321' title='bbox 296 5156 369 5218; x_wconf 76' lang='lat' dir='ltr'><strong>viam</strong></span> <span class='ocrx_word' id='word_1_322' title='bbox 391 5174 446 5213; x_wconf 89' lang='lat' dir='ltr'><strong>esse</strong></span> <span class='ocrx_word' id='word_1_323' title='bbox 466 5152 546 5212; x_wconf 74' lang='lat' dir='ltr'><strong>dirit.</strong></span> <span class='ocrx_word' id='word_1_324' title='bbox 565 5152 644 5213; x_wconf 89' lang='lat' dir='ltr'><strong>Unde</strong></span> <span class='ocrx_word' id='word_1_325' title='bbox 663 5155 753 5235; x_wconf 85' lang='lat' dir='ltr'><strong>palam</strong></span> <span class='ocrx_word' id='word_1_326' title='bbox 773 5171 812 5216; x_wconf 88' lang='lat' dir='ltr'><strong>est</strong></span> <span class='ocrx_word' id='word_1_327' title='bbox 828 5179 890 5222; x_wconf 86' lang='lat' dir='ltr'><strong>eum</strong></span> 
     </span>
    </p>
   </div>
   <div class='ocr_carea' id='block_1_7' title="bbox 146 5247 890 5334">
    <p class='ocr_par' dir='ltr' id='par_1_9' title="bbox 146 5247 890 5334">
     <span class='ocr_line' id='line_1_46' title="bbox 146 5247 890 5334; baseline -0.007 -16"><span class='ocrx_word' id='word_1_328' title='bbox 146 5258 201 5318; x_wconf 77' lang='lat' dir='ltr'><strong>dero</strong></span> <span class='ocrx_word' id='word_1_329' title='bbox 211 5257 254 5315; x_wconf 84' lang='lat' dir='ltr'><strong>his</strong></span> <span class='ocrx_word' id='word_1_330' title='bbox 263 5252 426 5334; x_wconf 78' lang='lat' dir='ltr'><strong>significare,</strong></span> <span class='ocrx_word' id='word_1_331' title='bbox 440 5247 513 5327; x_wconf 87' lang='lat' dir='ltr'><strong>quod</strong></span> <span class='ocrx_word' id='word_1_332' title='bbox 527 5269 620 5328; x_wconf 85' lang='lat' dir='ltr'><strong>nempe</strong></span> <span class='ocrx_word' id='word_1_333' title='bbox 633 5269 684 5308; x_wconf 91' lang='lat' dir='ltr'><strong>non</strong></span> <span class='ocrx_word' id='word_1_334' title='bbox 696 5251 731 5309; x_wconf 94' lang='lat' dir='ltr'><strong>sit</strong></span> <span class='ocrx_word' id='word_1_335' title='bbox 743 5252 813 5311; x_wconf 82' lang='lat' dir='ltr'><strong>Patri</strong></span> <span class='ocrx_word' id='word_1_336' title='bbox 826 5276 890 5314; x_wconf 85' lang='lat' dir='ltr'><strong>ron·</strong></span> 
     </span>
    </p>
   </div>
   <div class='ocr_carea' id='block_1_8' title="bbox 0 0 1880 5940">
    <p class='ocr_par' dir='ltr' id='par_1_10' title="bbox 0 0 1880 5940">
     <span class='ocr_line' id='line_1_47' title="bbox 0 0 1880 5940; baseline 0 3"><span class='ocrx_word' id='word_1_337' title='bbox 0 0 1880 5940; x_wconf 95' lang='lat' dir='ltr'><strong> </strong></span> 
     </span>
    </p>
   </div>
  </div>
 </body>
</html>
