3750 5940
232 392 278 464 58
577 413 605 460 s.
634 411 769 462 ioannis
794 409 976 460 annisosr.
1006 408 1159 456 λιιειιιιιν.
1186 408 1449 459 oonsraurruor.

228 539 379 600 videntium
392 538 515 596 tribuunt
526 559 532 591 ι
544 550 607 596 sunt
631 537 713 595 ctiam
730 535 792 612 alii,
811 535 859 614 qui
877 546 973 615 prater
1026 531 1075 605 τὴν
1086 538 1132 594 τοῦ
1144 534 1241 605 παντὸς
1254 537 1423 619 ἐπιτρέπουσι
1438 534 1577 617 πρόνοιαν·
1591 533 1643 594 εἰσί
1659 531 1687 594 ll
1704 529 1731 592 οί
1755 527 1802 589 καί

227 634 301 692 hunc
317 634 420 704 Βειιιιι,
435 629 521 689 alium
541 628 594 689 sibi
615 628 856 689 comminiscuntur
871 651 878 683 :
891 647 926 686 ex
940 624 1009 689 iisc
1027 624 1115 708 ῖτσρον
1124 626 1198 711 παρὸ
1207 634 1297 688 ταῖτον
1310 628 1505 690 ἀναπλάττωσι
1514 627 1585 689 θεάν·
1594 627 1664 694 τινὲς
1674 624 1702 685 δὲ
1714 625 1802 683 αὐτῶν

229 723 340 802 quidam
353 721 538 782 adversariam
548 723 771 802 Deopoteetatem
778 740 835 779 esse
849 720 976 802 blasphe·
1028 718 1074 778 καί
1083 719 1133 794 clv
1144 723 1326 801 ἀντικειμένην
1341 714 1408 783 εἶναι
1425 724 1624 802 βλασφημοῦσιν
1638 717 1745 778 ιἀὐτοῦ
1757 713 1801 773 δύ·

228 828 313 889 mant,
329 828 357 874 et
367 814 438 894 leges
449 814 506 894 ejus
515 812 628 893 maligni
643 811 773 872 daemonis
786 832 843 870 esse
854 811 975 893 putant?
1027 836 1116 891 ναμιν,
1127 813 1174 874 καλ
1187 813 1247 884 τοῖς
1255 815 1349 894 νόμως
1362 818 1455 888 etta,
1467 821 1583 897 πονηροῦ
1596 813 1666 879 τινὸς
1677 807 1803 885 δαίμονος

228 908 305 981 Quid
320 907 422 988 igitur?
435 928 500 966 num
520 906 581 966 idco
594 906 715 966 dicemus
731 907 821 964 Deum
839 926 892 964 non
906 927 975 981 esse,
1028 894 1095 965 εἶναι
1109 908 1243 984 νομίζωσι
1251 930 1259 980 ;
1274 908 1311 967 Τί
1323 899 1381 982 οὖν,
1394 908 1551 990 παρὸτῶτο
1564 904 1624 966 οὔτε
1634 901 1706 964 Θεὸν
1722 896 1802 959 αἰανὸν

228 999 292 1079 quia
308 999 421 1079 quidam
436 998 489 1057 hoc
503 999 617 1057 dicunt?
634 1019 700 1056 num
721 1010 747 1056 et
761 996 852 1077 ipsum
873 997 975 1055 malum
1026 997 1145 1076 φήσομεν
1166 990 1246 1074 εἶναι,
1260 1001 1351 1074 ἐπειδή
1363 999 1432 1068 τινίς
1448 1003 1514 1060 εἰσιν
1531 1003 1555 1059 οί
1574 1003 1651 1057 τοῦτο
1664 992 1800 1073 lipom,

227 1111 284 1150 esse
304 1089 503 1162 confitebimur,
521 1087 585 1166 quia
606 1088 719 1166 quidam
736 1086 766 1146 id
788 1087 871 1169 impie
891 1088 975 1168 proli·
1027 1089 1074 1148 καί
1085 1091 1198 1173 πονηρὸν
1217 1093 1295 1152 αὐτὸν
1313 1092 1510 1173 ὁμολογήσομεν
1524 1081 1605 1163 eleon
1618 1087 1665 1148 καί
1682 1085 1738 1166 γὸρ
1756 1080 1802 1143 καὶ

227 1184 341 1242 tentur?
361 1187 452 1263 Apage
476 1180 619 1240 stultitiam
641 1194 844 1258 extremamque
866 1179 975 1240 demen-
1027 1181 1104 1241 τοῖίτιί
1119 1185 1183 1243 εἰσιν
1198 1187 1223 1243 οἱ
1236 1187 1450 1267 βλασρημάθντες
1465 1182 1553 1244 σίντάν.
1569 1180 1672 1259 Ἄπαγε
1685 1181 1737 1248 τῆς
1748 1198 1802 1235 πᾶ·

227 1277 303 1336 tiam.
320 1277 392 1336 Nam
407 1276 430 1334 si
444 1296 480 1334 ex
493 1275 642 1333 furentium
652 1273 760 1356 judicio
782 1272 907 1354 dogmata
921 1286 975 1333 sta-
1029 1273 1191 1354 ραφροσιίνης
1210 1276 1257 1336 καί
1280 1281 1328 1349 τῆς
1350 1276 1464 1358 ἐσχάτης
1477 1271 1673 1357 παραπληξίας.
1694 1270 1731 1329 Et
1750 1265 1802 1349 γὸρ

227 1383 372 1447 tueremus,
397 1367 466 1428 nihil
487 1369 590 1426 obesset
612 1367 756 1447 quominus
770 1380 797 1426 et
810 1366 862 1448 ipsi
885 1367 977 1426 imore
1029 1364 1169 1444 μέλλοιμεν
1181 1367 1234 1428 ἀπὸ
1245 1373 1293 1441 τῆς
1303 1373 1356 1428 τῶν
1368 1366 1533 1447 μαινομένων
1542 1364 1653 1448 κρίσεως
1664 1382 1802 1442 χαρακτη·

227 1462 387 1543 gravissimo
405 1460 576 1521 duceremur.
594 1462 672 1520 Certe
684 1482 763 1520 nemo
782 1460 866 1520 solem
879 1473 975 1519 natura
1029 1457 1106 1540 ρίζειν
1117 1460 1151 1520 τὸ
1164 1460 1380 1541 δόγματα,οιἰδὲν
1390 1460 1486 1521 κωλύει
1499 1458 1637 1540 μαίνεσθαι
1649 1455 1697 1516 κοιλ
1709 1453 1802 1522 aad<

226 1575 274 1613 sua
288 1554 374 1613 oculis
387 1552 570 1634 perniciosum
583 1573 638 1612 esse
647 1551 760 1627 dixerit,
775 1551 839 1630 quia
852 1551 976 1610 nonnulli
1029 1552 1125 1630 μανίαν
1135 1556 1337 1634 χαλεπωτάτην.
1347 1545 1429 1628 Εἶτα,
1442 1553 1516 1624 ἥλιον
1537 1549 1584 1630 μὸν
1598 1549 1681 1616 odiel:
1693 1552 1800 1627 λυμαν-

225 1647 313 1706 oculis
327 1648 468 1724 laborant3
480 1646 529 1706 sed
543 1645 652 1705 lucidus
662 1645 766 1705 dicitur
775 1666 811 1704 ex
824 1665 918 1703 eorum
928 1644 975 1722 qui
1027 1645 1101 1704 τικὸν
1116 1650 1257 1727 ὀφθαλμῶν
1273 1638 1339 1707 εἶναι
1357 1647 1435 1728 ρήσει
1455 1643 1572 1713 deicolae
1591 1649 1734 1712 νοσῶντας
1754 1641 1803 1711 τὸς

226 1761 304 1800 sanos
327 1742 419 1801 oculos
440 1740 542 1800 habent
559 1738 665 1820 judicio
677 1739 748 1798 :mel
770 1759 877 1816 quoque
897 1757 975 1796 nemo
990 1742 1010 1790 D
1028 1736 1112 1817 ὄψεις,
1133 1739 1202 1798 ἀλλὰ
1217 1739 1382 1820 ρωτιστικὸν,
1404 1739 1457 1799 ἀπὸ
1470 1742 1524 1798 τῶν
1536 1736 1709 1818 θγιαινάντων
1725 1739 1801 1814 λαμ-

225 1854 349 1893 amarum
374 1833 491 1910 dixerit,
513 1833 578 1912 quia
598 1832 714 1891 infirmis
736 1830 899 1910 quibusdam
923 1831 976 1892 talc
1028 1828 1117 1890 θάνων
1138 1830 1186 1900 τὸς
1211 1831 1325 1914 κρίσεις·
1348 1831 1395 1891 καί
1416 1831 1448 1891 τὸ
1468 1830 1529 1908 μίλι
1549 1828 1577 1890 δὲ
1595 1829 1682 1897 σῖὸεὸς
1706 1829 1803 1913 πικρὸν

226 1925 335 1997 ridetur
371 1946 455 2003 essc3
484 1938 510 1985 et
545 1927 634 1984 Deum
663 1938 752 1984 tamen
786 1946 821 1983 ex
854 1924 976 1984 infirmo·
1027 1930 1162 2005 προσερεῖ,
1185 1923 1275 1997 ἐπειδὴ
1294 1930 1370 1984 τοῦτο
1393 1927 1426 2000 τῇ
1441 1921 1561 1994 αἰσθήσει
1578 1925 1630 1982 τῶν
1656 1919 1803 2003 ἀρρώστων

226 2041 288 2079 rum
303 2019 429 2101 opinione
444 2019 488 2078 rel
512 2039 566 2077 non
582 2039 648 2096 esse,
664 2018 709 2080 rel
726 2017 828 2077 malum
851 2037 917 2091 esse,
932 2018 976 2077 vel
1029 2016 1114 2075 δοκεῖ·
1129 2016 1173 2076 τὸν
1189 2014 1217 2076 δὲ
1232 2016 1301 2078 Θεὸν
1315 2017 1369 2077 ἀπὸ
1381 2021 1429 2089 τῆς
1445 2020 1498 2075 τῶν
1513 2013 1690 2074 ἀσθενούντων
1702 2013 1804 2087 θεολή-

226 2113 308 2173 modo
330 2111 486 2194 providere,
509 2111 591 2171 modo
615 2131 669 2169 non
691 2111 845 2191 providere,
863 2110 976 2188 quidam
1027 2108 1144 2188 ψεοις,ἢ
1162 2107 1200 2188 μὴ
1217 2100 1300 2183 εἶναι,
1314 2107 1457 2191 ἢπονηρὸν
1469 2098 1553 2181 εἶναι,
1564 2105 1582 2178 ἢ
1592 2104 1657 2167 ποσί
1673 2105 1723 2186 μὸν
1736 2130 1803 2189 προ-

225 2203 457 2285 prommtiabunt?
474 2202 575 2280 Ecquis
595 2201 657 2261 illos
670 2223 740 2260 sanae
752 2200 849 2261 mentis
861 2222 918 2261 esse
931 2202 975 2261 di·
1026 2209 1103 2275 νοεῖν,
1121 2200 1186 2261 ποτὲ
1199 2199 1227 2261 δὲ
1239 2199 1306 2280 μηδὲ
1321 2199 1388 2269 nu<
1398 2206 1474 2260 τοῦτο
1486 2208 1571 2260 ποιεῖν
1581 2198 1744 2280 ψηριάῖνταί
1756 2222 1802 2258 τι·

225 2298 291 2356 cat.o
304 2297 365 2376 quis
375 2318 427 2356 non
441 2297 556 2355 furiosos
566 2309 592 2355 et
603 2308 723 2354 extrema
737 2294 871 2355 dementia
884 2309 975 2378 captos
1026 2316 1083 2366 νες;
1097 2293 1152 2354 Καί
1166 2292 1206 2361 τίς
1218 2291 1250 2351 ὸν
1263 2292 1463 2363 τοὸςτοισίτοις
1471 2290 1597 2373 ὑγιαίνειν
1611 2291 1731 2373 φήσειεν,
1742 2292 1804 2351 ἀλλ’

225 2388 349 2448 dixerit?
364 2389 496 2448 Mundus
518 2408 582 2446 eum
605 2406 665 2445 non
684 2390 836 2467 cognovit,
856 2386 972 2465 inquies.
1026 2384 1249 2460 οὗκίξεστηκίναι
1265 2385 1312 2446 καί
1328 2385 1500 2468 παραπαίειν,
1520 2384 1567 2445 καί
1590 2383 1733 2464 μαίνεσθαι
1752 2380 1804 2457 τὸν

175 2502 178 2509 ·
225 2479 280 2539 Sed
300 2480 321 2539 ii
339 2479 439 2558 quibus
462 2478 563 2559 dignus
583 2499 636 2538 non
655 2492 713 2536 erat
732 2478 862 2552 mundus,
883 2479 975 2560 ipsum
1028 2479 1143 2560 ἐσχάτην
1158 2477 1269 2558 μανίαν;
1282 2477 1318 2538 Ὁ
1336 2478 1436 2558 κόσμος
1449 2477 1526 2538 αὐτὸν
1545 2481 1593 2538 οὐκ
1609 2477 1693 2558 ἔγνω,
1710 2476 1803 2559 φησίν.

226 2585 368 2631 noverunt.
384 2572 455 2631 Cum
465 2586 556 2631 antem
566 2584 696 2630 memorat
706 2570 807 2649 eosqui
817 2571 906 2652 ipsum
919 2592 973 2631 non
1026 2571 1097 2632 Ἀλλ’
1112 2563 1148 2631 ὧν
1160 2576 1175 2630 ὁ
1187 2570 1285 2651 κόσμος
1296 2574 1342 2631 οὐκ
1351 2563 1384 2644 ἦν
1396 2571 1481 2644 dirce,
1494 2560 1565 2630 eieci
1580 2570 1658 2630 αὐτὸν
1671 2570 1805 2647 ἔγνωσαν.

227 2674 369 2735 novemnt,
379 2662 496 2741 carptim
508 2660 665 2740 ignorantiae
677 2681 785 2720 causam
796 2659 909 2719 indicat.
922 2661 1009 2733 Νε-ις
1026 2662 1120 2724 Εῖπὼν
1139 2663 1167 2724 δὲ
1181 2662 1300 2732 καὶτοὺς
1316 2663 1353 2741 μὴ
1369 2662 1477 2742 γνόντας
1495 2662 1582 2737 αὐτὸν,
1598 2664 1625 2721 ie
1645 2666 1743 2745 βραχεῖ
1757 2662 1806 2723 καί

228 2769 280 2826 que
296 2750 368 2808 enim
390 2749 551 2832 simpliciter
572 2749 656 2826 dixit,
671 2751 756 2808 Nemo
772 2749 862 2829 ipsum
875 2748 973 2826 norit,
1026 2755 1074 2830 νλν
1086 2755 1172 2815 αἰτίαν
1194 2759 1242 2827 τῆς
1261 2755 1366 2836 ἀγνοίας
1379 2755 1479 2828 ἔθηκεν.
1495 2757 1536 2815 Οὔ
1551 2752 1603 2837 γὸρ
1613 2756 1707 2824 ἅπλῶς
1719 2747 1806 2830 elnae,

228 2841 287 2916 sed,
296 2843 429 2901 Mundus
437 2862 502 2900 eum
509 2839 762 2920 noncognovit,·id
771 2838 845 2914 εει,ἰί
854 2837 975 2898 homines
1025 2847 1068 2909 &1
1079 2846 1161 2915 οὐδεὶς
1180 2847 1258 2907 αὐτὸν
1273 2847 1353 2924 ἔγνω,
1368 2849 1427 2906 ἀλλ’
1445 2845 1487 2907 ίίτι
1501 2845 1537 2907 Ὁ
1551 2846 1651 2926 κόσμος
1662 2848 1740 2908 αὐτὸν
1755 2850 1806 2908 olm

229 2931 276 3009 qui
290 2930 393 2991 mundo
404 2945 511 2992 tantum
524 2932 635 3004 haerent,
647 2942 673 2990 et
684 2951 715 2990 ea
727 2951 787 3009 quae
801 2928 897 2990 mundi
912 2944 975 2990 sunt
1027 2939 1108 3020 ἔγνον·
1119 2939 1260 3013 emim,
1282 2942 1306 2998 οἱ
1326 2942 1364 3019 τῷ
1378 2937 1471 3020 νόομνμ
1492 2938 1564 3020 μόνῳ
1581 2940 1805 3020 ομοοηλοομόνον,

228 3024 347 3105 sapirmt.
364 3024 410 3084 Sic
431 3025 505 3084 enim
519 3025 586 3085 solet
601 3023 726 3084 Christus
740 3022 812 3104 ipsos
825 3021 975 3103 appellare,
1026 3030 1073 3093 ννλ
1086 3031 1120 3091 ολ
1138 3038 1184 3092 νοῦ
1206 3028 1306 3109 χόομοο
1328 3037 1479 3110 φρονοῦντος
1490 3031 1632 3114 όνθμοννον,
1653 3029 1736 3092 οόοο,
1750 3032 1806 3118 γὰρ

92 3126 145 3154 ⁰⁶¹¹·
166 3122 174 3152 ¹
196 3139 202 3152 ·
228 3129 258 3176 ιιι
267 3138 330 3177 cum
343 3117 422 3191 dicit,
444 3120 537 3177 Pater
550 3131 664 3192 sancte,
686 3130 715 3175 et
731 3117 858 3175 mundus
874 3127 904 3175 te
915 3135 975 3174 non
1027 3125 1101 3187 νόμον
1117 3129 1205 3186 νολοῑν
1220 3123 1311 3193 upton(
1329 3124 1547 3206 μολοχμοοολς,
1568 3129 1605 3194 ὡς
1625 3126 1688 3186 pm
1711 3126 1806 3210 χέῃ.

111 3208 116 3219 ’
227 3214 374 3292 cognovit.
392 3212 453 3269 Non
472 3210 556 3288 igitur
579 3209 679 3267 Filium
702 3221 817 3283 tantum,
832 3207 974 3268 sedetiam
1026 3215 1806 3302 Πόοομόγνο,κολὸκόσμοςσεοὐκίγνω.οὖκάρααῦεὸν

227 3304 336 3362 Patrem
360 3304 418 3383 ejus
440 3303 557 3361 mundns
577 3301 726 3381 ignorarit,
751 3313 782 3359 nt
804 3301 970 3360 dicebamus.
1027 3309 1115 3391 μόνον,
1130 3307 1254 3370 ἀλλὰκαὶ
1266 3309 1311 3368 τὸν
1321 3309 1432 3389 Πατέρα
1443 3309 1657 3390 αὐτοῦθκάσμος
1669 3312 1806 3393 ηγνάησι,

227 3395 305 3455 Nihil
319 3394 392 3453 enim
408 3394 446 3454 ita
462 3407 577 3453 mentem
591 3394 693 3467 turbat,
712 3405 744 3450 ut
763 3391 843 3451 rebus
856 3383 1009 3486 praeco-⁵,¹
1025 3402 1145 3483 καθάπερ
1160 3400 1291 3482 ἐλέγομεν.
1307 3399 1390 3461 Οὐθὲν
1404 3399 1456 3484 γὸιρ
1465 3400 1533 3461 οὗτοι
1543 3405 1615 3463 θολοῖ
1625 3403 1755 3480 διάνοιαν,
1768 3409 1808 3476 ὡς

226 3486 300 3546 tibus
317 3485 432 3546 inhiare.
449 3486 513 3545 Haec
532 3508 595 3545 cum
613 3484 713 3560 sciatis,
723 3506 740 3543 a
752 3482 855 3543 mundo
869 3504 919 3544 vos
932 3504 974 3544 ae·
1025 3495 1057 3554 ολ
1068 3491 1274 3575 προστετηκέναι
1296 3499 1350 3560 τοῖς
1373 3498 1496 3574 παροῦσι.
1519 3492 1605 3554 Ταῦτ’
1622 3485 1667 3554 οὖν
1688 3494 1806 3572 είὸάτις,

227 3596 347 3661 gregato,
357 3592 384 3640 et
396 3602 412 3639 a
422 3581 576 3640 carnalibus
589 3581 669 3639 rebus
683 3577 828 3652 abscedite,
844 3591 974 3655 quantam
1026 3584 1195 3656 ἀποστήσασα
1208 3583 1315 3650 ἔαυτοὸς
1331 3587 1377 3643 τοῦ
1395 3582 1511 3662 κάομαι,
1526 3586 1572 3646 καὶ
1593 3591 1646 3647 τῶν
1666 3593 1807 3672 σαρκικῶν

226 3673 287 3732 fieri
301 3671 419 3752 poterit:
433 3671 603 3750 nequeenim
620 3671 648 3730 in
662 3692 691 3730 re
707 3668 810 3729 nullius
816 3668 898 3750 pretii
909 3668 975 3729 hinc
1027 3676 1193 3760 ἀπορρήξατε
1206 3674 1381 3757 πραγμάτων,
1394 3675 1506 3737 καθόσον
1528 3671 1582 3739 οἷόν
1601 3704 1639 3740 τε.
1660 3680 1733 3742 Οὒὸὸ
1752 3680 1808 3769 γὰρ

226 3764 358 3825 &ninum
382 3763 545 3841 oritur,sed
560 3764 589 3823 in
611 3764 698 3844 capite
717 3764 862 3823 bonorum.
881 3762 975 3842 Neque
1027 3776 1054 3832 ἐν
1067 3779 1120 3838 τοῖς
1141 3773 1262 3849 τυχοῦσιν
1274 3771 1336 3846 ὑμῖν
1360 3767 1413 3826 ἀπὸ
1433 3767 1532 3829 τούτων
1549 3776 1566 3843 ἡ
1581 3769 1664 3849 ζημία
1682 3771 1807 3852 γίνεται,

227 3858 301 3918 enim
315 3871 403 3939 potest
410 3857 503 3930 homo,
513 3857 560 3934 qui
570 3854 710 3937 praesentis
722 3854 775 3914 ari
788 3853 870 3913 rebus
879 3851 974 3914 admo-
1027 3864 1085 3923 ἀλλ’
1103 3865 1129 3920 ἐν
1143 3864 1182 3940 τῷ
1192 3857 1327 3941 κεραλαίμ
1345 3863 1398 3918 τῶν
1416 3862 1532 3936 ἀγαθῶν.
1544 3863 1585 3922 Οὐ
1599 3862 1652 3944 γάρ
1665 3863 1739 3924 ἔστιν
1760 3866 1809 3925 άν-

227 3950 296 4011 dum
311 3952 403 4027 haeret,
421 3949 536 4010 caelestia
553 3963 622 4008 recte
640 3948 780 4030 percipere
792 3970 799 4003 ι
809 3945 857 4006 sed
871 3966 975 4006 necesse
1027 3958 1130 4035 θρωπον
1141 3955 1193 4010 τῶν
1203 3949 1273 4010 κατὰ
1283 3949 1327 4009 τὸν
1339 3949 1459 4032 παρόντα
1471 3951 1528 4031 βίον
1543 3953 1720 4034 ἀντεχόμενον
1733 3980 1809 4038 προ.

76 4058 267 4127 luendas&
283 4065 363 4118 eum,
381 4042 473 4121 quihis
493 4040 620 4100 addictus
636 4051 687 4111 est,
702 4039 738 4098 ab
755 4037 811 4097 illis
828 4037 971 4097 excidere:
1026 4045 1136 4127 γμάτων
1149 4044 1266 4123 οροδρως
1278 4042 1417 4113 δυνηθῆναι
1431 4042 1604 4103 ἐπιλαθέσθαι
1623 4048 1677 4103 τῶν
1698 4049 1726 4107 ἕν
1749 4055 1809 4116 τοῖς

228 4138 299 4196 Non
308 4140 428 4216 potestis
441 4134 523 4210 enim,
537 4132 636 4212 inquit,
649 4132 713 4190 Deo
727 4132 833 4189 servire
844 4143 976 4189 etmam-
1026 4140 1143 4219 οὐρανοῖς
1164 4132 1311 4213 “γνησίως·
1338 4131 1407 4193 ἀλλὸ
1432 4134 1534 4214 ἀνάγκη
1565 4136 1610 4195 τὸν
1634 4137 1698 4219 περὶ
1717 4147 1808 4200 ταῦτα

229 4249 345 4301 mma·
364 4241 395 4285 ¹1¹
413 4226 634 4298 unihaemmms
652 4223 768 4282 ‘illerum
787 4219 876 4279 ⁰dl⁵⁵0
895 4241 974 4301 ⁰P⁰¹³
1026 4227 1207 4290 ἐσπουδακότα
1216 4224 1321 4287 ἐκείνων
1332 4228 1510 4285 ἐκπεσεῖνθῦ
1524 4226 1634 4288 δύνασθε
1644 4227 1714 4311 γὸρ,
1728 4233 1808 4312 φησί,

227 4332 276 4378 tet.
306 4319 371 4377 llaec
399 4317 457 4399 ipsa
484 4338 575 4376 rerum
599 4312 764 4397 experientia
787 4311 894 4372 clamat.
918 4313 974 4384 Qui
1025 4323 1088 4402 θεῷ
1098 4316 1224 4379 δουλεύειν
1238 4316 1668 4401 καὶμαμωνᾷάνάγκηγὰράνλς
1682 4321 1808 4402 ξχοοόον,

227 4412 301 4472 enim
319 4410 497 4493 pecuniarum
524 4407 769 4489 concupiscentiam
791 4405 930 4482 derident,
953 4404 975 4464 ii
1027 4410 1072 4472 καί
1081 4410 1126 4470 τὸν
1141 4409 1228 4493 ἕτερον
1243 4417 1338 4488 μισεῖν.
1356 4407 1412 4468 Καὶ
1429 4414 1512 4468 ταῦτα
1526 4410 1571 4468 καὶ
1585 4411 1652 4485 edi-l
1663 4417 1717 4473 τῶν
1731 4434 1809 4498 πρα·

228 4503 347 4564 maxime
360 4515 424 4561 sunt
434 4500 481 4578 qui
495 4503 584 4558 Deum
597 4513 628 4559 nt
638 4499 716 4559 decet
726 4512 832 4578 amant,
845 4495 974 4577 quemad·
990 4532 1009 4581 μ
1027 4502 1161 4585 γμάτωνὴ
1172 4511 1251 4585 πεῖρα
1263 4505 1325 4583 βοᾷ·
1337 4504 1373 4562 ot
1385 4509 1446 4582 γοῦν
1458 4505 1506 4573 τῆς
1515 4507 1567 4562 τῶν
1578 4505 1730 4587 χρημάτων
1746 4512 1808 4570 ἀπι-

228 4596 342 4658 modum
357 4609 383 4654 ct
397 4593 443 4674 qui
460 4614 475 4651 a
491 4590 629 4674 principio
643 4591 704 4651 illas
716 4591 861 4668 mirantur,
870 4588 891 4649 ii
903 4609 974 4669 prae·
1027 4594 1122 4673 θυμίας
1141 4592 1381 4674 καταγελάσαντες,
1402 4585 1472 4655 οὗτοι
1489 4595 1607 4673 μάλιστά
1628 4600 1694 4659 εἰσιν
1712 4604 1739 4661 οῖ
1759 4601 1808 4662 τὸν

227 4690 322 4751 sertim
334 4700 396 4749 sunt
413 4685 460 4765 qui
473 4687 562 4745 Deum
575 4682 713 4742 remissius
729 4681 858 4763 diligunt.
876 4680 973 4739 Anima
1027 4687 1095 4748 Θεὸν
1118 4690 1270 4765 ἀγαπῶντες
1287 4687 1323 4751 ὡς
1337 4683 1403 4765 χρή·
1422 4685 1512 4766 ὥσπερ
1533 4677 1578 4746 ode
1600 4690 1624 4747 οῖ
1645 4688 1696 4762 τὴν
1716 4689 1808 4773 ἀρχὴν

227 4787 300 4848 enim
316 4782 479 4846 divitiarum
500 4799 592 4839 amore
614 4779 695 4838 semel
713 4791 800 4858 capta,
822 4798 876 4837 non
893 4775 974 4835 facile
1028 4784 1128 4858 εκείνην
1140 4783 1327 4863 θοομάζοντες,
1340 4774 1411 4843 οὗτοι
1424 4784 1541 4864 μαλιστα
1554 4786 1662 4848 πάντων
1678 4791 1747 4850 εἰσὶν
1762 4790 1810 4854 'et

226 4893 336 4953 absistet
357 4891 392 4949 ab
408 4888 441 4947 iis
462 4884 588 4967 agendis,
606 4903 666 4962 quae
680 4885 770 4942 Deum
781 4882 818 4941 ad
828 4882 898 4941 iram
909 4902 972 4962 pro·
1030 4888 1197 4972 όμόλνςέρον
1212 4887 1260 4959 τὴν
1279 4884 1341 4967 περλ
1360 4885 1438 4945 αὐτὸν
1457 4887 1564 4968 ἀγάπην
1586 4888 1701 4969 ἔχοντες.
1715 4891 1809 4974 Ψυχὴ

262 5077 562 5139 heracleonitarum.
573 5069 642 5123 Suril
659 5074 729 5124 αὑτοῦ
742 5072 843 5134 δύναμιν.
1041 5060 1117 5113 ίεειῖο
1141 5057 1250 5127 quadrat
1270 5075 1275 5105 :
1300 5055 1425 5111 Serilionn
1450 5055 1602 5126 quibusdam
1625 5059 1720 5113 nititur
1743 5062 1808 5117 lisa.

263 5175 273 5197 ν
285 5159 327 5209 Sic
337 5153 416 5208 Saril.
427 5165 452 5204 et
464 5152 523 5202 llas.
532 5148 622 5201 Morel.
634 5155 736 5216 γνησίων,
750 5143 824 5196 male.
1040 5138 1138 5213 [Codd.
1147 5139 1206 5201 705,
1215 5138 1287 5203 ton]

263 5239 276 5276 ὓ
288 5234 364 5287 Satil.
375 5241 394 5288 οἱ
407 5238 576 5304 ascoperam.
586 5224 671 5279 llorel.
685 5231 868 5295 αῖάμάλυτίραν.
878 5221 992 5288 Utraque
