3750 5940
322 406 433 455 Sllllllo
461 406 505 454 013
530 405 868 472 essuooruornsrts,
894 408 971 457 ETC.

61 533 109 589 ’.ατ’
122 530 218 603 αὐτῶν,
228 529 275 588 καὶ
287 528 387 610 λόγοιν·
397 527 472 598 Ἕως
482 530 547 590 πότι
561 529 648 609 ἅμαρ-

61 634 84 684 ι,
109 609 159 678 ἔως
181 607 247 669 πότι
273 609 428 710 ἁμαρτωλοί
451 610 645 690 καυχήσονται,

61 688 174 756 sobrois<
187 690 215 748 ἐν
229 693 262 769 τῇ
277 690 386 768 δυναμει
396 712 451 749 σου.
468 689 519 757 Δὸς
542 690 645 760 αὐτοῖς,

61 768 97 830 rt
110 769 176 849 ἔργα
190 771 287 839 αὐτῶν,
310 769 352 828 ὅτι
370 772 399 828 οὐ
414 772 529 840 συνῆκαν
553 771 590 836 είς
611 767 645 828 τδι

61 873 114 931 ιριι.
136 848 176 908 {tt
195 872 230 919 ιε,
245 850 272 907 ἐν
288 853 321 926 τῇ
340 847 417 907 πολει
430 873 476 908 σου
489 848 538 921 τὴν
556 847 645 908 εἰκόνα

61 873 199 995 edocte-il

61 1007 67 1066 ί
107 1012 170 1088 νεῷ
182 1007 318 1086 Δεσπόιη,
333 1006 405 1073 ὅπως
416 1006 491 1074 αι’πδς
503 1009 536 1066 δι’
551 1010 644 1066 ἐαυτοῦ

79 1111 114 1165 σῃ
127 1088 160 1147 τὸ
174 1087 275 1167 αἴτημα
289 1089 384 1156 αὐτοῦ,
399 1091 467 1164 βοῶν
479 1087 525 1146 καί
544 1086 643 1165 λέγων·

61 1192 68 1225 ι
93 1165 234 1247 οὐρανοὺς,
254 1167 301 1228 καί
322 1165 469 1239 κατάόηίι·
493 1165 593 1246 Κύριε,
606 1165 644 1243 μὴ

61 1245 96 1327 pb
109 1245 385 1326 προκαταλαόέτωσαν
396 1251 467 1323 ἡμᾶς
480 1251 505 1306 οἱ
514 1245 646 1323 οἰκτιρμοί

61 1326 104 1385 tat
123 1326 149 1384 τί
171 1331 185 1385 δ
206 1327 389 1407 φιλάνθρωπος
403 1326 489 1398 Θεὸς,
505 1330 519 1385 δ
543 1325 645 1393 πάντας

61 1405 118 1464 λων
136 1409 271 1477 σωθῆναι,
284 1405 330 1466 καί
349 1408 385 1473 είς
409 1405 550 1483 ἐπίγνωσιν
575 1408 644 1477 ἀλη-

61 1483 95 1543 ίτι
108 1485 185 1564 ἐγγιίς
195 1489 253 1545 ἐστι
274 1496 342 1545 πᾶσι
361 1494 414 1551 τοῖς
429 1483 646 1562 ἐπικαλουμένοις

61 1563 138 1647 ςδιίᾳ,
152 1568 193 1625 Οὐ
207 1565 374 1643 παρήκουσεν
389 1564 447 1624 οὐδὲ
460 1566 581 1644 ὑπερεῖδε
594 1563 643 1637 τὴν

61 1644 135 1724 γίων,
153 1647 213 1704 ἀλλ’
227 1643 351 1705 Ἔκλινεν
373 1642 513 1726 οὐρανοὺς,
538 1643 584 1703 καὶ
598 1668 645 1702 κα·

61 1725 114 1784 ἷντα
134 1724 288 1803 ὠκονόμησε
310 1724 376 1804 πρὸς
393 1723 526 1804 σωτηρίαν
544 1731 591 1783 τοῦ
602 1722 646 1804 γέ-

61 1804 86 1862 al
109 1827 197 1863 παντα
210 1803 328 1873 ὑπέδειξε
341 1807 425 1862 ποιῶν
446 1804 491 1862 καί
505 1801 644 1862 διδάσκων.

61 1882 176 1957 διδάξαι,
200 1883 242 1942 ἵνα
263 1889 288 1944 οἱ
309 1881 448 1962 μέλλοντες
469 1881 645 1962 προίστασθαι

61 1966 117 2033 uisu,
132 1962 214 2031 οὕτως
233 1962 380 2023 ἐκδιώκωσι
401 1962 461 2028 τοῦς
482 1961 643 2044 αίρετικοῦς,

61 2042 161 2122 γέλλιον
176 2045 207 2103 ix
219 2045 359 2125 σγοινίων,
373 2043 419 2102 καί
439 2041 562 2102 εἰσελθὼν
576 2042 644 2102 πάν-

63 2127 93 2183 ἐκ
112 2130 158 2182 τοῦ
180 2128 267 2202 ἱεροῦ,
280 2123 326 2182 καὶ
349 2120 492 2196 ἀπώσατο,
516 2122 561 2180 καὶ
586 2120 643 2190 ἐξι-

1382 414 1453 486 7⁰9

698 527 926 608 gloriabuntur?
935 534 1077 613 Disperge
1085 534 1153 594 illos
1164 539 1197 594 ιἰι
1205 540 1311 596 virtute
1322 548 1385 595 toa.
1399 538 1450 597 Da

699 609 1178 693 illis,Domirce‚secundumopa·a
1185 619 1450 696 eorumrquoniam

701 707 761 745 non
776 689 986 751 intellexerunt
1002 712 1091 772 opera
1099 696 1302 768 toa,Domine.
1310 696 1448 770 Domine,
1460 725 1522 769 md,
1535 738 1574 784 7„

699 769 856 828 incivitate
863 781 915 828 tua
921 774 1080 851 imaginem
1086 775 1261 853 ipsorumad
1270 774 1396 833 nibilum
1403 796 1448 834 re·
1461 800 1500 834 κο.

699 847 787 926 diges.
800 848 904 907 Rursus
913 850 1006 909 David
1014 850 1063 910 has
1072 872 1165 932 preces
1176 853 1293 912 Domino
1303 853 1448 928 emittique

202 929 229 987 αλ
249 928 330 988 πάλιν
350 929 502 1008 παρακαλεῖ
525 932 539 986 ὁ
560 927 645 986 Δαυὶδ
662 944 681 993 c
698 923 756 1005 ipse
767 924 930 987 descendens
943 930 1099 1024 petitionem
1112 953 1190 991 suam
1203 931 1314 1012 impleat
1329 932 1447 993 clamans

698 1018 724 1063 et
737 1004 828 1065 dicens
841 1030 847 1063 :
859 1008 997 1081 Domine,
1009 1011 1124 1070 inclino
1134 1012 1232 1083 caelos,
1248 1025 1277 1070 et
1291 1013 1443 1072 descende.
1458 1029 1605 1088 rorantes.

698 1085 840 1158 Domine,
855 1108 892 1146 ne
906 1094 1038 1149 moreris.
1052 1091 1119 1150 Cito
1139 1094 1302 1171 anticipent
1321 1112 1374 1151 nos
1393 1096 1447 1150 mi·
1457 1100 1480 1134 ²¹
1491 1091 1531 1152 ⁶9·
1546 1095 1571 1142 ⁶·
1582 1104 1607 1139 ⁶⁸

697 1166 862 1224 sericordr'ae
886 1179 959 1241 tuae,
975 1169 1111 1228 Domine.
1126 1168 1203 1241 Quid
1222 1192 1287 1229 vero
1310 1150 1496 1251 benignis-7⁸·
1507 1155 1532 1204 ⁸·

698 1242 784 1302 simus
797 1246 881 1320 Deus,
894 1246 943 1325 qui
957 1247 1018 1307 vult
1032 1269 1124 1308 omnes
1137 1248 1260 1309 homines
1274 1249 1364 1311 salvos
1378 1272 1445 1328 esse,

698 1336 724 1380 et
737 1322 773 1382 ad
795 1325 959 1403 agnitionem
975 1327 1098 1387 veritatis
1110 1328 1215 1400 venire,
1232 1329 1296 1407 quia
1319 1352 1394 1412 rrope
1407 1345 1447 1391 cst

698 1402 825 1462 omnibus
838 1404 1027 1465 invocantibus
1041 1429 1102 1467 eum
1114 1406 1287 1467 inveritate?
1299 1352 1360 1469 tlon
1373 1432 1447 1491 spre-

699 1480 738 1539 vit
752 1503 837 1561 neque
850 1483 974 1566 despexit
991 1485 1206 1567 deprecationem
1221 1503 1387 1565 sanctorum,
1398 1490 1446 1551 sod

698 1562 862 1622 Inclinnrit
872 1566 969 1638 caelos,
992 1579 1020 1624 et
1033 1568 1193 1639 descendit,
1214 1580 1241 1625 et
1251 1569 1341 1629 omnio
1354 1569 1392 1629 ad
1405 1591 1447 1629 so-
1456 1593 1524 1639 Prot.
1539 1608 1576 1653 ¹7·

698 1641 814 1700 salutem
822 1643 927 1722 generis
936 1644 1019 1703 nostri
1029 1645 1072 1705 dis
1082 1646 1208 1723 rensarit,
1219 1648 1308 1707 omnia
1328 1670 1361 1708 oe
1372 1671 1446 1709 mou-
1460 1667 1497 1701 ¹⁰·

699 1721 797 1780 strauit
805 1743 885 1800 opero
894 1723 1058 1784 ctdoctrina.
1066 1667 1181 1801 beinde,
1195 1670 1383 1789 utostenileret
1393 1752 1447 1811 quo

719 1813 779 1858 acto
797 1800 829 1879 ii,
845 1802 892 1881 qui
913 1803 1000 1863 futuri
1021 1819 1097 1864 erant
1119 1804 1300 1867 Ecclesiarum
1315 1808 1445 1889 praelecti,

699 1821 838 1940 liaereticos
859 1883 1030 1964 profligaturi
1050 1898 1147 1959 essent,
1166 1884 1305 1976 flagellum
1327 1888 1390 1947 fecit
1412 1910 1448 1949 ex

698 1958 837 2035 funiculis,
852 1976 878 2020 ot
891 1962 1027 2042 ingressus
1040 1985 1132 2023 omnes
1147 1964 1225 2045 ejecit
1239 1964 1275 2025 de
1294 1968 1406 2048 templo,
1421 1982 1448 2028 et

698 2039 804 2119 expulit
816 2056 1046 2121 persequutusque
1058 2058 1107 2120 cst,
1123 2043 1215 2103 dicens
1225 2066 1232 2102 ε
1243 2048 1356 2107 Domus
1368 2069 1443 2120 mea,
1461 2063 1545 2107 tracis.
1558 2076 1599 2108 ει.

698 2120 800 2178 domm
815 2126 956 2181 orationis
969 2136 1012 2182 est
1025 2144 1098 2183 :vos
1119 2137 1217 2183 autem
1224 2128 1346 2207 jecistis
1360 2127 1446 2187 illam
1459 2126 1496 2171 ¹³·

66 2226 74 2240 ·
89 2201 123 2263 ‘0
137 2192 207 2271 οἶκός
225 2227 291 2282 μου,
306 2194 376 2270 οἶκος
391 2205 541 2282 προσευχῆς
555 2204 643 2262 ἐστιν·
662 2204 682 2251 Ι)
697 2198 867 2278 speluncam
879 2203 1039 2261 latronum.
1055 2201 1166 2279 Audite,
1182 2203 1365 2265 Ecclesiamm
1378 2227 1448 2287 prar-

61 2307 78 2340 υ
99 2283 241 2354 ἐποιήσατε
255 2280 386 2354 σπήλαιον
407 2285 524 2360 λῃστῶν.
548 2279 642 2342 Ἀκοῦ-

61 2360 172 2440 τάμενοι
178 2367 231 2421 τῶν
240 2361 419 2433 Ἐκκλησιῦιν.
431 2359 510 2440 Ὑμῖν
519 2359 570 2498 gip
578 2361 645 2420 ὑπέ-

553 2464 643 2579 γνεσιν

61 2442 125 2513 λδν,
153 2441 196 2502 ίνα
220 2440 443 2514 ἐξακολουθήσητε
469 2450 523 2508 τοῖς

61 2521 157 2601 ἔχοντες
178 2521 343 2601 πανταχόθεν
363 2520 496 2601 ἀκριῦῶς,
518 2544 552 2579 κα
583 2521 645 2588 τοὺς

61 2624 167 2675 καιτες,
181 2602 226 2659 καί
249 2603 298 2673 τὴν
321 2601 436 2680 ποίμνην
460 2600 643 2680 φυλάττοντες.

61 2704 73 2739 ν
85 2678 135 2748 ἔξω
150 2681 264 2754 πάντας,
277 2680 397 2753 δηλονότι
411 2678 470 2748 τοὺς
487 2680 521 2740 τδι
535 2680 643 2740 ἐναντία

61 2758 126 2827 τέλος
142 2760 170 2819 δέ
194 2760 240 2820 καὶ
255 2759 304 2834 τλν
329 2761 464 2841 ἐρήμωσιν
485 2763 571 2818 αὐτῶν
599 2762 645 2820 καί

61 2838 185 2919 ροειπὼν,
205 2839 255 2912 τὴν
279 2839 427 2920 μέλλουσαν
449 2838 554 2900 ἐσεσθαι
576 2839 645 2900 κατδι

61 2919 127 2979 scir
142 2929 196 2986 τοῖς
217 2918 252 2978 τά
275 2920 381 2980 ἐναντία
404 2926 528 2999 φρονοῦσι
544 2917 644 2997 λέγων·

75 2989 171 3067 ὁοίκος
182 3003 256 3079 ὑμῶν
270 3000 377 3078 έρημος.
392 2999 467 3082 Ὅρα
480 3003 537 3066 πῶς
557 3004 581 3057 οί
601 2998 647 3058 λό-

61 3101 141 3138 νοντο·
159 3084 183 3138 οἱ
196 3077 248 3160 γάρ
267 3079 356 3160 ἐχθροί
378 3079 423 3138 καί
446 3076 581 3137 ἐπίόουλοι
597 3082 646 3150 τῆς

61 3157 141 3237 ἤγουν
155 3161 179 3218 οἱ
193 3160 338 3239 αἱρετικοὶ,
351 3162 409 3218 καθ’
426 3157 540 3231 ἑκάστην
554 3157 644 3236 γενεάν

61 3237 257 3317 ταραδίδονται,
271 3237 341 3298 κατὰ
353 3238 397 3297 τδν
416 3237 495 3316 λόγον
519 3243 565 3297 τοῦ
588 3240 643 3296 Κυ-

61 3342 109 3391 ιεν,
120 3320 163 3376 ότι
175 3320 256 3377 Πᾶσα
268 3317 377 3398 φυτεία,
394 3318 427 3390 ἢν
441 3321 488 3377 οῦκ
506 3316 646 3398 ἐρότευσεν

61 3428 80 3471 ι,
101 3397 321 3478 ἐκριζωθήσεται·
335 3396 349 3456 δ
364 3397 409 3456 καὶ
431 3396 545 3475 γέγονεν.
562 3396 646 3465 Αὖτδς

61 3484 127 3537 niro
148 3477 269 3549 ἐποίησεν
292 3476 338 3536 καλ
364 3475 501 3545 ὑπέδειξε·
525 3474 593 3556 μετλ
618 3476 646 3537 δέ

61 3581 78 3624 ,ς
97 3557 221 3637 οὐρανοὺς
232 3557 363 3637 ἀνάληψιν
392 3560 416 3614 οἱ
430 3555 557 3636 μακάριοι
575 3555 645 3616 ἀπό-

565 2507 575 2521 tn

697 2277 778 2337 sides.
804 2278 892 2340 Vobis
906 2283 979 2341 enim
992 2281 1021 2341 id
1040 2282 1114 2361 quod
1127 2295 1230 2343 rectum
1245 2299 1302 2344 erat
1319 2285 1446 2361 ostendit,

697 2370 727 2415 ut
741 2360 919 2437 sequeremini
936 2360 1050 2440 vestigia
1064 2362 1132 2442 ejus,
1147 2362 1242 2423 intenti
1263 2363 1330 2424 undi
1351 2387 1402 2441 ue,
1417 2380 1447 2425 ut

696 2436 776 2518 lupos
803 2439 929 2519 pellatis,
953 2461 1115 2521 gregemque
1141 2442 1308 2503 custodiatis.
1331 2387 1446 2505 beinde

696 2517 823 2577 omnibus
835 2520 908 2580 soros
917 2521 1020 2602 ejectis,
1030 2521 1064 2579 iis
1077 2542 1173 2602 nempe
1182 2522 1229 2602 qui
1242 2524 1374 2583 contraria
1386 2546 1444 2585 sen·

697 2595 816 2673 tiebant,
830 2620 925 2659 eorum
949 2599 1142 2660 desolationem
1156 2616 1182 2661 et
1195 2604 1446 2664 exterminationem

697 2697 745 2756 per
758 2678 940 2755 generationes
958 2681 1078 2740 suturam
1098 2681 1227 2760 prodixit
1245 2681 1338 2742 dicens
1350 2708 1357 2740 :
1368 2687 1447 2744 Ecce
1458 2702 1543 2746 staret.
1560 2704 1599 2752 23.

697 2756 880 2837 relinquetur
898 2762 1001 2819 domus
1025 2773 1127 2820 vestra
1147 2763 1273 2820 deserta.
1291 2762 1364 2822 t'ide
1377 2762 1495 2842 quo-3⁸·

697 2835 779 2894 modo
792 2858 927 2897 sermones
942 2860 1000 2899 corn
1021 2840 1066 2899 leti
1081 2853 1151 2898 sunt.
1174 2841 1244 2899 Nam
1258 2841 1384 2902 Ecclesiae
1396 2843 1446 2903 ini-

697 2914 761 2973 mici
775 2929 801 2974 et
814 2916 994 2992 insidiatores,
1002 2862 1127 2978 baeretici
1141 2941 1248 3002 nempe,
1263 2923 1446 3002 persingulas

697 2995 879 3073 generationes
894 2997 1021 3077 perniciei
1042 2997 1197 3071 traduntur,
1218 3001 1367 3061 secundum
1390 3024 1445 3061 ser-

697 3095 802 3133 monem
811 3076 922 3135 Domini
929 3077 976 3156 qui
984 3077 1069 3137 dixit:
1078 3080 1179 3137 Omnis
1187 3079 1347 3158 plantatis,
1355 3104 1444 3162 qtram
1456 3095 1542 3141 ruris.
1561 3093 1589 3141 15

697 3175 756 3212 non
776 3155 927 3234 plantavit
948 3159 1042 3216 Pater
1066 3178 1156 3230 naeus,
1181 3160 1390 3220 eradicabitur.
1412 3159 1496 3220 1d13·

696 3233 770 3311 quod
791 3234 873 3293 etiam
893 3235 994 3295 scottum
1007 3250 1055 3296 cst.
1074 3238 1136 3318 Ipse
1149 3258 1264 3317 namque
1277 3238 1382 3319 primus
1395 3240 1446 3300 lroc

696 3313 759 3371 serit
784 3327 809 3373 et
831 3316 992 3376 monstravit
1008 3339 1015 3372 ε
1033 3330 1095 3397 post
1121 3316 1179 3397 ejus
1200 3332 1290 3378 autem
1317 3319 1344 3378 in
1370 3321 1447 3381 coelos

698 3394 900 3470 assumtionem,
921 3394 994 3455 beati
1016 3395 1131 3476 apostoli
1152 3396 1238 3457 aciem
1262 3398 1448 3460 instruxerunt

697 3471 827 3533 adversus
840 3494 895 3533 eos.
912 3474 976 3534 Post
996 3473 1067 3547 illos,
1081 3475 1176 3544 ‹lirina
1191 3477 1302 3537 illorum
1321 3478 1356 3538 do
1376 3495 1448 3541 muta

699 3552 825 3611 Ecclesioe
838 3553 960 3614 doctores
967 3554 1064 3645 synodi
1074 3555 1130 3614 suis
1141 3557 1311 3639 temporibus
1321 3501 1447 3636 colicctae,

61 3634 168 3704 τάξαντο
186 3639 244 3697 κατ’
265 3640 360 3696 αὐτῶν.
375 3637 454 3695 Μετὰ
475 3637 502 3695 δὲ
526 3634 646 3709 τούτους,
665 3653 683 3699 ν,
699 3631 748 3691 bos
762 3631 789 3691 in
800 3632 893 3693 baeresi
954 3634 1213 3709 tnmces,oradicat0s
1222 3637 1351 3717 perniciei
1363 3640 1447 3698 trodi-

62 3741 100 3775 ων
127 3715 275 3796 διδάγματα
294 3715 340 3775 καί
366 3720 390 3775 ol
412 3721 460 3787 τῆς
483 3714 646 3786 Ἐκκλησίας

61 3795 97 3854 tol
108 3800 136 3855 αἱ
145 3795 215 3855 κατδι
225 3821 270 3856 και
288 3793 332 3863 obe
342 3794 481 3876 γενόμεναι
496 3795 569 3874 ἅγιαι
586 3794 646 3856 σόν-

66 3875 252 3951 ἀμετανοήτως
263 3819 371 3975 ἐίγοντας
393 3874 597 3954 ἐκριζώσαντες,
611 3881 644 3955 τῇ

63 3953 164 4014 έδωκαν
175 3954 243 4015 κατδι
261 3979 291 4014 το
306 3954 497 4034 γεγραμμένον,
510 3954 551 4015 ότι
565 3955 646 4015 Ἀπο-

61 4032 115 4102 τοὺς
123 4036 267 4100 λαλοῦντας
277 4035 308 4094 τὸ
319 4035 421 4114 ψεῦδος.
431 4037 534 4094 Οὐκοῦν
549 4035 647 4102 πάντες

64 4112 202 4174 ἀπώλοντο
219 4115 261 4173 διά
275 4113 323 4187 rip
342 4113 453 4193 ἀνομίαν
475 4117 570 4174 αὐτῶν.
589 4117 646 4175 Ποῦ

61 4193 71 4252 i
93 4216 157 4253 ποτε
180 4193 229 4265 την
250 4192 413 4265 Ἰἰκκλησίαν
432 4194 645 4273 πολεμήσαντες,

63 4274 189 4334 δυνάσται
204 4273 249 4332 καί
263 4274 353 4354 σοροί;
367 4274 427 4353 origi
441 4276 645 4356 διεσκορπισίλη-

61 4362 144 4426 ίοντο,
154 4356 200 4413 καί
215 4353 331 4434 ἐγένοντο
342 4357 377 4419 εἰς
390 4354 480 4426 οὐδέν;

367 4432 374 4453 Ι

699 3710 796 3771 derunt
811 3656 958 3774 secundiidr
978 3714 1068 3774 illud:
1081 3717 1190 3775 Perdes
1211 3738 1321 3789 omnes,
1338 3724 1389 3799 qui
1404 3721 1447 3777 lo-
1456 3733 1523 3777 Psat.
1537 3733 1559 3780 5.
1573 3748 1597 3794 γ.

699 3806 830 3871 quantur
850 3795 1045 3853 mendacium.
1064 3795 1160 3873 ltaque
1182 3817 1274 3854 omnes
1292 3796 1447 3859 defecerunt

699 3885 726 3930 ct
737 3872 874 3952 perierunt
888 3887 997 3953 propter
1011 3874 1181 3952 iniquitatem
1192 3896 1278 3933 suam.
1299 3877 1355 3935 tbi
1370 3899 1446 3937 nnm-

699 3973 752 4029 que
764 3965 836 4026 sunt,
846 3956 894 4031 qui
903 3952 1054 4012 Ecclesiam
1068 3953 1134 4011 olim
1145 3976 1161 4011 o
1172 3970 1348 4033 pugnarunt,
1361 3978 1446 4036 reges,

698 4030 835 4121 principes
845 4045 871 4089 et
882 4031 1035 4112 sapientes?
1049 4053 1136 4091 nonne
1147 3976 1271 4113 dissipati
1279 4049 1342 4095 sunt
1350 4050 1376 4095 et
1386 4058 1447 4118 per·

700 4124 797 4188 1erunt,
815 4125 894 4189 atque
905 4110 942 4171 ad
955 4111 1074 4172 nibilum
1089 4111 1191 4172 redacti
1214 4113 1294 4175 sunt?

61 4433 204 4515 ,γαυρίαμα
214 4434 282 4506 καὶῆ
294 4439 423 4513 opacus-qq
437 4431 645 4508 τῶνἸουδαίωυγ
665 4434 685 4479 Δ
740 4430 771 4486 6.
781 4427 837 4488 Ubi
851 4427 922 4487 enim
933 4405 1059 4510 superbiit
1070 4442 1096 4488 et
1106 4429 1203 4489 ferocia
1213 4431 1390 4494 ludaeorum?
1399 4436 1446 4495 ubi

71 4514 155 4592 μάγος
169 4520 183 4574 ὁ
196 4519 300 4592 πρῶτος
316 4516 343 4571 ἐν
359 4513 473 4594 αἱρέσει,
494 4518 508 4572 ὁ
527 4513 646 4593 μαθητὴς

61 4617 97 4653 ,ου
118 4593 163 4651 καί
176 4594 338 4676 πρόδρομος,
351 4599 402 4652 τοῦ
418 4595 449 4653 τὸ
465 4593 545 4652 κακὸν
555 4592 646 4653 τοότου

61 4678 123 4744 ,τῆς
134 4672 226 4732 τούτου
240 4673 336 4752 μανίας
352 4673 397 4732 καὶ
411 4673 546 4750 ἀσελγείας
561 4673 647 4732 διάδο-

61 4757 173 4827 ;,δτῶν
192 4758 281 4812 κακῶν
306 4751 414 4832 ἔξαρχος
438 4752 506 4831 μετὰ
528 4757 580 4812 τῶν
602 4752 648 4812 δύο

61 4832 105 4892 καὶ
119 4833 153 4893 sb
174 4832 271 4892 τούτων
290 4832 422 4912 λεγόμενα
445 4833 593 4914 μυστήρια,
614 4832 648 4891 τά

61 4917 107 4984 ,τῆς
128 4911 206 4986 ἀξια,
220 4912 254 4971 τά
277 4911 407 4990 βδελυκτά
426 4912 472 4970 καί
497 4912 648 4991 ἀκάθαρτα,

65 4997 80 5051 ὁ
96 4991 240 5059 ἀπόστολος
264 4990 366 5072 ἔλεγεν·
382 4992 407 5049 Τ
409 4991 426 5050 ὰ
440 4991 492 5071 γάρ
510 4995 594 5071 κρυρῇ
608 5017 648 5071 γι-

67 5073 165 5142 αῦτῶν,
187 5069 297 5152 αἰσχρόν
326 5074 382 5131 ἐστι
402 5071 448 5130 καί
463 5070 565 5152 λέγειν,
591 5073 647 5131 Ποῦ

61 5156 78 5209 ῦ
91 5151 217 5225 Οὐάλης,
230 5156 282 5210 ποῦ
298 5151 407 5222 Μάνης,
422 5155 474 5210 ποῦ
489 5151 648 5223 Βασιλίδης,

61 5235 106 5293 τοῦ
122 5230 462 5312 Ἰουλιανδς,ποῦἌρειος,
478 5234 528 5291 ποῦ
547 5231 647 5292 Neori-

701 4506 794 4568 Simon
815 4530 922 4588 magos,
935 4509 972 4569 'in
993 4509 1088 4569 berosi
1112 4511 1227 4592 primus,
1249 4511 1400 4594 discipulus
1421 4531 1448 4575 et

709 4609 850 4647 irmcrrrsor
863 4587 1040 4648 Anticlrristi?
1055 4589 1102 4649 ubi
1127 4588 1198 4649 mala
1215 4591 1289 4673 illins
1300 4595 1401 4675 proles,
1416 4618 1448 4655 ac

700 4610 800 4727 luroris
809 4667 980 4747 lasciviaeque
996 4669 1053 4750 ejus
1066 4691 1202 4730 successor
1214 4674 1369 4750 Montanus,
1386 4697 1445 4735 ma-

700 4750 791 4811 lorum
815 4747 1016 4828 antesignanus,
1034 4770 1096 4807 cum
1114 4749 1221 4809 duabus
1246 4754 1444 4834 meretricibus,

701 4829 820 4918 ipsorum
841 4849 873 4887 uc
891 4828 1028 4909 mysteriis
1042 4842 1073 4887 ut
1086 4830 1230 4909 vocabant,
1243 4854 1301 4910 quac
1315 4834 1370 4893 alto
1384 4850 1447 4915 sunt

700 4908 808 4967 silentio
819 4850 913 4988 digna,
927 4909 1108 4969 abominanda
1122 4923 1148 4969 et
1159 4910 1266 4991 impura
1280 4912 1333 4971 :de
1347 4914 1446 4991 quibus

699 4988 835 5068 apostolus
857 4986 983 5047 dicebat:
1000 4990 1072 5067 Quoe
1094 4993 1171 5048 enim
1187 4994 1219 5048 in
1236 4994 1351 5050 occulto
1360 4993 1547 5073 fiuntrpm.
1559 5027 1597 5062 η,

700 5071 738 5126 ab
753 5071 834 5146 ipsis,
846 5080 929 5147 turpe
949 5080 991 5127 est
1006 5082 1035 5126 et
1050 5069 1166 5129 dicere?
1177 5069 1232 5139 Ubi
1247 5071 1381 5149 Marcion,
1397 5073 1447 5133 ubi

700 5147 813 5224 Valens,
829 5146 878 5206 ubi
892 5149 995 5223 lllonos,
1009 5147 1057 5207 ubi
1078 5148 1223 5224 Basilides,
1239 5149 1286 5207 ubi
1303 5152 1385 5228 Nero,
1399 5153 1446 5212 ubi

699 5226 844 5304 Julianus,
861 5225 911 5286 ubi
933 5226 1030 5307 Arius,
1048 5227 1095 5288 ubi
1115 5227 1267 5306 Nestorius,
1283 5229 1331 5288 ubi
1354 5250 1447 5292 omnes
