3750 5940
114 416 148 465 tit
174 414 289 485 litun,
320 416 433 466 statutt
458 416 521 464 EST
544 415 684 465 annuunt
709 416 837 465 cumn.
862 415 1016 480 ΡΛΤΙΙῈ.)
1037 414 1114 464 BTG·
1326 392 1396 489 737

67 537 83 598 ί
129 562 152 612 ν,
168 540 202 619 dr}
226 538 291 620 ύπιρ
305 539 421 618 ἐγίνετος
436 537 488 599 tut
510 539 537 597 τί
558 528 604 600 ούν
656 537 1400 619 vientemi'nonelementumunumquodquesuumopus

53 622 66 689 ί
111 618 189 698 ᾳτλν
201 617 278 701 ρύσιν
289 617 484 699 ύύρίζετεςδιὰ
493 618 520 678 τί
534 618 602 691 στί-
656 617 768 711 exsequi
779 617 889 696 ridetis,
903 619 983 699 eujus
995 638 1075 691 causa
1088 617 1116 676 in
1129 617 1399 678 luoemesteditumi'

54 698 204 777 κρύςςΟθα
217 696 468 779 ίχετεθρθαλμούς,
486 699 528 757 ίνα
543 697 604 777 βλί-
656 697 713 756 Cur
729 697 814 778 tgitur
827 697 879 758 soli
899 710 1024 757 naturam
1043 694 1138 756 inertia
1161 696 1224 757 detu
1258 697 1333 756 atis?
1350 717 1400 757 our

53 801 96 838 ιω
109 779 140 838 τὸ
160 777 275 851 κᾶλλος,
288 777 333 836 τὸν
347 778 506 856 κοσμοποιθν
523 779 603 835 'duu-
656 777 794 836 columnas
806 776 952 858 cipposque
964 789 1085 836 mortuos
1093 776 1249 836 imitamini.
1266 778 1326 836 Non
1335 797 1400 837 ocu·

53 854 119 937 ἷχετε
140 857 242 935 στόμα,
258 855 301 915 ἵνα
319 856 367 924 τὰς
384 855 506 936 γλώσσας
528 858 603 934 ὑμῶν
655 854 1091 937 loshabeuuutpulehritudinem
1099 854 1402 937 mundividentes,0pi·

65 937 207 1011 κινήσητε,
222 940 269 996 οὐκ
285 933 360 1016 ἱχετι
374 945 481 1018 χεῖρας,
499 935 541 994 ἵνα
554 933 604 1008 τὴν
655 934 735 994 fioem
745 936 840 996 mundi
850 936 1006 996 celebretis?
1016 956 1069 995 non
1083 957 1114 995 os
1127 935 1243 1000 habetis.
1256 949 1284 994 ut
1295 935 1401 1014 linguas

53 1015 190 1095 γαίοησθες
211 1019 260 1075 οὒκ
303 1039 352 1094 ,ετε
364 1017 464 1118 πύδας,
477 1015 521 1075 ἵνα
536 1015 603 1095 spt—
619 1033 638 1080 c
656 1014 804 1107 vestrasad
812 1014 988 1076 concinendos
997 1015 1113 1109 hymnos
1124 1014 1272 1107 moneatis?
1282 1036 1333 1074 non
1345 1035 1402 1073 nra·

53 1094 323 1256 luitulfi
337 1094 605 1246 {witti
656 1092 1405 1252 lttltlfft’tiltlttltlssltttltittttiit

53 1199 482 1336 θείοτύκατεύληντίλὴμίρσνά
517 1254 556 1329 οίς
569 1256 605 1313 0t
658 1253 806 1313 intestatis
824 1267 887 1314 tota
904 1257 952 1314 die
971 1258 1076 1315 otiosi?
1089 1256 1236 1332 Quousque
1257 1253 1402 1335 imperium

53 1337 93 1414 ᾧ·
104 1334 199 1401 utut<
211 1339 283 1412 ipit<
297 1332 471 1411 ἐμισθώσατο.
487 1332 605 1394 Γοιοῦτοί
657 1352 749 1391 meum
757 1334 902 1394 evertetis?
914 1335 995 1413 Quid
1004 1336 1052 1393 θέε
1062 1339 1147 1395 statis
1161 1346 1224 1393 toto
1234 1335 1283 1393 die
1295 1335 1402 1394 otiosi?

53 1413 171 1513 γζόμενοι
191 1412 336 1513 προφάσεις
353 1415 379 1471 ἐν
401 1412 559 1494 ἁμαρτίαις,
579 1415 603 1472 ol
658 1411 703 1470 llli
716 1426 806 1502 autem
819 1412 914 1506 dicum
924 1413 960 1490 ei,
973 1416 1066 1473 Nemo
1082 1435 1134 1474 nos
1148 1414 1299 1506 conduxit.
1319 1412 1400 1496 Ejus-
1412 1423 1472 1469 ttid.
1484 1441 1505 1469 v.
1517 1438 1540 1483 7.

53 1492 604 1651 ttitllwtttlttlffi
658 1489 1399 1651 titilletttttltttttilltltt‘tt]

53 1650 604 1732 τοῦτοτθποίσχα,καίείςτὸμίλλονρον-
657 1649 758 1710 Sinern
793 1672 819 1727 o,
831 1665 856 1711 et
868 1672 932 1712 eum
939 1652 1049 1734 jusserit
1062 1653 1130 1712 mihi
1142 1655 1225 1727 Deus,
1237 1653 1345 1713 tuncba
1367 1652 1401 1711 ti-

53 1731 81 1792 ὀί
92 1733 156 1792 εἰσιν
171 1734 195 1789 ol
208 1731 343 1833 λέγοντες,
356 1732 450 1799 Οὐδεὶς
463 1735 536 1809 ἡμᾶς
548 1733 606 1809 ίμι-
657 1729 739 1788 rabor
749 1754 756 1785 ι
765 1731 821 1791 hoo
833 1731 902 1791 milri
916 1733 1018 1792 Pascha
1033 1733 1146 1807 remitte,
1157 1747 1184 1793 et
1195 1733 1223 1792 in
1232 1733 1325 1792 futuro
1339 1674 1400 1792 tilu-

63 1810 90 1869 τί
102 1810 167 1888 πρὸς
179 1813 271 1877 αὐτους
282 1814 296 1869 θ
309 1814 371 1890 τῇχ
407 1810 515 1882 στύτητι
525 1815 605 1870 νικῶν
657 1808 789 1869 minabor.
811 1810 954 1871 E'usmodi
975 1826 1038 1871 sunt
1058 1812 1105 1892 qui
1118 1812 1223 1891 dieunt,
1238 1815 1332 1872 Nemo
1347 1832 1399 1871 nos

55 1893 108 1948 τῶν
120 1888 341 1967 ἀναύαλλομένων
386 1914 400 1948 ν
410 1889 508 1983 χοίρους
520 1889 605 1950 Ὑποί-
658 1891 808 1949 conduxit.
819 1833 895 1962 (inid
904 1912 968 1965 vero
979 1890 1046 1973 ipsis
1056 1892 1192 1973 respondit
1200 1891 1285 1970 isqui
1294 1912 1399 1973 procra‘

64 1973 101 2038 εἰς
119 1970 163 2028 τὸν
185 1971 338 2042 ἀμπελῶνα.
353 1970 413 2028 ota
432 1968 527 2048 ἤλεγξε
555 1968 604 2040 tls
657 1966 813 2029 stinationes
829 1970 1134 2050 eorum,quidifferunt
1148 1974 1273 2052 gratiam,
1289 1984 1399 2053 superat

53 2054 104 2123 ὧν,
116 2051 163 2108 οθκ
175 2047 342 2118 ίοτηλίτευσε
353 2047 400 2120 τὴν
408 2048 542 2130 εἰρωνείαν
551 2054 605 2109 τῶν
656 2047 719 2106 beni
758 2048 901 2111 itateilte
919 2064 948 2110 et
962 2070 1016 2110 uos
1034 2054 1067 2109 ιἰι
1082 2055 1214 2111 vineam.
1232 2051 1398 2111 Noneorum

57 2132 139 2202 ἠθῶν,
159 2131 207 2189 οὐκ
223 2120 280 2188 εἶτα
298 2127 363 2207 πρὸς
380 2126 441 2196 τοὺς
457 2127 604 2210 ῥᾳθύμους,
658 2146 718 2187 men
756 2127 796 2187 eia
809 2130 891 2191 verba
901 2129 1054 2209 redarguit5
1068 2152 1120 2190 non
1134 2130 1317 2191 dissimulatos
1326 2152 1399 2190 erro·

53 2207 141 2275 Οὐδείς
153 2212 225 2286 ἡμᾶς
237 2207 415 2284 ἐμισθώσατος
429 2207 456 2265 τί
473 2213 507 2287 τῇ
523 2213 605 2290 ρογθυ-
657 2227 769 2267 neorurn
784 2229 891 2270 morum
904 2229 1039 2269 sermones
1051 2210 1202 2289 infamavit,
1214 2231 1300 2288 neque
1314 2210 1399 2290 negli-

53 2289 102 2354 ίδος
118 2288 294 2370 συρροίπτετες
310 2286 393 2355 οὐδεὶς
406 2290 475 2365 ὑμᾶς
489 2287 603 2365 tutatri-
622 2297 640 2344 n
658 2300 748 2365 gentes
762 2287 805 2347 lris
816 2287 989 2371 compellavit
1000 2312 1007 2346 ι
1018 2288 1094 2360 Quid
1104 2288 1206 2364 dicitis,
1222 2293 1301 2370 Quia
1316 2311 1401 2349 nemo

55 2367 150 2427 οθεοαν
161 2371 231 2444 ὑμᾶς
240 2370 264 2427 ot
277 2371 425 2447 προρῆταις
436 2369 465 2425 οθ
478 2367 605 2450 προετρί-
659 2386 713 2426 nos
726 2369 867 2429 conduxit
874 2375 891 2447 Ρ,
900 2390 950 2429 eur
967 2368 1136 2448 negligentia
1149 2369 1319 2430 mendacium
1334 2390 1401 2448 quo-

61 2448 220 2519 ιίπύστολοις
243 2450 273 2505 οὖ
296 2446 480 2525 παρεγενόμην
504 2446 556 2523 ἐγὼ
572 2449 606 2508 δι’
659 2466 711 2524 que
723 2447 941 2508 assuitisinemo
951 2467 1000 2509 vos
1014 2448 1168 2509 conduxit?
1179 2470 1232 2510 non
1244 2470 1292 2512 vos
1303 2449 1402 2509 invita·

53 2536 127 2605 ιμᾶς;
146 2527 194 2585 οὐκ
210 2527 323 2586 ίιιοθιοα
334 2526 476 2597 πολλάκις,
491 2531 566 2604 ὑμεῖς
579 2527 606 2588 δὲ
659 2539 722 2585 runt
740 2547 790 2608 pro
809 2527 896 2588 huae?
913 2547 966 2587 non
982 2549 1030 2588 vos
1043 2528 1174 2589 oohortuti
1190 2542 1280 2589 sunta
1331 2529 1403 2589 toli?

53 2609 129 2680 ιςοθκ
143 2603 227 2664 elteri
240 2603 607 2684 μεμισθούμινοντοθςίταί-
660 2626 746 2665 nonne
764 2549 809 2666 ad
821 2629 869 2667 vos
891 2627 941 2687 ego
964 2627 1013 2688 per
1033 2609 1166 2690 meipsum
1181 2550 1404 2669 adventioilonne

53 2692 193 2746 ,ποιοῦντα
208 2689 266 2765 μετ’
284 2684 389 2765 ἐκείνων
405 2682 549 2766 ούμροινας
563 2687 607 2746 διὰ
658 2705 841 2766 saepenumero
860 2686 968 2761 vocavi,
990 2707 1039 2747 vos
1063 2701 1152 2747 autem
1173 2709 1227 2748 non
1250 2687 1402 2747 obedistis?

53 2764 136 2838 ,ἤθητε
146 2762 380 2843 μιμίοαοθαιτούς
391 2764 544 2832 πεισθέντας
551 2788 606 2844 μοι,
658 2784 747 2826 nonne
763 2785 807 2825 me
819 2767 920 2827 amioos
935 2779 1039 2826 vestros
1051 2767 1244 2827 conducentem
1257 2765 1365 2826 vidistis
1376 2781 1403 2826 et

53 2845 122 2926 ιύγρι
138 2845 233 2925 γήρους
244 2845 424 2917 κατύσιιοποις
436 2843 545 2904 Τούτων
559 2847 607 2905 οθιι
657 2843 835 2982 ριιείσοειιιοιιι
850 2845 997 2906 cumillis?
1010 2864 1060 2905 eur
1074 2867 1127 2907 noo
1140 2846 1226 2926 igitur
1237 2845 1340 2905 imitari
1353 2868 1402 2908 vo·

53 2924 161 3004 Συνιὴρ,
176 2926 245 2996 ἀλλ’,
261 2922 334 2982 Ὑπ’
352 2946 394 2982 ετε
415 2923 461 2983 καὶ
480 2927 556 3002 ὑμεῖς
572 2928 607 2993 εἰς
669 2921 748 2982 uistis
770 2945 815 2984 eos
830 2925 876 3005 qui
890 2922 959 2985 milti
974 2925 1113 3004 parebant,
1132 2923 1225 2985 sedad
1240 2939 1401 2986 senectutem

53 3027 112 3080 μου.
128 2946 608 3084 Δίχομαικαλγίρονταςέργατεύσα-
658 3023 675 3059 ιι
708 3020 742 3060 tte
764 3018 924 3085 spectatores
944 3005 1102 3065 mansistis?
1116 3004 1193 3066 Nihil
1213 3004 1311 3064 horum
1330 3004 1402 3065 dixit

56 3083 169 3164 δέχομαι
182 3082 227 3141 καὶ
241 3080 335 3150 πολιθς
350 3081 604 3165 εθσεύείᾳλαμπρυ-
657 3082 677 3141 S
705 3094 793 3160 vator,
806 3083 864 3162 sed,
877 3087 964 3143 [teet
978 3104 1033 3142 vos
1048 3088 1080 3142 ιἰε
1094 3087 1213 3143 vineam
1224 3104 1329 3143 meam.
1342 3085 1400 3145 td-

53 3187 85 3221 αι
104 3163 150 3221 καλ
167 3163 297 3242 τρέμοντα
314 3161 382 3238 μέλη
401 3160 490 3220 πίστει
504 3164 608 3242 νευρού-
657 3160 735 3221 mitto
749 3174 776 3221 et
793 3163 940 3302 οσιιεεᾶῐργυί
955 3183 1024 3300 οριιε
1039 3163 1125 3223 saeue
1145 3163 1275 3302 οιιρίιιιιει
1286 3162 1402 3224 admitto

53 3241 206 3321 ῶγέροντας
217 3247 376 3323 κρατοῦντας
386 3240 531 3320 βακτηρίας
541 3247 607 3318 ὁμοῦ
657 3255 683 3300 et
696 3242 811 3303 tremula
831 3264 857 3300 nr
921 3263 951 3301 ra
990 3239 1025 3300 de
1033 3243 1175 3302 roborata:
1195 3243 1307 3302 ubenter
1319 3243 1402 3303 video

56 3322 178 3400 Υποίγετε
195 3322 241 3380 καί
255 3322 330 3396 ὑμεῖς
352 3322 389 3388 είς
401 3320 446 3379 τὸν
461 3322 606 3397 ἀμπελῶνί
621 3329 639 3376 F·
657 3341 731 3380 senes
740 3320 871 3402 scipiones
877 3321 959 3381 simul
970 3334 996 3380 et
1005 3342 1097 3381 cruces
1111 3335 1237 3383 tenentes.
1247 3325 1293 3382 Ite
1303 3335 1333 3381 et
1346 3344 1402 3384 uos

53 3424 79 3481 ,ῳ
89 3400 137 3472 τὴν
148 3400 258 3472 νεότητα
269 3400 498 3478 προοηνίγιιατε,ί
521 3401 545 3460 οὶ
557 3400 605 3459 κᾶν
656 3404 689 3458 in
704 3405 825 3460 vineam
846 3422 952 3460 meam.
971 3400 1088 3460 Diabolo
1105 3402 1276 3482 juventutem
1299 3402 1401 3462 obtuli-

53 3504 118 3539 ποτε·
128 3483 166 3559 τῷ
180 3481 268 3562 ἐχθρῷ
278 3479 327 3551 τὴν
338 3478 415 3560 ἰσχὺν
430 3425 604 3560 ἐχαρίσασθε,
656 3479 723 3555 stis,
732 3480 799 3540 mihi
813 3482 906 3541 saltem
919 3494 1081 3540 senectutem
1092 3482 1260 3542 commodate
1272 3505 1279 3539 ε
1289 3481 1401 3542 inimioo

54 3582 147 3639 ρηστον
153 3559 260 3630 ἠλικίαν
267 3559 428 3638 ίπίδοτε·τῷ
435 3559 553 3640 τυράννῳ
559 3560 603 3619 τὸν
655 3561 739 3619 robur
755 3561 875 3642 corporis
891 3560 983 3641 largiti
1000 3560 1072 3635 estis,
1087 3561 1155 3620 milri
1170 3563 1264 3621 saltem
1275 3561 1400 3621 inutilem

58 3643 154 3708 ἐκεῖνος
164 3639 301 3713 ἠθέλησεν,
311 3638 532 3721 ἐστρατεύσασθε,
544 3639 604 3718 ἐμοὶ
656 3653 761 3699 aetatem
774 3639 926 3700 concedite:
939 3641 991 3699 sub
1000 3653 1115 3721 tyranno
1123 3654 1179 3700 toto
1188 3655 1308 3723 ternpore
1320 3641 1397 3714 vitae,

53 3720 172 3779 alleluiu
186 3718 357 3799 ἐπῦοιπονχ
381 3717 430 3777 ὀν
443 3717 600 3799 οχολοίοατε.
655 3732 738 3799 prout
751 3719 793 3778 illi
802 3720 917 3813 placuit,
933 3720 1067 3810 stipendia
1085 3720 1233 3798 meruistis,
1248 3719 1316 3779 milti
1332 3720 1400 3799 legi-

54 3845 62 3872 ,
77 3821 98 3857 π
113 3799 138 3856 ἰν
148 3798 266 3878 γίνεσθαι
276 3740 488 3879 νεκροίίλοίύετε
497 3799 604 3878 προτοῦ
656 3800 723 3859 timo
744 3799 784 3857 lle
804 3822 822 3875 ι,
843 3798 916 3879 quod
927 3800 1062 3877 reliquum
1077 3813 1117 3859 est
1133 3800 1274 3880 temporis,
1291 3820 1399 3879 opernm

54 3823 222 3944 edissenis<
242 3877 353 3950 στολήν·
367 3876 475 3946 ἑαυτοὺς
491 3878 544 3959 πρὸ
556 3881 606 3949 τῆς
656 3878 767 3939 ᾶαῐο.Ε
799 3879 907 3939 ciamini
917 3878 1022 3951 fideles,
1034 3893 1175 3958 antequam
1187 3879 1287 3938 mortui
1298 3878 1399 3936 efficia-

53 3958 150 4017 ιισίσοτε
167 3965 220 4023 τοῖς
245 3958 386 4038 θρθοίρτοις
404 3957 533 4037 ἐνταφίοις
557 3962 604 4030 τῆς
657 3959 723 4019 mini
734 3958 960 4018 :immortalitatis
970 3959 1066 4017 stolam
1077 3972 1138 4018 ante
1148 3971 1261 4017 mortem
1271 3957 1396 4037 aecipite:

53 4060 106 4111 ετε,
122 4035 254 4097 σπεύσατε
274 4036 326 4116 πρὸ
346 4040 395 4107 τῆς
417 4037 530 4118 ἑσπέρας
553 4036 605 4098 ἔσω
657 4038 832 4118 vosmetipsos
852 4035 914 4096 ant'e
929 4037 1035 4097 obitum
1056 4037 1254 4097 immortalibus
1268 4035 1324 4096 illis
1336 4056 1398 4095 exe-

65 4120 216 4218 εύρεθῆυαι·
241 4115 451 4195 ριλυνεικήοατε,
462 4114 507 4174 ἵνα
532 4115 603 4177 ἔνδον
612 4161 645 4200 ¹„
657 4117 729 4198 quiis
743 4117 835 4196 gratiae
846 4117 956 4198 sepelite
966 4141 973 4173 ι
983 4117 1092 4194 currite,
1105 4116 1227 4177 festinate
1236 4130 1298 4176 ante
1307 4136 1352 4176 vos
1372 4137 1400 4174 e·

53 4221 58 4269 γ
72 4195 267 4268 δυνιονθῆλιος.
277 4194 343 4255 Ἐὰν
351 4195 404 4277 πρίν
412 4194 487 4267 ἡλίου
499 4195 605 4271 δυσμῶν
622 4218 640 4262 ,ι
658 4219 715 4258 ram
727 4197 797 4256 intra
812 4196 920 4257 vineam
932 4195 1060 4277 reperiri:
1071 4194 1232 4271 contendite,
1243 4209 1273 4254 ut
1285 4138 1399 4254 derelin-

53 4276 172 4354 θμιίοητε
185 4284 239 4342 τοῖς
252 4280 326 4353 ἐμοῖς
345 4278 485 4358 ἐρασταῖς,
511 4275 605 4356 ὄψεσθε
658 4291 723 4357 quat
734 4298 784 4339 vos
795 4276 867 4336 intus
881 4274 922 4336 sol
934 4274 1065 4335 occidens.
1080 4275 1110 4335 Si
1125 4289 1186 4335 ante
1202 4274 1267 4335 solis
1276 4295 1400 4334 oocasum

53 4379 101 4426 γεος
116 4354 163 4429 τλν
178 4353 264 4429 δόξαν,
276 4358 312 4421 ὡς
327 4355 411 4436 ροντὸς
424 4354 604 4436 ionersi-llo
658 4357 685 4416 in
704 4370 856 4416 amatorum
876 4376 998 4416 meorum
1018 4376 1161 4415 numerum
1175 4375 1225 4415 vos
1237 4353 1400 4428 retuleritis,

55 4434 140 4514 μένων
152 4438 183 4493 ἐκ
192 4441 237 4493 τοῦ
249 4437 404 4511 ἀμπελῶνος
414 4432 606 4509 ἐξίλθητι,κα“ι
657 4436 809 4496 divinitatis
826 4456 891 4495 mea
913 4435 1027 4517 gloriam
1051 4448 1081 4493 ut
1108 4434 1177 4494 lucis
1207 4446 1338 4494 amatores
1359 4433 1401 4493 vi·

53 4523 103 4592 μᾶς
117 4517 152 4581 ὡς
166 4513 298 4592 καμόντας
312 4512 475 4593 ἀμείψομαι·
491 4512 535 4571 tto
553 4512 603 4582 ἔξω
658 4515 757 4576 debitis
777 4539 784 4572 ε
804 4515 827 4574 si
855 4536 917 4574 eum
942 4515 1016 4590 illis,
1041 4514 1088 4592 qui
1114 4512 1204 4573 vocati
1227 4525 1305 4588 stunt,
1327 4533 1342 4571 e
1362 4512 1403 4571 vi·

53 4593 152 4673 ιμίνους
169 4598 236 4672 ὑμᾶς
250 4593 389 4672 καταλύὸῃ
402 4599 448 4653 τοῦ
463 4593 604 4666 θανᾶτουὴ
657 4617 706 4656 nea
732 4593 831 4654 eressi
856 4593 971 4670 fiteritis,
996 4593 1101 4653 tametsi
1127 4613 1181 4652 non
1204 4592 1402 4665 laboraveritis,

53 4673 116 4732 ιπὸν
129 4677 199 4751 ὑμᾶς
217 4678 253 4741 ὡς
266 4673 356 4753 φιλους
372 4672 442 4753 ἔχειν
459 4672 605 4752 ἀνέχομαι·
657 4674 734 4754 quasi
747 4615 930 4750 iaborossetis,
939 4672 1131 4733 remunerabor
1142 4696 1149 4729 ι
1160 4672 1183 4732 si
1200 4694 1250 4733 vos
1270 4686 1345 4731 extra
1356 4671 1400 4731 di-

53 4752 180 4824 τιστεύει,
195 4752 284 4832 νεαρθς
302 4756 352 4834 οὐχ
364 4754 502 4831 ὁμολογεῖ,
516 4754 606 4834 νεκρὸς
657 4754 804 4816 versarium
831 4766 931 4813 stantes
955 4753 1050 4813 mortis
1077 4774 1132 4812 nox
1157 4749 1402 4833 eomprehenderit,

59 4833 104 4891 καὶ
120 4834 254 4912 θαῤῥεὶται
274 4833 432 4912 μυστήριον,
451 4833 539 4910 νεκρὸς
559 4837 605 4894 οὐκ
659 4855 711 4893 non
722 4834 780 4914 jam
793 4832 911 4914 amplius
928 4854 976 4894 vos
991 4831 1091 4892 haltere
1103 4831 1251 4890 amicorum
1268 4831 1327 4889 loco
1339 4850 1402 4909 pos-

53 4912 159 4987 οσύνην,
170 4912 414 4994 νεκρὸςοθδύναται
425 4914 516 4991 μισθὸν
528 4918 605 4974 ἆται·
659 4936 719 4972 sum
733 4926 872 4973 :mortuus
892 4934 1009 4993 namque
1031 4932 1083 4972 non
1097 4910 1194 4988 credit,
1210 4923 1330 4970 mortuus
1349 4929 1402 4967 non

53 4991 191 5073 ρροίγιστος
211 4992 256 5051 καλ
267 4990 319 5072 πρὸ
335 4997 383 5065 τῆς
396 4992 507 5073 κρίσεως
521 5018 605 5053 κατα·
659 4994 812 5071 confitetur,
829 5006 951 5054 mortuus
964 5013 1017 5053 non
1033 5005 1170 5073 operatur,
1184 5010 1271 5067 neque
1285 4985 1404 5047 creditur

53 5195 169 5250 ,ημγοητα
179 5184 235 5234 llas.
247 5193 355 5249 quotuor
367 5193 514 5250 ἀναμνήσατε.
