3750 5940
82 447 222 499 maurit.
249 422 297 497 al.
324 447 455 498 nxxutr.
780 424 845 499 531

105 591 187 650 quam
210 570 263 630 sibi
275 569 346 647 fidit,
361 571 443 631 ethis
458 570 542 630 tutus
558 570 689 630 neminem
710 570 850 632 insidiato·

105 684 162 723 rem
177 663 315 724 formidat.
339 664 395 723 llas
417 682 481 743 ergo
495 683 595 723 merces
614 662 692 723 nobis
712 684 850 745 compare·

105 776 181 815 mus:
194 778 308 838 pauper,
318 770 348 815 ut
365 755 393 814 in
406 768 564 837 paupertate
581 755 788 816 consolationem
800 755 850 816 ba·

105 845 178 924 beat,
191 847 280 923 dives,
295 862 325 907 ut
337 847 449 907 divitias
466 848 568 907 intuto
587 847 697 924 habeat,
712 847 848 929 princeps,

71 950 88 996 Β
106 952 136 997 ut
155 960 216 998 cnm
229 940 370 999 securitate
388 941 515 1021 imperet,
531 938 666 1016 subditus,
686 953 717 998 ut
732 939 850 1001 benevo-

105 1029 145 1088 los
156 1030 253 1090 babeat
263 1032 407 1114 principes.
418 1033 484 1092 llaec
493 1031 695 1107 benevolentia,
707 1031 766 1092 bec
775 1053 851 1093 man·

106 1121 364 1183 suetudinisoccasio
373 1137 421 1183 eet.
434 1123 581 1183 Naminter
589 1124 660 1183 seras
668 1122 722 1183 illae
732 1123 852 1183 maxime

105 1238 182 1276 saevae
199 1230 224 1275 et
239 1217 422 1277 intractabiles
442 1231 513 1294 sunt,
531 1239 591 1297 quae
614 1237 668 1277 non
689 1217 717 1276 in
740 1237 851 1298 gregem

105 1321 212 1368 coeunt.
227 1307 293 1368 Ideo
314 1309 394 1369 urbes
415 1309 567 1386 incolimus,
586 1309 644 1368 lora
660 1309 802 1385 babemus,
819 1323 851 1368 ut

106 1421 159 1459 una
171 1421 315 1460 versemur.
329 1400 363 1461 ld
375 1402 476 1461 Paulus
492 1396 571 1482 jubet
593 1400 697 1480 diceus,
720 1402 790 1460 Non
799 1401 851 1461 de·
860 1401 929 1448 Μ’·
948 1418 984 1452 ¹0·

106 1506 232 1552 serentes
250 1494 452 1554 collectionem
465 1507 605 1554 nostram.
623 1492 700 1553 Nihil
720 1492 792 1552 euim
803 1465 898 1574 pe·²⁵'

103 1585 149 1666 jus
165 1584 321 1660 solitudine,
336 1609 368 1647 ac
381 1586 515 1646 societatis
533 1599 560 1646 et
577 1585 669 1646 aditus
687 1584 849 1669 privatione.

107 1679 185 1754 Quid
199 1701 263 1759 ergo
283 1681 407 1740 monachi
415 1727 424 1754 ,
442 1680 555 1760 inquies,
569 1694 595 1740 et
617 1680 637 1739 ii
650 1679 696 1760 qui
710 1679 851 1739 cacumina
900 1695 1003 1741 nometi

107 1771 238 1831 montium
248 1772 401 1853 occupant?
416 1774 509 1851 Neque
521 1773 561 1831 illi
572 1785 669 1832 vacant
681 1770 778 1831 amicis
783 1793 792 1847 3
802 1760 901 1865 seda·
919 1760 1002 1803 '⁰⁰⁰⁶'

107 1863 173 1923 dum
187 1865 238 1925 fori
253 1864 387 1924 tumultus
400 1865 518 1945 fugiunt,
532 1865 633 1924 multos
642 1865 742 1924 habent
753 1863 850 1938 socios,
905 1852 911 1866 ⁹

107 1971 132 2015 et
140 1958 239 2016 amoris
247 1957 357 2019 vinculo
368 1959 540 2038 conjunctum
553 1955 627 2037 quod
637 1969 667 2015 ut
677 1976 851 2035 assequeren-

72 2062 161 2124 ctnr,
176 2064 347 2110 secesserunt.
363 2050 436 2125 Quia
458 2043 531 2111 enim
554 2049 723 2131 negotiorum
743 2062 852 2109 conteu-

106 2143 193 2203 tiones
206 2144 306 2204 multas
321 2144 430 2226 pariunt
446 2145 537 2205 rixas:
554 2143 615 2204 ideo
631 2142 794 2221 secedentes,
808 2140 853 2201 di·

106 2235 246 2295 lectionem
264 2235 464 2296 accuratissime
479 2235 580 2296 colunt.
591 2234 628 2295 Et
642 2233 721 2315 quid,
736 2233 853 2314 inquies,

107 2327 130 2386 si
144 2328 206 2407 quis
220 2328 294 2388 solus
306 2329 351 2405 sit,
364 2349 431 2391 num
442 2329 596 2389 innumeros
609 2325 721 2387 habebit
730 2324 854 2386 amicos?

108 2419 168 2499 Ego
182 2434 252 2480 certe
271 2421 380 2499 vellem,
393 2422 416 2480 si
428 2420 489 2480 fieri
511 2433 609 2502 posset,
624 2432 655 2480 ut
671 2417 754 2478 etiam
770 2415 853 2477 simul

108 2512 211 2572 versari
229 2512 344 2573 liceret:
360 2513 469 2573 interim
488 2533 554 2573 vero
571 2512 650 2571 firma
667 2522 773 2569 maneat
783 2507 853 2569 ami·

107 2604 178 2663 citia.
190 2607 251 2665 Non
266 2605 339 2665 enim
350 2605 426 2666 locus
441 2605 541 2665 amicos
554 2603 626 2663 facit.
637 2603 740 2675 Multos
749 2596 792 2660 illi
803 2601 853 2661 ba·

107 2698 172 2757 bent
187 2698 349 2776 laudatores,
363 2699 410 2778 qui
423 2720 477 2759 non
490 2697 644 2773 laudarent,
656 2695 708 2755 nisi
719 2707 849 2756 amarem.

108 2791 145 2850 Et
156 2791 207 2872 ipsi
221 2813 328 2850 rursum
339 2814 389 2873 pro
402 2806 458 2851 toto
471 2791 536 2850 orbe
546 2787 778 2870 precantur,quod
791 2808 851 2847 ma·

107 2882 214 2942 ximum
226 2898 267 2942 est
279 2882 403 2943 amicitie
416 2896 613 2962 argumentum.
629 2879 694 2940 Ideo
707 2881 737 2938 in
750 2892 852 2960 myste·
883 2894 912 2941 tn
920 2905 1003 2957 ωῑιιο·

106 2976 156 3034 riis
169 2997 216 3035 nos
230 2989 325 3036 mutuo
339 2975 538 3056 amplectimur,
555 2987 585 3033 ut
600 2972 679 3032 multi
692 2993 778 3032 unum
791 2960 923 3064 ‘milia
935 2959 1002 3064 ‘²¹¹'ss

107 3068 212 3126 ciamur
228 3091 233 3121 :
249 3082 275 3127 et
290 3089 340 3149 pro
360 3088 414 3127 uon
437 3067 548 3127 initiatis
562 3086 716 3126 communes
733 3065 938 3126 effundi-nereo
952 3097 1002 3124 m.

71 3191 91 3236 1,
108 3182 168 3219 mus
182 3182 282 3241 preces,
293 3181 342 3241 pro
355 3159 480 3234 infirmis,
491 3180 542 3241 pro
555 3159 628 3218 orbis
639 3157 784 3233 fructibus,
799 3179 851 3240 pno
860 3144 1002 3250 mqteaubn-

107 3267 177 3311 tcrra
187 3267 213 3312 et
224 3254 302 3312 mari.
312 3251 411 3314 Viden'
421 3265 506 3312 totam
518 3250 780 3329 dilectionisvim,in
790 3272 851 3311 ora·
899 3239 905 3251 ⁴

107 3345 235 3419 tionibus,
251 3345 278 3403 in
301 3344 447 3426 mysteriis,
470 3345 498 3404 in
516 3342 764 3405 admonitionibus?
786 3343 852 3404 llaec

107 3435 230 3494 omnium
243 3449 282 3495 est
296 3457 375 3495 causa
386 3436 532 3496 bonorum.
540 3436 571 3496 si
584 3435 802 3515 huicdiligenter
809 3435 851 3495 in·

107 3527 271 3606 haereamus,
288 3529 429 3609 praesentia
451 3542 522 3589 recte
545 3527 808 3605 administrabimus,
825 3541 852 3588 et

107 3640 221 3700 regnum
239 3641 431 3699 consequemur
445 3645 453 3679 z
467 3621 541 3700 quod
562 3621 665 3680 utinam
682 3641 774 3680 omnes
795 3618 852 3679 adi-

106 3712 251 3792 piscamur,
258 3713 342 3792 gratia
353 3729 379 3774 et
387 3714 551 3795 benignitate
562 3713 672 3774 Domini
688 3712 773 3772 nostri
787 3715 852 3772 Jesu

108 3804 218 3880 Cbristi,
229 3827 277 3886 per
291 3828 372 3884 quem
385 3821 412 3866 et
428 3829 490 3868 cum
508 3828 562 3887 quo
577 3807 651 3867 Patri
669 3805 766 3885 gloria,
782 3824 851 3862 arna·

107 3916 159 3974 que
173 3910 264 3957 sancto
284 3898 408 3979 Spiritui,
417 3899 445 3959 in
466 3900 564 3961 saecula
579 3898 746 3960 saeculorum.
757 3899 851 3955 Amen.
