3750 5940
56 466 118 515 ιιι.
147 464 220 513 ur.
246 440 294 513 al.
323 465 380 513 nx.
781 442 854 535 415

110 587 184 661 bant,
197 586 276 646 aliter
285 607 369 665 qnam
383 587 461 669 prins
471 587 673 667 interrogantes,
690 608 722 649 ac
731 589 854 669 [requen-

111 692 153 738 ter
160 678 334 755 sciscitantes,
347 699 382 737 ex
392 678 458 758 ipsis
471 677 562 738 verbis
574 699 637 739 eum
651 680 789 741 confutare
799 701 854 741 ro·

64 736 214 846 ⁸l²lebanq
243 782 269 828 et
296 790 359 828 eum
375 789 456 851 opera
477 790 587 850 carpere
600 790 653 829 non
673 784 798 851 possent,
818 792 854 832 ex

114 860 204 921 verbis
216 882 309 921 ansam
320 860 485 939 querebant.
501 860 565 920 ldeo
577 860 711 937 dicebant,
728 864 788 923 Dic
802 884 851 922 no·

110 958 162 1013 bis.
177 953 261 1033 Atqui
274 974 345 1034 sepe
356 951 437 1013 dixit.
450 955 521 1013 Nam
531 952 571 1013 sie
581 953 776 1015 samaritanam
786 954 852 1015 allo·

109 1060 209 1126 quutus
218 1060 276 1106 est:
294 1049 359 1128 Ego
369 1067 434 1107 sum
444 1050 496 1127 qui
509 1047 733 1128 loquorteeum:
744 1059 771 1107 et
784 1048 1004 1108 eaeeolverdefi·

109 1136 183 1197 dixit
201 1160 208 1194 r
224 1139 265 1197 Et
280 1139 384 1198 vidisti
398 1156 475 1210 curn,
489 1141 578 1219 etqui
594 1138 726 1218 loquitur·
744 1151 850 1212 tecum,
861 1136 952 1196 tranq
964 1137 1005 1194 ³5·

110 1230 163 1288 ille
175 1242 228 1289 est.
244 1227 303 1289 lllis
310 1250 417 1309 quoqne
425 1228 506 1306 dixit,
518 1228 565 1289 sed
580 1229 642 1290 aliis
652 1229 751 1293 verbis.
771 1232 853 1311 requi

111 1321 134 1380 si
148 1336 235 1382 mente
247 1322 444 1401 valuissent,et
456 1336 528 1382 reete
543 1322 685 1404 explorare
696 1323 854 1401 voluissent,

111 1411 202 1471 verbis
209 1412 300 1494 ipsum
309 1414 430 1473 confiteri
440 1413 657 1494 debuissent,qui
666 1415 793 1496 operibm
801 1415 855 1477 lroe

112 1504 202 1585 ipsum
224 1526 294 1586 saepe
312 1506 539 1588 comprobaverat.
560 1508 641 1568 Nunc
661 1527 726 1568 vero
741 1506 854 1569 illorum

111 1597 312 1677 perversitatun
318 1598 541 1658 considendum
549 1597 855 1661 concionaturetvcrbis

110 1688 198 1763 docet,
207 1690 295 1750 aiunt:
304 1693 389 1770 Quod
400 1695 516 1771 signum
527 1694 676 1752 ostendis?
684 1693 755 1753 Cum
763 1706 855 1754 autem

73 1820 93 1867 B
111 1781 237 1862 operibns
250 1782 488 1842 demonstrationes
507 1782 623 1862 profert,
640 1782 735 1842 dieunt
747 1783 789 1843 illi
801 1807 808 1841 ι
822 1784 854 1845 Sr'

113 1889 143 1935 tn
152 1898 182 1935 es
194 1878 336 1948 Christus,
343 1878 391 1934 dic
401 1879 483 1935 nobis
492 1877 604 1956 palam.
616 1876 692 1935 Dum
704 1897 784 1958 opera
798 1877 854 1936 cla·

110 1966 276 2043 rnarrtverba
286 1979 452 2046 querunt5et
462 1987 525 2026 cum
534 1966 617 2027 rerba
625 1964 767 2045 doeentad
773 1988 854 2048 opera

111 2059 279 2139 confugiunt,
295 2058 488 2138 contrariisque
505 2078 609 2139 semper
621 2058 757 2119 insistunt.
771 2060 854 2133 Quod

110 2153 182 2212 enim
200 2173 253 2211 non
265 2151 387 2211 discendi
398 2172 478 2211 causa
490 2151 694 2231 interrogarent,
703 2152 794 2213 exitus
805 2152 855 2213 de·

111 2245 281 2306 monstravit.
306 2246 394 2319 Quem
420 2245 493 2305 enim
510 2245 548 2305 ita
563 2244 619 2305 tide
639 2245 756 2327 dignum
777 2261 855 2330 pute·

111 2338 187 2415 bant,
203 2351 233 2396 ut
246 2335 281 2397 de
298 2338 384 2420 seipso
406 2337 593 2399 testificantem
610 2336 791 2418 admitterent,
807 2340 856 2401 nel

114 2450 199 2511 pauca
214 2429 375 2507 loquentem,
391 2429 481 2489 statim
493 2427 632 2510 lapidibus
648 2429 788 2512 impetunt.
799 2432 856 2492 lta·

110 2547 164 2604 que
176 2525 249 2605 quod
263 2524 459 2585 circumdarent
472 2545 534 2583 cunr
553 2538 579 2584 et
602 2523 747 2603 instarent,
769 2526 798 2587 id
819 2548 856 2589 cx

110 2619 227 2697 nequitia
249 2617 478 2699 proficiscebatur.
495 2616 594 2677 lllodus
614 2639 722 2697 quoque
743 2619 857 2681 interro-

111 2710 192 2789 gandi
206 2711 323 2770 multum
342 2732 397 2791 prae
415 2732 444 2769 se
455 2709 557 2769 ferebat
571 2709 677 2770 odium.
694 2713 753 2772 Dic
772 2716 856 2773 nobis

109 2804 223 2882 palam,
233 2806 259 2862 si
270 2816 302 2861 tu
312 2823 343 2861 es
354 2804 496 2861 Christus.
510 2800 591 2879 Atqui
604 2801 695 2882 palam
706 2801 752 2861 illo
763 2802 854 2882 loque·

76 2935 95 2982 t:
111 2892 191 2953 batur
205 2894 232 2952 in
255 2892 478 2968 solennitatibus,
499 2891 599 2970 quibus
626 2913 730 2973 semper
749 2891 853 2969 aderat,

112 2985 233 3064 nihilque
245 2985 315 3044 elam
325 2983 433 3043 dicebat
444 3006 452 3058 ;
467 2982 580 3061 ideoque
594 2981 735 3045 adulantes
746 2982 852 3063 dicunt,

115 3082 269 3158 Quousque
287 3082 418 3137 aruinam
435 3088 566 3136 nostram
592 3077 672 3136 tollis
684 3082 698 3134 Ρ
712 3089 743 3137 ut
755 3098 853 3158 provo-

111 3185 219 3248 enntes,
243 3171 361 3251 aliquam
389 3167 551 3229 criminandi
580 3190 675 3228 ansam
705 3171 851 3251 reperiant.

110 3264 192 3336 Quod
216 3263 289 3322 enim
319 3284 423 3342 semper
452 3261 501 3319 illo
521 3259 612 3320 aniuro
636 3261 851 3341 interrogarent,

110 3378 161 3415 non
176 3370 206 3415 ιιι
215 3354 357 3427 discerent,
373 3353 420 3412 sed
434 3367 462 3411 nt
472 3352 546 3411 dieta
560 3365 708 3433 carperent,
722 3373 774 3413 non
789 3354 854 3417 lrinc

108 3451 205 3526 solum,
221 3448 267 3507 sed
282 3461 307 3506 et
321 3445 432 3505 aliunde
454 3466 525 3525 sape
543 3445 683 3525 probatur.
706 3448 777 3505 Nam
790 3469 852 3508 curn

107 3553 272 3599 necessenrnt
282 3538 416 3597 dicentes:
427 3540 506 3595 Licet
518 3557 635 3595 censum
646 3538 718 3597 dirce
728 3539 848 3614 Coesnri,
864 3564 946 3611 mur,
962 3582 999 3613 2„

109 3641 217 3692 necne?
246 3646 272 3691 et
291 3652 353 3689 curn
376 3628 411 3688 de
430 3626 597 3709 repudianda
624 3649 709 3688 uxore
733 3647 850 3711 agerent,
863 3636 898 3688 ¹5·

107 3748 224 3804 cumque
236 3725 271 3784 de
284 3725 329 3784 illa
350 3721 558 3798 sciscitarentur,
574 3742 656 3799 quarn
671 3721 797 3783 dicebant
807 3746 851 3784 se-

107 3835 179 3900 ptem
189 3819 316 3878 habuisse
329 3816 410 3891 viros,
423 3812 579 3895 deprehensi
592 3826 665 3885 suut,
681 3835 734 3873 non
743 3815 851 3876 discen-

106 3912 135 3970 di
149 3911 249 3985 studio,
260 3909 306 3970 sed
318 3931 351 3969 ex
371 3928 456 3988 pravo
466 3903 557 3964 animo
571 3904 710 3964 sciscitari.
721 3906 777 3967 Sed
787 3922 850 3968 tunc

106 4003 168 4062 illos
180 4001 301 4081 coarguit
311 4000 354 4058 lris
365 3997 469 4071 verbis,
488 3996 566 4073 Quid
577 4016 623 4053 me
639 4002 769 4069 tentatis,
792 4002 849 4076 ley-
949 4070 953 4077 1

71 4101 246 4176 pyroente?
261 4090 401 4151 ostendens
420 4110 447 4146 se
465 4086 574 4144 illorum
588 4100 717 4147 secretam
733 4104 848 4152 mentem

106 4208 272 4269 cognoscere.
289 4184 342 4242 llic
356 4202 420 4242 vern
437 4177 505 4237 nihil
519 4178 639 4256 loquitur
649 4178 746 4257 simile,
758 4196 788 4241 nt
801 4203 849 4245 nos

106 4284 209 4355 doceat,
225 4276 393 4336 insidiatores
415 4291 468 4330 non
491 4290 596 4349 semper
610 4289 666 4328 esse
685 4273 847 4355 arguendos,

106 4375 153 4436 sed
165 4371 249 4431 rnrrlta
263 4366 381 4428 modeste
391 4378 417 4424 et
431 4374 568 4422 mansuete
580 4382 637 4421 csse
645 4361 764 4425 femndr.
777 4366 848 4439 Quia

106 4489 169 4545 ergo
191 4464 304 4524 stultum
327 4455 472 4538 erat,ipsis
486 4454 612 4535 operibus
630 4454 848 4540 predicantibus,

105 4561 250 4626 verborum
260 4550 408 4614 testimonia
424 4567 552 4628 quaerere,
563 4544 628 4605 audi
637 4547 772 4626 quomodo
782 4549 848 4633 ipsis

105 4651 273 4734 respondent,
289 4643 370 4705 simul
386 4638 560 4702 srrbindicans
584 4639 644 4699 hec
664 4639 726 4701 illos
747 4642 848 4705 frustra

105 4765 230 4825 quarere,
245 4760 297 4799 non
307 4733 427 4796 discendi
441 4754 530 4809 causa,
539 4744 565 4790 et
576 4730 740 4811 significans,
756 4735 848 4817 sejam

105 4837 196 4897 verbis
215 4834 280 4916 ipsis
301 4829 441 4890 clariorem
454 4824 573 4886 emisisse
585 4845 688 4905 vocem,
699 4847 747 4907 per
767 4849 848 4909 opera

107 4930 216 4988 scilicet.
232 4928 303 4985 Nam
316 4922 373 4981 eit:
389 4920 439 4979 25.
462 4918 542 4999 Sceps
555 4919 618 4976 dixi
629 4920 725 4991 vobis,
740 4930 771 4977 et
790 4939 849 4977 nors

108 5023 224 5081 creditis
236 5020 327 5076 milri:
340 5035 427 5095 opera
438 5034 502 5094 queo
518 5033 570 5093 ego
576 5011 663 5093 sncr'o
676 5014 707 5070 in
733 5015 850 5070 nomine

129 5246 137 5265 ¹
159 5228 203 5279 ,llil
216 5233 262 5280 tini
276 5234 335 5289 qun.

662 5290 701 5337 etl
