3750 5940
56 479 65 498 .
93 450 211 499 nunt.
239 426 286 499 tl.
313 450 423 500 nxxu.
770 422 842 523 495

100 572 186 634 dum:
203 595 265 634 nam
279 574 397 655 Spiritus
408 586 500 654 postea
509 573 619 633 ueniens
631 585 716 633 totam
728 570 784 631 illis
797 591 842 631 oo·

100 668 248 747 gnitionem
272 669 372 742 intulit.
397 668 455 729 Hoc
478 680 568 728 autem
595 665 657 727 nult
678 664 768 727 dicere
787 688 795 726 :
811 664 842 725 si

101 783 188 821 meam
206 763 317 823 nossetis
334 762 511 824 suhstantiam
523 774 550 822 et
566 758 736 840 dignitatem,
753 758 843 819 Patris
922 797 926 804 -

101 876 207 934 quoque
224 855 344 915 nossetis.
359 857 399 916 Et
420 855 506 914 modo
522 856 699 934 cognoscetis
718 872 794 925 eum,
814 864 844 912 et

101 949 218 1008 vidistis
229 969 294 1009 eum
306 947 434 1020 (alterum
444 945 544 1023 futuri,
554 945 671 1005 alterum
680 942 842 1026 praesentis);

101 1038 153 1099 hoc
166 1052 218 1116 cst,
230 1061 277 1121 per
291 1060 342 1099 me.
360 1038 502 1101 Visionem
514 1057 578 1100 vero
591 1035 673 1112 dicit,
688 1035 786 1096 mentis
799 1055 843 1096 oo·

101 1132 257 1212 gnitionem.
272 1132 327 1192 Eos
341 1133 413 1193 enirn
429 1132 476 1212 qui
491 1130 634 1208 videntur,
648 1150 791 1212 possumus
802 1129 845 1189 vi·

101 1226 165 1288 dere
178 1242 204 1288 et
217 1228 357 1308 ignorare:
370 1248 414 1289 eos
427 1246 491 1289 vero
505 1226 552 1305 qui
567 1236 773 1305 cognoscuntur,
790 1244 843 1285 non

65 1322 85 1369 Ι)
102 1342 244 1401 possumus
257 1333 448 1402 oognosoereet
458 1320 589 1400 ignorare.
603 1316 667 1377 ldeo
678 1317 730 1393 ait,
744 1319 786 1378 Et
797 1322 843 1378 ui·
882 1313 996 1390 Vistopm

101 1415 184 1473 distis
198 1435 276 1483 eum;
290 1426 321 1473 ut
332 1414 406 1474 visus
419 1425 472 1487 est,
485 1412 587 1491 inquit,
599 1423 625 1471 et
634 1409 746 1491 augelis.
760 1411 844 1490 Atqui
851 1388 997 1497 ,sillaim

103 1527 155 1566 non
176 1506 234 1588 ipsa
255 1508 403 1567 substantia
421 1506 481 1567 visa
499 1519 558 1583 est;
579 1503 627 1566 sed
646 1517 735 1565 umen
755 1501 871 1567 visam¹·
890 1502 949 1546 ttm.
971 1501 993 1546 ³·

102 1622 158 1660 esse
169 1600 254 1676 dicit,
269 1615 300 1660 ut
313 1599 441 1664 videlicet
456 1598 548 1664 videre
563 1611 696 1683 poterant.
713 1599 761 1663 sic
778 1620 843 1660 vero
857 1568 891 1613 ’δ’

101 1695 229 1772 loquutus
243 1705 291 1769 est,
303 1705 334 1752 ut
349 1692 438 1754 discas
450 1713 513 1754 eum
522 1693 570 1772 qui
582 1693 673 1775 ipsum
686 1693 773 1774 novit,
790 1696 845 1757 Ge·

103 1787 332 1866 nitoremquoque
346 1788 404 1868 ejus
423 1808 508 1848 nosse.
523 1785 751 1871 Videbantporro
764 1789 845 1850 illum

103 1901 155 1939 non
176 1878 247 1938 nuda
268 1879 430 1957 substantia,
443 1878 491 1940 sed
511 1900 591 1943 carne
614 1881 748 1942 indutum.
771 1882 846 1943 tlibi

102 1993 209 2051 quoqne
231 1971 361 2034 visionem
379 1973 558 2054 cognitionem
583 1974 714 2056 appellat3
732 1983 764 2035 ut
784 1996 847 2035 cum

103 2067 170 2126 dicit
184 2069 288 2128 :Beati
297 2070 406 2129 mundo
416 2071 514 2146 eorde,
528 2075 669 2154 quoniam
682 2075 738 2152 ipsi
749 2073 846 2132 Deum
859 2092 998 2142 turrate.

104 2162 257 2221 videbunt.
279 2160 397 2224 Mundus
416 2177 507 2223 autem
527 2162 610 2242 dicit,
633 2184 687 2226 non
707 2175 847 2226 tantuma

103 2252 292 2330 fornicatione,
306 2253 353 2314 sed
367 2277 384 2315 a
398 2255 514 2338 peccatis
533 2254 660 2318 omnibus
675 2280 681 2315 ι
694 2277 757 2320 nam
769 2278 848 2319 omne

105 2359 243 2425 peccatum
253 2347 387 2409 maculam
399 2346 470 2409 indit
482 2348 588 2434 animae.

69 2624 88 2672 e
146 2611 173 2670 3.
196 2610 273 2670 Nihil
293 2610 386 2690 itaque
394 2630 447 2692 non
461 2630 586 2690 agamus,
601 2623 631 2670 ut
646 2609 737 2672 sordes
747 2611 849 2674 abster-

106 2723 209 2781 gamus.
226 2702 362 2781 abstergit
375 2716 465 2762 autem
482 2702 572 2784 primo
585 2702 738 2780 lavacrum
752 2700 850 2763 deinde

105 2795 164 2854 uliae
182 2794 273 2853 multae
294 2808 319 2854 et
338 2795 419 2854 variae
441 2794 502 2855 viar'.
518 2795 587 2854 Nam
610 2795 725 2856 clemens
738 2796 850 2857 sumsit

105 2893 195 2963 Deus,
210 2890 277 2949 alias
299 2890 376 2951 nobis
394 2889 537 2968 variasque
547 2889 621 2966 vias,
635 2889 736 2969 quibus
750 2911 849 2972 purge-

105 3004 183 3058 mur,
207 2982 326 3063 apernit,
349 3002 465 3061 quarum
492 2981 580 3063 prima
606 2994 646 3044 eat
670 2981 851 3067 eleemosyna„

105 3075 291 3157 Eleemosynis
310 3076 381 3137 enim
394 3090 420 3135 et
432 3074 486 3135 lide
506 3090 658 3156 purgantur
673 3090 791 3158 peccata,
807 3077 848 3137 in.
861 3084 999 3132 nectunt.

60 3221 97 3262 m
106 3168 173 3247 quit.
185 3168 370 3249 Eleemosynis
377 3213 386 3244 ,
400 3168 511 3247 inquam
517 3213 527 3247 ‚
538 3189 590 3227 non
601 3190 635 3230 ex
647 3168 739 3249 inique
747 3172 847 3251 partis:

71 3261 175 3322 aillud
195 3262 267 3320 enim
281 3281 334 3321 non
355 3261 539 3344 eleemosyna,
559 3261 605 3323 sod
625 3261 809 3325 inhumanitas
822 3278 849 3325 et

107 3355 251 3415 crudelitas
264 3369 313 3414 cst.
331 3355 400 3427 Quae
410 3355 481 3414 enirn
496 3354 599 3414 utilitas
615 3355 731 3415 alterum
749 3356 849 3437 spolia·

106 3469 146 3523 rc,
158 3448 272 3506 alternm
286 3446 415 3506 induere?
430 3445 647 3507 Amisericordia
662 3447 849 3530 incipiendum

105 3553 144 3599 est
159 3539 300 3618 :alioquin
319 3539 471 3600 immanitas
493 3552 569 3599 esset.
587 3538 647 3600 Etsi
669 3539 741 3602 enine
759 3544 849 3603 omnia

105 3632 192 3691 aliona
209 3632 319 3709 demus,
334 3632 404 3692 nihil
417 3631 482 3690 hinc
499 3630 569 3690 lucri
588 3631 676 3709 nobis,
691 3646 723 3694 ut
732 3634 848 3695 ostendit

106 3726 261 3802 Zacchaeus,
275 3725 322 3804 qui
334 3747 362 3785 se
371 3728 459 3786 Deum
472 3726 578 3807 placare
595 3725 663 3784 dicit
677 3724 767 3786 dando
777 3750 845 3807 qua·
859 3754 914 3801 zue.
932 3767 968 3814 ¹9·

104 3819 234 3899 duuplnm
255 3838 348 3877 eornm
362 3839 420 3898 quae
439 3830 575 3897 rapuerat.
593 3819 649 3879 Nos
663 3839 727 3878 vero
741 3819 789 3897 qui
805 3820 848 3879 in·
857 3812 881 3862 ⁸·

105 3936 216 3974 numera
232 3913 364 3993 rapimus,
380 3926 406 3972 et
419 3932 506 3993 pauca
518 3909 626 3988 damus,
641 3911 750 3992 placate
759 3913 849 3973 Deum

104 4021 241 4086 putamus,
253 4005 406 4084 ignorantes
416 4024 463 4062 nos
473 4002 552 4062 illum
561 4003 646 4085 magis
657 4003 774 4066 ἰπίιιιω.
784 4005 849 4082 Dic,

105 4119 205 4176 quaeso,
227 4096 306 4169 milri,
322 4094 346 4156 si
368 4094 474 4154 asinum
497 4107 636 4155 mortuum
651 4109 676 4155 et
690 4095 815 4158 loetidunr
833 4119 849 4157 e

105 4189 194 4249 triviis
215 4188 252 4248 ad
267 4210 342 4247 anain
361 4201 477 4246 tractum
502 4187 611 4247 offeffes
624 4188 653 4247 in
669 4189 847 4267 sacrificinm,

106 4304 192 4341 nonne
216 4295 241 4340 tc
263 4302 354 4340 omnes
376 4278 528 4359 lapidarent
546 4294 576 4339 ut
595 4278 711 4362 impium
727 4295 753 4341 et
773 4303 848 4342 exse·

70 4383 87 4430 B
106 4374 257 4434 orandum?
279 4372 355 4444 Quid
378 4393 453 4446 vcro,
468 4372 490 4430 si
504 4371 628 4453 probem,
637 4372 801 4434 sacrificium
813 4396 848 4435 ex

106 4467 200 4548 rapina
226 4465 312 4545 magis
333 4463 528 4526 exsecrandum
551 4485 622 4543 esse,
649 4487 732 4545 quarn
751 4465 849 4528 delen-

107 4563 207 4620 sionem
235 4558 413 4618 habebimus?
437 4558 571 4618 Ponamus
601 4558 674 4619 enim
711 4559 850 4621 ciurdium

106 4675 140 4713 cn
159 4653 254 4735 rapina
271 4666 380 4733 parturn
406 4674 412 4707 ε
437 4671 526 4711 annon
547 4652 635 4731 magis
654 4652 745 4728 l'oetet,
767 4675 850 4733 quam

107 4746 197 4805 asinus
220 4743 362 4804 mortuus?
381 4743 432 4807 Vis
456 4743 561 4804 discere
579 4759 697 4823 quantus
724 4744 758 4805 sit
785 4768 850 4827 pec-

108 4838 160 4898 cati
193 4838 290 4897 loetor?
312 4836 384 4896 ,ludi
411 4837 571 4919 prophetam
596 4837 730 4898 dicentem
758 4863 764 4894 :
789 4841 1000 4920 Ptt·t³sat.37.6.

109 4943 240 4991 truerunt
257 4943 284 4987 et
298 4942 439 5009 corruptae
461 4943 529 4989 sum
542 4934 693 4990 cicatrices
707 4951 787 4990 meae.
805 4932 850 4990 Tu

109 5046 173 5083 vcro
191 5024 277 5081 Drurn
298 5022 387 5082 verbis
408 5021 536 5102 precaris,
550 5037 580 5082 nt
596 5023 726 5083 sceletum
742 5035 851 5083 tuorum

132 5209 144 5245 ¹·
158 5204 203 5256 Alii
215 5216 306 5276 (trapis.
