3750 5940
55 426 204 507 usxxto'.
230 431 279 507 sl.
307 455 448 536 nrxxvr.
776 435 848 535 597

101 578 176 659 quod
187 600 244 640 sese
257 581 380 643 millibus
393 594 516 662 torqueat
524 580 765 660 sollicitudinibus,
773 582 852 643 labo-

100 673 194 750 ribus,
207 675 377 736 meroribm.
389 678 460 736 llam
471 675 697 758 peregrinationes
709 675 848 758 suscipiet,
897 688 1005 733 Pausi·-

100 765 234 846 pericula,
254 766 368 828 insidias
387 781 415 828 et
438 768 551 848 quidvis
568 766 657 845 eliud,
679 780 710 829 ut
730 767 851 852 rdicem
860 765 1004 859 ‘'zfflff

100 856 234 917 malorum
248 878 339 919 seeum
357 859 469 936 habeat,
485 872 512 918 et
526 859 644 919 multum
660 873 783 920 numeret
802 830 972 937 amlnmpnm.

101 948 136 1006 ri.
153 947 229 1021 Quid
241 948 290 1008 illo
303 950 398 1011 morbo
420 951 532 1032 gravius
551 951 650 1011 fuerit?
664 952 735 1011 llam
749 964 776 1010 et
791 951 854 1013 cibo

101 1041 293 1121 voluptateque
306 1043 397 1119 omni,
408 1043 444 1102 ob
458 1064 540 1123 quam
558 1043 644 1103 solent
656 1043 780 1104 homiues
790 1064 854 1126 pec·

101 1151 162 1191 care
171 1132 305 1211 multum,
320 1135 459 1216 privatur,
471 1155 572 1196 necnon
585 1135 674 1215 gloria
690 1136 854 1216 honoreque.

102 1222 209 1283 Etenim
218 1225 266 1305 qui
275 1226 403 1307 pecunias
413 1241 499 1304 amat,
510 1227 665 1288 innumeros
673 1226 797 1288 homiues
808 1249 855 1288 su·

101 1327 204 1393 spector
228 1315 328 1392 babet,
348 1317 501 1396 multosque
527 1331 710 1394 accusatores,
730 1316 854 1394 invidos,

65 1435 84 1483 ρ
101 1405 321 1485 calumniatores,
332 1408 510 1470 insidiatores.
522 1409 632 1470 Etenim
641 1411 688 1491 qui
699 1411 799 1492 injuste
808 1410 857 1470 lae·

101 1497 217 1577 duntur,
229 1500 293 1560 odio
305 1501 423 1580 babent,
437 1516 530 1584 utpote
542 1503 590 1583 qui
603 1504 674 1564 male
688 1503 761 1584 possi
773 1502 829 1563 sint
846 1525 855 1560 τ

102 1589 150 1667 qui
171 1591 292 1651 nondum
315 1592 373 1653 lassi
392 1609 470 1666 sunt,
484 1595 579 1654 timent
600 1616 635 1655 ne
655 1594 806 1677 patiantur,
828 1609 857 1654 et

101 1703 165 1762 erga
180 1684 260 1744 lases
272 1686 503 1748 commiseratione
518 1687 605 1767 ducti,
620 1687 674 1748 boc
690 1687 780 1770 ipsum
796 1687 863 1747 hel--

101 1773 160 1835 lum
178 1777 330 1858 suscipiunt
344 1803 351 1836 ε
363 1780 506 1861 optimates
524 1801 590 1842 vem
604 1795 630 1840 et
641 1779 804 1862 potentiores
819 1780 858 1840 de

102 1870 214 1930 minoris
224 1871 387 1933 conditionis
401 1873 558 1934 hominibus
571 1874 767 1934 stomachantes
777 1886 804 1933 et
812 1872 857 1932 iu·

101 1962 315 2042 dignantes,tum
323 1965 404 2024 etiam
414 1966 469 2025 illis
480 1965 642 2045 invidentes,
649 1966 752 2048 pariter
760 1985 858 2026 eorum

101 2069 164 2114 sunt
171 2055 275 2114 inimici
282 2069 307 2115 ct
314 2056 414 2117 hostes.
425 2055 531 2137 Ecquid
539 2056 854 2137 dehominibusloquor?

102 2147 171 2205 Cum
179 2147 240 2226 quis
246 2147 421 2208 Deumbabet
428 2149 641 2228 inimicumque
648 2150 787 2231 illipostea
794 2168 857 2230 spes

101 2238 230 2318 critiquae
239 2240 399 2300 consolatio?
407 2239 481 2320 quod
489 2239 855 2321 refrigeriumi’l’eeuniarum

101 2344 207 2390 amator
221 2332 277 2392 illis
289 2353 439 2412 numquam
452 2332 494 2392 uti
506 2333 622 2413 poterit3
635 2333 682 2394 sod
697 2354 792 2410 servm
807 2352 855 2393 cu·

101 2425 279 2504 stosqueerit,
292 2446 346 2485 non
361 2426 499 2486 dominus.
516 2427 587 2486 Cum
597 2426 669 2486 enim
683 2427 775 2508 plures
785 2446 856 2486 sem·

64 2533 84 2579 t>
102 2538 150 2596 per
162 2519 302 2594 acquirere
315 2519 431 2598 studeat,
446 2540 580 2602 nusquam
601 2518 757 2601 impendere
769 2518 855 2596 solet,

101 2608 149 2669 scd
158 2610 211 2669 sibi
222 2610 275 2693 ipsi
288 2634 434 2694 expensam
451 2613 586 2692 detrahet,
599 2613 774 2693 omniumque
787 2633 856 2694 pau·

101 2723 197 2782 perum
216 2705 407 2784 pauperrimus
426 2707 488 2784 erit,
508 2720 601 2788 utpote
616 2705 664 2785 qui
680 2704 856 2786 cupiditatem

102 2793 195 2853 sistere
212 2810 335 2874 nequeat.
355 2797 437 2877 Atqui
461 2798 581 2879 pecunia
596 2796 656 2857 ideo
670 2810 743 2876 sunt,
759 2817 812 2856 non
826 2809 857 2856 ut

102 2885 163 2946 illas
179 2886 371 2966 custodiamus,
386 2888 433 2948 sed
447 2904 478 2950 ut
491 2890 524 2951 iis
539 2904 656 2949 utamur.
674 2889 756 2962 Quod
771 2889 795 2949 si
809 2910 856 2950 ve-

101 2979 184 3040 limus
195 2981 255 3040 illas
269 2982 329 3041 aliis
345 2982 483 3061 deludere,
496 2981 562 3062 quid
577 2982 656 3042 uobis
675 2981 857 3043 miserabilius

101 3073 194 3150 luerit,
212 3073 260 3152 qui
280 3073 519 3135 circumcurrimus
534 3075 569 3134 ad
584 3073 761 3154 acquirendas
781 3074 854 3154 illas,

102 3179 131 3224 ut
143 3187 186 3225 eas
200 3166 361 3226 claudamus
372 3181 398 3226 et
412 3167 522 3227 illarum
535 3189 705 3228 communem
716 3189 797 3228 usum
807 3189 856 3228 au-

100 3258 239 3319 feramus?
255 3260 305 3319 Est
319 3260 391 3319 enirn
402 3261 472 3320 alius
485 3283 593 3341 quoque
608 3261 719 3322 morbus
733 3281 785 3322 non
804 3261 856 3321 mi·

100 3373 150 3411 nor
162 3352 304 3413 istoriam
317 3351 348 3410 hi
362 3353 391 3412 in
407 3366 507 3412 terram
521 3351 675 3432 defodiunt,
691 3351 734 3413 illi
745 3351 773 3412 in
787 3373 851 3414 vea-

64 3445 83 3492 Ε
101 3459 181 3522 trem,
211 3446 394 3526 voluptatem,
420 3445 588 3525 ebrietatem,
608 3458 635 3506 et
652 3445 705 3506 sibi
727 3445 809 3505 simul
830 3457 856 3504 et

102 3531 255 3616 iniqnitatis
275 3552 301 3598 et
322 3538 440 3598 lascivias
458 3539 625 3620 supplicium
642 3538 786 3621 adjiciunt.
801 3539 857 3599 lllii

102 3632 226 3711 parasitis
245 3645 270 3691 et
289 3630 488 3710 adulatoribus,
504 3632 552 3692 alii
570 3632 644 3692 ludis
665 3646 692 3693 et
709 3631 857 3693 meretrici·

101 3722 165 3800 bus,
178 3725 225 3783 alii
237 3724 374 3784 similibus
394 3724 524 3806 impensis
546 3724 676 3807 gaudent,
699 3726 854 3785 innumeras

101 3817 152 3885 sibi
164 3817 198 3877 ad
210 3818 360 3898 gebennam
368 3832 492 3899 parantes
501 3818 573 3896 vias,
586 3840 648 3878 cum
659 3818 741 3878 semel
752 3831 853 3878 rectam

101 3925 126 3971 et
149 3911 320 3972 constitutam
345 3911 420 3973 viam
439 3911 616 3990 reliquerunt,
636 3933 697 3991 qum
715 3909 750 3970 ad
774 3909 854 3971 caelos

99 4004 185 4064 ducit.
202 4005 285 4083 Atqui
301 4004 348 4084 qui
364 4004 434 4063 hanc
458 4004 582 4086 suscipit,
602 4024 656 4064 uon
669 4004 751 4064 modo
764 4004 853 4085 majus

100 4097 221 4173 lucrum,
237 4097 284 4157 sed
304 4097 435 4178 majorem
450 4096 542 4175 etiam,
557 4117 639 4175 mam
657 4096 710 4175 illi,
726 4096 853 4177 volupta-

56 4204 156 4265 mrem
171 4203 334 4269 assequatur.
348 4188 404 4261 Qui
424 4188 497 4248 enim
517 4187 703 4247 meretricibus
721 4186 851 4267 largitur,

65 4283 85 4329 Α
101 4283 233 4342 ridiculus
242 4283 292 4341 erit
303 4296 329 4341 et
339 4281 437 4363 turpis,
450 4295 476 4340 et
487 4281 572 4339 multa
588 4279 715 4361 suscipiet
726 4278 811 4356 bella,
823 4292 852 4339 et

100 4376 267 4457 voluptatem
285 4376 408 4449 brevcm;
422 4373 477 4433 imo
494 4392 541 4431 uec
554 4371 665 4431 brevem
683 4395 690 4429 :
706 4385 851 4450 quantum·

100 4490 215 4546 cumque
226 4467 298 4527 enim
311 4469 407 4526 scortis
419 4464 536 4542 dederit,
553 4463 658 4523 nullam
670 4463 724 4524 illae
735 4464 850 4544 gratiam

99 4560 248 4618 habebunt.
269 4560 392 4618 Dulium
416 4561 496 4617 enim
516 4569 669 4638 pertusum
685 4569 729 4616 est
745 4556 927 4619 domuserov.
946 4570 986 4618 23.

100 4655 210 4713 aliena.
224 4652 354 4732 Alioquin
365 4665 454 4711 autem
465 4649 588 4733 petulans
602 4662 642 4709 est
656 4669 740 4730 genus
753 4649 851 4708 mulie·
862 4649 900 4696 ’7-

100 4747 156 4820 bre,
166 4747 277 4827 ejusque
286 4765 405 4804 amorem
416 4743 519 4803 inferno
531 4741 698 4823 comparavit
710 4741 851 4802 Salomon:

101 4856 126 4900 et
139 4856 204 4901 tunc
217 4842 305 4900 solum
319 4854 413 4915 cessat,
424 4860 486 4899 curn
497 4852 631 4898 amantem
641 4837 717 4898 videt
726 4837 853 4897 omnibus

101 4934 248 5010 nudatum,
262 4935 315 4993 imo
331 4954 363 4993 ne
374 4947 438 4992 tunc
458 4931 568 5012 quidem
588 4945 688 5008 cessat,
704 4929 752 4990 sed
766 4928 853 5010 magis

101 5041 263 5102 exornatur,
280 5041 306 5086 et
319 5024 419 5107 jacenti
435 5024 560 5100 insultat,
578 5024 711 5103 illumque
727 5021 853 5082 deriden-

102 5121 169 5180 dum
182 5120 304 5199 exhibet,
318 5131 409 5198 totque
423 5117 502 5179 malis
516 5117 616 5194 allicit,
629 5129 695 5196 quot
708 5136 742 5175 ne
754 5112 854 5176 deseri-
