3750 5940
309 410 341 456 ΙΝ
368 410 482 474 ILLUD,
511 409 756 457 COLLRGERUNT
778 410 880 456 Jttttffit
907 412 984 458 utu.

57 543 133 593 ιεῑται
148 538 219 609 θμῖν.
236 534 290 594 Νῦν
301 533 329 594 δὲ
340 537 369 594 οδ
383 534 448 614 πρὸς
462 534 600 612 μετάνοιαν
613 533 654 592 λέ·

57 611 217 690 ποιήσωμεν,
241 612 327 684 ἀλλά,
349 612 385 671 Τί
407 613 575 690 ποιήσωμεν,
598 615 654 679 πῶς

57 715 81 752 εν
102 690 145 751 τόν
160 692 279 765 δίκαιον,
294 690 369 759 ‘ssed
385 691 495 771 Ἰσραὴλ
507 694 653 772 Ι’φρενολυ·

57 772 73 831 θ
86 778 163 832 τοῦτο
180 774 229 833 οὐκ
242 772 370 845 ἤκουσας,
389 771 431 832 ότι
446 771 541 851 Ἀθῷον
554 771 600 830 καὶ
615 772 654 829 δί-

57 855 215 925 ίποκτενεῐς,
238 855 296 912 Οὐκ
316 850 413 931 ἤρκεσέ
434 875 476 910 σοι
499 849 533 910 τά
556 854 655 931 ἀρχαῖα

57 936 87 991 ῦν
102 929 222 1010 αἵματα,
240 931 291 990 Καὶ
305 930 357 1011 γάρ
373 929 454 1010 μέχρι
470 935 515 988 τοῦ
529 938 574 991 νῦν
590 931 654 1008 κρά-

57 1011 86 1071 δν
102 1012 181 1083 Θεδν,
192 1011 241 1081 τὴν
255 1011 319 1091 παρ’
331 1013 409 1070 αὐτοῦ
431 1008 564 1082 ἐκδίκησιν
583 1011 656 1068 ἐκθε-

57 1092 77 1148 λ’
89 1089 179 1169 ἀκμὴν
193 1090 300 1156 ἐκείνως
316 1097 370 1158 τοῖς
382 1087 476 1166 αἵμασι
490 1089 654 1168 προστιθείς,

58 1169 142 1231 ίκαιον
156 1160 224 1248 αἷμα
238 1169 420 1249 κατακρίνεις,
443 1167 488 1227 κοιλ
502 1169 602 1247 λέγεις,
619 1169 656 1227 Τί

60 1248 100 1309 Ὦ
112 1248 222 1330 γνώμης
235 1248 402 1328 ἀγνώμονος,
414 1248 460 1307 κοιλ
472 1249 567 1327 βουλῆς
577 1247 653 1306 οἰόουΙ

57 1330 167 1407 ωμένης.
182 1328 216 1389 ‘0
225 1329 402 1410 τετραήμερος
417 1330 502 1386 αὐτῶν
512 1325 653 1387 ἀνεῦίωσε·

57 1413 84 1467 iv
98 1409 300 1491 ἁμαρτημάτων
323 1407 525 1488 διερρήγνυντο·
539 1409 654 1467 κάκεῖνοι

57 1487 112 1547 νίαν
130 1489 191 1548 κατ’
206 1491 284 1548 αὐτοῦ
299 1488 453 1556 ὡπλίζοντο.
467 1484 533 1546 lave·
547 1477 584 1545 dv
602 1487 654 1546 ἔδει

57 1567 261 1648 ιταστρέψαντας
274 1570 367 1641 εἰπεῖν,
380 1566 416 1626 Τί
436 1565 599 1644 ποιήσωμεν,
615 1565 656 1624 ὅτι

57 1647 214 1727 υῦρίσαμεν,
226 1646 268 1706 ότι
276 1649 313 1714 εἷς
322 1647 366 1705 τὸν
378 1653 424 1706 τοῦ
433 1648 503 1706 Θεοῦ
516 1647 599 1704 παῖδα
609 1649 655 1706 οὐκ
673 1663 692 1709 C

57 1750 89 1800 ιν,
106 1727 142 1786 Τί
157 1727 323 1804 ποιήσωμεν,
349 1729 400 1785 λεπ
439 1749 452 1783 ν
471 1724 655 1806 χολαζώμοιτα

57 1831 71 1864 υ
85 1811 123 1888 τῷ
141 1807 173 1866 λό
190 1832 212 1886 ῳ
227 1805 353 1874 ἀπέὶεσε,
370 1749 517 1884 salvenere
534 1807 581 1863 οὐκ
595 1807 655 1863 ἐπι-

61 1887 98 1946 Τί
121 1909 293 1962 ποιησωμεν,
312 1881 423 1965 τυφλοὺς
437 1884 471 1943 ἐκ
482 1887 587 1963 γενετῆς
609 1887 654 1943 ὑπ’

57 1965 179 2034 τιθέντας
192 1966 317 2043 ἔγνωμεν,
331 1965 376 2038 καὶ
390 1962 473 2042 τούτῳ
484 1963 655 2024 οὐκέπιστεό-

57 2045 204 2123 οιήσωμεν,
216 2049 246 2104 ἐκ
256 2045 334 2103 πέντε
347 2044 433 2123 ἀρτων
445 2042 524 2102 πέντε
526 2043 656 2181 peloride<

61 2125 154 2206 ἐρήμῳ
167 2127 212 2183 ὑπ’
232 2125 310 2184 αὐτοῦ
324 2121 512 2204 διοτραφέντοις
539 2146 653 2201 γνωμεν,

57 2207 88 2264 θκ
106 2203 307 2281 ἐπιστεύσαμεν.
329 2201 365 2262 Τί
384 2202 550 2280 ποιήσωμεν,
569 2202 656 2282 πηγάς

57 2283 177 2351 κσπέδοις
191 2284 302 2361 ἱματίων
315 2281 438 2362 liuponi,
453 2282 498 2341 καί
510 2283 594 2363 τούτῳ
609 2287 656 2342 οὐκ

59 2388 82 2423 ν.
95 2363 131 2422 Τί
142 2366 307 2440 ποιήσωμεν,
320 2362 498 2441 παραλυτικὸν
509 2362 553 2420 ἐπί
566 2360 656 2436 κλίνης

70 2445 98 2502 έν
111 2443 253 2522 τριάκοντα
272 2443 318 2501 καλ
340 2441 409 2501 ὀκτὼ
431 2440 500 2500 ἔτεσι
514 2441 656 2521 σόγρονον

57 2527 124 2594 ζωῆς
136 2521 185 2595 ebo
196 2522 270 2582 νόσον
285 2521 399 2601 ἔχοντα,
418 2521 516 2600 ῥήματι
527 2520 655 2602 ἐξηγειρε,

57 2606 92 2662 dx
103 2601 306 2679 ἐπιστεύσαμεν.
317 2604 343 2661 Τ
345 2600 354 2659 ί
368 2600 538 2678 ποιήσωμεν,
551 2600 595 2660 ἐπὶ
609 2607 655 2661 θα·

57 2683 81 2741 iv
95 2686 305 2764 περιπατοῦντα,
320 2681 440 2759 καθάπερ
463 2679 508 2739 tel
528 2681 653 2760 ἐδάφους,

57 2811 60 2829 ‚
83 2762 193 2820 καὶτῶν
209 2760 394 2842 παλιστρόφων
415 2758 572 2837 πνευμάτων
598 2761 692 2839 βίαςγ)

68 2842 228 2911 ἀνηκέστως
238 2838 348 2916 νεύματι
361 2838 449 2920 χειρὸς
460 2839 655 2917 καταοιγήσαν-

72 2921 119 2980 κοιλ
132 2919 217 3003 τούτῳ
231 2923 280 2979 οὐκ
294 2918 580 2996 tormentantur
593 2919 652 2979 ἔλε-

57 3000 179 3078 ήσωμεν,
192 3003 240 3059 οὐκ
254 3001 280 3058 ἐν
292 3003 330 3079 τῷ
344 3007 490 3076 μετανοεῖν,
507 2999 565 3058 ἀλλ’
578 3001 605 3057 ἐν
615 3003 654 3079 τῷ

57 3107 74 3139 ι.
96 3079 130 3139 ‘ll
147 3079 223 3160 ·ώρα
238 3082 324 3138 αὐτῶν
345 3077 405 3144 τοὺς
424 3074 529 3158 νεκροὺς
542 3080 653 3151 ζῶντας,

57 3159 136 3242 ipone<
147 3105 317 3238 λευχείμονας
328 3159 373 3217 καλ
383 3156 462 3216 πεπεί
480 3180 532 3231 ους,
551 3157 654 3226 ἀπόνως

71 3245 188 3300 κάκεῖνοι
211 3238 355 3306 ἐστέναζον.
385 3235 432 3309 Μὴ
458 3181 479 3294 d
500 3236 653 3317 έσπείροιτε,

57 3327 82 3379 ἰκ
94 3319 243 3399 ἐθερίσοιτε,
263 3317 300 3394 μὴ
316 3317 367 3396 γάρ
382 3340 420 3383 τις
442 3319 515 3393 ὑμῶν
530 3315 655 3385 θποδεξά-

57 3399 131 3481 ,όριον
144 3397 288 3479 έόαριίνθη,
309 3397 336 3455 τί
350 3394 525 3472 ζημιωθέντες
546 3395 654 3476 ἐῦαρόν·

57 3479 154 3551 κήθητε
167 3477 241 3560 παρὰ
254 3483 300 3535 τοῦ
315 3480 400 3547 Θεοῦ,
420 3476 447 3533 τί
467 3473 527 3543 τοὺς
549 3475 655 3558 νεκροὺς

57 3583 76 3618 τε
85 3558 137 3618 berb
150 3557 243 3638 φθόνου
256 3556 441 3633 ἐλαυνόμενοι,
455 3555 482 3613 τί
495 3552 554 3621 τοὺς
569 3556 656 3614 ἀεννά-

57 3643 96 3711 τῆς
106 3636 260 3717 μελιῤῥότου
269 3639 359 3714 πηγῆς
368 3637 491 3694 διαλῦσαι
501 3630 514 3666 ¹³
523 3634 655 3713 dorilensis,

58 3743 85 3786 ες
104 3718 142 3795 μὴ
159 3718 268 3796 διψῶσι,
288 3716 315 3774 τί
330 3713 389 3781 τοὺς
412 3713 561 3795 ἀρρώστως
581 3719 654 3793 ὑμῶν

63 3798 128 3870 ,τὸν
136 3795 223 3877 ἰατρὸν
236 3796 320 3854 αὐτῶν
329 3792 479 3853 ἀναλίσκειν
493 3792 654 3873 βουλόμενοι,
675 3812 692 3857 Ε

57 3899 84 3935 ον
102 3876 207 3936 πάντων
228 3873 309 3942 αἴτιος
324 3879 338 3933 ὁ
351 3873 475 3939 κάκιστος
497 3872 596 3954 φθόνος.
618 3869 655 3933 Ὦ

57 3981 65 4015 ν
87 3954 233 4034 γεννήτωρ,
258 3952 379 4013 διαῦόλου
402 3951 520 4031 εὕρημα,
543 3952 655 4012 θανάτου

57 4035 138 4175 idme,
150 4033 247 4138 θμήτμ
262 4031 321 4172 τρθς
345 4031 395 4131 θμὸ
414 4039 460 4091 σοῦ
482 4032 657 4171 βρσκαινομέ-

496 4133 510 4168 0
641 4147 656 4156 .-

57 4136 258 4267 cunr
276 4115 656 4271 sternuntur.

57 4298 95 4348 ιης
108 4272 252 4343 ἀντίπαλε,
265 4271 370 4350 ἀγάπης
384 4271 515 4340 ἀντίδικε,
533 4271 655 4329 διαῦολου

72 4351 268 4431 σκοτεινόχροον
293 4351 381 4416 ἀνθος·
406 4349 433 4409 οἵ
449 4373 478 4409 σε
500 4348 655 4428 νεμόμενοι,

57 4458 85 4493 κν
99 4433 267 4512 έργάζονται·
282 4428 313 4488 σὺ
328 4428 356 4489 δὲ
370 4430 414 4489 τὸν
428 4428 512 4507 Ἀδάμ
528 4434 554 4490 ἐν
566 4452 657 4511 παρα-

57 4517 102 4594 γῆς
114 4512 277 4583 edessanae,
292 4509 338 4569 καί
349 4509 471 4588 γλυκείας
484 4511 579 4581 ἡδονῆς
591 4514 657 4569 ἀπο·

1376 387 1448 461 665

707 533 783 593 nobis
801 558 807 589 :
823 537 1003 614 propnetam
1024 535 1061 592 de
1073 536 1224 615 fratribus
1238 540 1355 609 vestris,
1371 541 1446 596 sicut
1459 558 1526 602 neor.
1545 558 1581 606 vs.

707 635 751 671 me
761 617 914 672 suscitabit
921 617 1007 672 vobis
1016 616 1160 673 Dominus
1175 617 1268 684 Deum
1283 619 1378 696 ipsum
1393 636 1446 674 au·
1460 622 1495 668 15·

706 694 791 752 dietis
813 693 842 752 iu
862 693 988 752 omnibus
1010 714 1070 771 quae
1091 694 1229 773 imperarit
1249 695 1327 753 vobis
1340 684 1353 753 i
1367 698 1447 754 Nunc

706 786 861 831 autemnon
882 771 918 830 ad
937 773 1123 853 penitentiam
1146 773 1250 847 dieunt,
1279 775 1358 852 Quid
1385 779 1445 832 aci-

707 859 793 910 mus?
806 850 863 924 sed,
878 854 958 929 Quid
968 855 1113 933 facimus?
1129 874 1182 931 quo
1196 851 1277 912 modo
1292 854 1348 912 oeci
1371 875 1445 912 emus

703 931 830 1009 justum?
844 932 882 990 Ut
894 945 982 991 mente
995 945 1089 1012 captus
1101 946 1141 991 est
1152 931 1244 991 Israel.
1255 934 1295 992 b'e
1310 932 1363 991 boe'
1380 933 1445 1010 qui-
1455 954 1533 997 neor.
1548 950 1586 996 2³.

706 1008 887 1089 demendisti,
898 1014 1087 1069 Innocentens
1098 1026 1127 1070 et
1135 1015 1248 1092 Justum
1261 1033 1320 1070 non
1334 1012 1445 1092 interfl·
1457 1030 1509 1120 γὼ

706 1093 785 1149 cies?
795 1092 820 1149 N
823 1111 857 1148 on
866 1089 966 1149 sufficit
980 1090 1029 1148 tibi
1039 1092 1165 1169 antiquus
1178 1093 1372 1171 prophetarum
1386 1113 1444 1150 sun·
1458 1140 1495 1186 53.

706 1168 767 1246 guis
777 1169 902 1228 effusus?
919 1171 989 1228 Nam
1005 1191 1090 1248 usque
1102 1170 1138 1228 ad
1150 1170 1201 1229 boc
1222 1185 1328 1251 tempus
1349 1173 1448 1231 claurat

705 1246 741 1305 ad
750 1249 847 1315 Deum,
858 1262 885 1308 et
895 1248 969 1308 abeo
980 1250 1131 1309 vindictam
1141 1264 1286 1330 exspectat.
1297 1250 1353 1310 Sed
1363 1265 1394 1310 ut
1406 1249 1448 1308 illi

706 1327 830 1405 sanguini
842 1328 924 1387 etiam
940 1350 1012 1387 nunc
1024 1328 1148 1407 adicias,
1163 1329 1293 1390 insontem
1304 1332 1446 1411 acjostum

704 1406 861 1485 sanguinem
883 1407 1006 1483 damnas,
1015 1422 1041 1467 et
1076 1409 1138 1468 cis:
1160 1410 1238 1546 Quid
1249 1411 1447 1491 sacimule

706 1499 821 1544 mentem
851 1500 1001 1563 amentem,
1021 1502 1049 1546 et
1067 1489 1180 1547 incensu
1192 1502 1250 1547 tum
1276 1488 1445 1549 eonsilium!

707 1565 911 1636 Quatridnanus
930 1566 1040 1626 illorum
1054 1567 1164 1643 revixit,
1200 1582 1352 1627 eccatorum
1370 1568 1447 1627 diru-

708 1659 751 1734 pta
764 1660 827 1705 sunt
839 1646 958 1705 vincula:
971 1659 998 1706 et
1016 1646 1057 1705 illi
1078 1648 1115 1706 ad
1128 1589 1284 1708 insidiosam
1303 1647 1446 1707 eudemio

708 1745 797 1805 ipsum
806 1739 956 1785 armantur.
974 1726 1134 1787 Debuissent
1145 1727 1234 1808 potius
1247 1727 1337 1788 verbis
1348 1728 1447 1786 immu-

708 1804 770 1862 tatis
781 1803 880 1879 dicere,
896 1808 975 1884 Quid
981 1809 1115 1887 jacimus
1125 1813 1137 1864 Ρ
1147 1807 1210 1885 quia
1220 1820 1341 1866 sanctum
1353 1821 1446 1866 eontu-

709 1881 796 1942 meliis
803 1883 964 1943 effecimus?
973 1886 1036 1964 quia
1050 1885 1078 1944 in
1093 1885 1194 1945 Filium
1204 1886 1254 1945 Dei
1265 1908 1317 1947 non
1331 1885 1447 1946 credidi-

708 1962 789 2022 mus?
805 1962 879 2034 Quid
892 1965 1026 2023 iacimus?
1040 1966 1206 2046 leprosorum
1224 1966 1361 2025 tubercula
1375 1980 1445 2026 tam·

707 2064 790 2121 quam
803 2042 893 2103 sordes
901 2065 1022 2103 sermone
1031 2045 1142 2120 abrasit,
1152 2060 1177 2105 et
1191 2045 1256 2105 huic
1266 2067 1318 2105 non
1330 2045 1448 2105 eredidi-

709 2143 778 2180 mus.
789 2122 864 2194 Quid
889 2123 1024 2183 sacimns?
1037 2145 1119 2184 caeeos
1137 2146 1152 2183 a
1166 2125 1306 2185 nativitate
1322 2125 1447 2186 novimus

708 2201 793 2261 oculis
804 2203 838 2261 ab
854 2204 982 2263 coluisse
999 2204 1121 2296 donatos,
1137 2218 1163 2263 et
1180 2204 1245 2263 huic
1257 2227 1310 2265 non
1331 2204 1448 2264 credidi-

711 2302 781 2339 mus.
792 2281 867 2353 Quid
877 2283 1011 2343 facimus?
1021 2305 1055 2343 ex
1068 2305 1187 2362 annrprc
1201 2285 1318 2365 panibus
1330 2286 1449 2365 quinque

709 2359 795 2419 milba
808 2361 835 2421 in
850 2362 954 2422 deserto
965 2361 1001 2421 ad
1011 2364 1160 2422 satietatem
1173 2365 1209 2422 ab
1226 2386 1258 2423 eo
1280 2378 1355 2454 pasta
1369 2365 1449 2426 novi-

709 2461 780 2513 mus,
792 2441 891 2501 ethuie.
903 2463 956 2501 non
964 2442 1138 2502 credidimus.
1149 2443 1225 2518 Quid
1235 2445 1348 2503 iacimus
1359 2442 1376 2503 θ’
1387 2465 1449 2504 son·

708 2520 799 2598 guinis
812 2521 897 2581 sontes
905 2523 1021 2581 vestium
1040 2523 1157 2583 fimbriis
1175 2523 1333 2595 exsiccavit,
1348 2538 1375 2583 et
1386 2524 1449 2584 huic

709 2621 761 2659 non
774 2600 949 2661 credidimus.
974 2602 1050 2676 Quid
1071 2603 1204 2662 facimus?
1218 2603 1398 2684 paralyticum
1421 2603 1448 2662 in

709 2679 776 2737 lecto
789 2680 922 2760 jacentem
937 2681 1049 2760 triginta
1057 2683 1115 2761 jam
1136 2697 1162 2742 et
1186 2697 1245 2742 octo
1258 2704 1342 2743 annos
1353 2704 1450 2762 aequae·

710 2780 776 2818 vum
795 2760 909 2819 alentem
930 2761 992 2819 vitm
1006 2783 1060 2820 suae
1074 2761 1199 2821 morbum
1214 2763 1298 2822 verbo
1316 2763 1413 2837 crexit,
1423 2777 1449 2822 et
1550 2793 1552 2797 ⁷

708 2837 772 2896 huic
796 2838 877 2898 etiam
903 2860 954 2899 non
981 2839 1153 2899 credidimus.
1172 2841 1248 2915 Quid
1270 2843 1407 2902 iacimus?
1420 2843 1448 2901 in

708 2916 777 2975 mari
791 2939 853 2977 eum
865 2919 1059 2994 ambulantem,
1076 2933 1214 2998 tamquam
1224 2923 1252 2981 in
1266 2922 1332 2997 solo,
1346 2937 1448 3002 specta-

707 2996 809 3072 vimus,
825 3013 850 3057 et
872 2999 1069 3058 vorticosorum
1082 2999 1215 3058 fluctuum
1229 3001 1345 3082 impetus
1362 3002 1448 3060 turbi·
1491 3030 1494 3037 ·

707 3096 806 3154 nosque
815 3076 959 3137 indomitos
967 3079 1024 3138 solo
1036 3092 1110 3158 gestu
1124 3100 1219 3138 manus
1232 3080 1387 3161 repressisse
1401 3102 1449 3140 no·

707 3154 807 3229 vimus,
821 3177 907 3235 neque
925 3170 1014 3216 tamen
1027 3157 1092 3216 lruic
1113 3158 1288 3219 credidimus.
1305 3159 1358 3219 Sed
1376 3159 1450 3220 dice·
1486 3222 1492 3228 ,

705 3235 782 3308 bant,
799 3237 1038 3318 Quidsacv'mus?
1052 3251 1194 3298 nonuteos
1204 3239 1401 3319 poeniteret,scd
1419 3255 1450 3299 ut

707 3314 816 3373 malitiae
825 3330 958 3396 parerent.
970 3319 1095 3398 Ipsorum
1110 3317 1183 3397 regio
1198 3333 1317 3379 mortuos
1328 3320 1450 3380 viventes

707 3409 849 3472 tamquam,
857 3395 933 3455 albas
951 3410 1052 3476 segetes
1070 3410 1096 3454 et
1110 3411 1245 3474 maturas,
1266 3399 1342 3458 nullo
1358 3398 1452 3460 labore

707 3495 743 3533 er
751 3495 778 3532 se
788 3473 978 3554 profundebat,
989 3490 1015 3535 et
1024 3475 1064 3535 illi
1077 3476 1293 3567 ingemiscebant.
1306 3480 1379 3539 Num
1388 3501 1449 3558 que

707 3552 869 3627 seminastis,
881 3554 983 3624 Judaei,
994 3576 1047 3615 non
1057 3557 1175 3617 metitis?
1183 3579 1250 3617 num
1258 3558 1320 3636 quis
1329 3573 1450 3618 vestrum

707 3647 830 3713 suseepto
845 3635 962 3695 Domino
973 3635 1052 3695 laesus
1061 3635 1121 3695 est?
1134 3659 1187 3716 qna
1201 3641 1229 3696 in
1242 3661 1271 3696 re
1289 3639 1389 3698 damno
1400 3639 1450 3698 ali-

709 3733 762 3849 ριιο
775 3713 863 3772 allecti
874 3715 978 3794 gravati
991 3716 1077 3775 estis?
1087 3715 1115 3775 in
1127 3718 1181 3795 quo
1193 3739 1208 3776 a
1223 3719 1280 3777 Deo
1291 3718 1391 3798 injuria
1410 3719 1450 3776 as-

720 3792 770 3851 ccti
782 3792 865 3852 estis?
879 3815 929 3853 cur
942 3793 1047 3854 invidia
1061 3795 1187 3854 commoti
1211 3817 1227 3855 a
1249 3797 1304 3855 vita
1331 3811 1450 3856 mortuos

708 3872 827 3931 arcetis?
841 3893 890 3930 cur
899 3894 1028 3953 perennes
1040 3874 1163 3932 melliflui
1181 3875 1262 3934 sontis
1273 3876 1378 3935 canales
1388 3877 1450 3935 vul-

708 3950 745 4009 tis
761 3951 938 4029 confringere,
964 3974 999 4010 ex
1022 3974 1076 4031 quo
1090 3953 1137 4030 qui
1153 3954 1272 4013 biberint
1291 3976 1344 4014 non
1359 3955 1450 4014 sitient

709 4030 908 4110 amplinsi'cur
920 4052 1005 4110 aegros
1026 4045 1128 4090 vestros
1149 4033 1259 4105 necatis,
1276 4032 1344 4092 dum
1357 4056 1450 4094 eorum

711 4108 847 4168 medicum
861 4109 971 4175 vultise
994 4111 1084 4169 medio
1098 4111 1211 4171 tollere?
1224 4115 1329 4173 Verum
1348 4115 1450 4173 borum

710 4189 832 4247 omnium
848 4210 927 4248 eausa
946 4203 985 4249 est
1036 4189 1227 4250 miciosissima
1241 4192 1355 4252 invidia.
1370 4193 1450 4253 uin-

710 4267 784 4329 vidia
792 4268 873 4327 raedis
884 4282 980 4346 mater,
1021 4269 1100 4328 'abeli
1114 4269 1261 4344 inventum,
1271 4286 1364 4331 auctor
1377 4293 1449 4332 mor·

711 4346 764 4409 tis!
781 4370 798 4407 ο
811 4347 926 4424 invidia,
937 4371 996 4428 quae
1009 4371 1094 4428 neque
1104 4371 1148 4408 eos
1166 4351 1265 4429 quibus
1275 4351 1393 4428 invides,
1407 4352 1450 4413 vi-

712 4428 836 4500 verevis,
851 4441 878 4486 et
900 4449 944 4487 eos
962 4427 1009 4507 qui
1031 4442 1057 4487 te
1068 4429 1169 4503 fovent,
1186 4430 1371 4492 vehementius
1396 4446 1450 4491 tor·

711 4506 794 4585 ques!
809 4506 938 4567 oinvidia
953 4507 1056 4569 diaboli
1076 4509 1293 4572 contubernalis!
1307 4531 1335 4569 ο,
1345 4511 1452 4573 invidia

63 4591 217 4674 πικροτάτην
229 4589 332 4672 θανάτῳ
356 4588 529 4669 παρέδωκας·
548 4588 657 4655 θάνατος
673 4633 697 4671 ,5
711 4586 796 4646 bostis
808 4586 945 4655 amicitia),
957 4588 1031 4666 pacis
1043 4587 1163 4664 inimica,
1189 4589 1307 4649 caritatis
1322 4591 1453 4652 adversa-

68 4674 147 4752 ἐντῷ
163 4669 268 4752 κόσμῳ,
293 4673 316 4728 εἰ
340 4668 377 4747 μὴ
402 4668 434 4726 σθ
456 4669 543 4743 utitis,

57 4751 80 4810 el
94 4758 223 4830 μαρτυρεῖ
243 4773 288 4826 μοι
305 4749 336 4807 τὸ
357 4754 424 4808 θεῖον
447 4747 545 4827 λόγιον,
584 4747 655 4826 έγον·

57 4854 79 4890 εν
88 4835 104 4891 θ
113 4831 181 4896 Θεὸς
191 4830 311 4898 θάνατον,
322 4827 380 4888 οὐδὲ
392 4829 518 4908 τέρπεται
527 4831 570 4887 ἀπ’
584 4830 657 4886 ἀπω·

57 4909 188 4990 iubebo
201 4908 228 4969 δί
239 4907 361 4968 διαθόλου
376 4907 485 4974 θάνατος
504 4911 539 4974 εἰς
553 4908 597 4967 τὸν
612 4906 658 4966 κό·

57 5013 78 5050 ε.
91 4989 131 5050 Σίν
151 4988 251 5048 καὶτὸν
273 4986 342 5047 Κάῖν
361 4990 409 5058 τῆς
422 4987 593 5069 φιλαδελφίας
608 4985 656 5059 ebs

58 5196 65 5226 ι
78 5194 159 5243 marg.
171 5183 368 5247 ρρενοληπτιῑται-

57 5281 101 5320 lli.
128 5280 201 5319 θἸΙΙ.

562 4667 656 4806 φθόνε,
679 4689 694 4734 n
711 4665 760 4738 ria,
770 4665 874 4725 diaboli
882 4667 960 4738 setus,
971 4667 1021 4727 llos
1036 4668 1167 4728 tenebrosi
1179 4669 1284 4744 eoloris,
1297 4671 1344 4749 qni
1356 4686 1382 4731 te
1392 4693 1453 4753 pos·

711 4746 810 4822 sident,
830 4745 931 4805 caedem
940 4746 1042 4806 Christi
1056 4748 1265 4811 machinantur!
1280 4751 1324 4809 Tu
1336 4765 1362 4810 et
1377 4751 1453 4819 Ada-

711 4847 756 4884 mo
766 4827 823 4906 jam
835 4846 851 4884 a
864 4825 998 4907 principio
1009 4826 1038 4885 in
1053 4827 1179 4907 paradiso
1192 4827 1325 4905 invidisti,
1339 4844 1365 4888 et
1378 4830 1454 4889 dulci

711 4905 852 4986 degustata
866 4905 1005 4986 voluptate
1017 4907 1195 4967 acerbissime
1207 4908 1288 4967 morti
1299 4908 1453 4969 tradidisti:

712 4985 880 5064 nequeenim
889 4997 957 5045 esset
967 5005 1039 5045 mors
1048 4985 1077 5047 in
1087 4986 1198 5064 mundo,
1208 4988 1260 5048 nisi
1271 5001 1377 5066 tueam,
1386 4987 1456 5048 invi·

734 5173 747 5211 l·
766 5167 845 5227 Stvil.
862 5170 889 5224 iu
900 5186 981 5240 marg.
994 5177 1137 5240 βονλιῦιαθε,
1147 5180 1182 5227 ἀνα
1194 5180 1214 5227 ol
1226 5177 1329 5241 διψῶντες
1338 5180 1372 5238 μὴ
1384 5180 1457 5228 πίωσι.

1276 5255 1317 5313 ἀί
