3750 5940
337 391 382 461 η,
1032 398 1166 450 seuam.

308 420 578 615 ilomprehensibilem
598 527 684 608 gloria
707 526 873 600 affecerunt,
893 521 1031 589 credentes
1040 568 1050 601 ,
1106 522 1181 605 κύριε
1199 520 1248 598 τὴν
1270 523 1370 600 πύστιν,
1397 521 1487 592 οὕτως
1510 522 1646 592 Moses
1659 523 1704 584 τί*
1716 529 1859 611 daphca-o,

309 636 362 674 non
377 611 482 671 curiose
492 608 755 666 marcatrudis
766 625 877 665 mecum
891 608 949 663 eris
961 607 994 661 ιἰι
1000 623 1054 682 pa·
1106 603 1290 677 πιστεύοντες,
1313 604 1359 663 καί
1385 603 1428 682 μὴ
1454 605 1756 683 cohospes-{porditum
1776 609 1860 692 Hpq„

308 694 418 754 radico.
430 690 552 762 Dictum,
564 687 697 746 etlactum
708 685 768 745 luit.
784 687 897 759 Verum,
908 705 925 742 o
937 682 1000 742 beni
1021 703 1055 741 ne
1107 685 1167 761 μετ’
1184 685 1250 761 ἰμοῦ
1263 685 1310 756 ἰση
1326 687 1407 765 ἐντῷ
1425 683 1607 766 παραδείσῳ.
1623 674 1710 756 Elec,
1727 687 1769 744 καί
1786 689 1861 767 γίγας

309 771 435 844 Domine,
449 787 540 827 omues
549 765 616 903 plusti
628 779 705 825 extra
720 762 875 844 paradisum
886 776 959 835 sunt,
975 702 1055 821 etla-
1108 765 1189 837 Ἀλλ’,
1202 752 1226 821 ιθ
1238 749 1413 902 ριλύνθρωπι
1429 763 1588 836 Δέσποτα,
1601 762 1704 831 πάντες
1716 768 1739 825 oi
1751 767 1862 840 ὃθιαιοιθι

1206 865 1239 923 pa
1256 844 1327 904 εύσαε
1339 843 1479 915 larrium
1490 889 1500 915 ,
1515 841 1569 901 καί
1580 843 1689 919 λῃστὴν
1703 847 1737 913 εἰς
1749 848 1863 926 ιαρᾶἰω.

310 930 428 1013 primum
443 927 471 986 in
480 923 637 1015 paradisum
646 921 755 998 indum,
766 935 796 982 ut
805 922 906 982 mundo
919 920 1055 991 suadeam,
1109 921 1238 1002 εἰσάγεις
1252 923 1323 996 Nol,
1337 921 1448 1002 λῃστὴν
1462 926 1583 1002 πρῶτον
1600 922 1701 1001 εἰσάγω
1713 927 1747 991 εἷς
1758 927 1796 984 τθι
1847 930 1854 949 '

310 1030 355 1069 rue
369 1029 422 1067 non
436 1023 540 1065 venisse
558 1024 655 1063 vocare
670 1003 768 1083 justos,
784 1000 832 1061 sod
849 1014 1002 1084 peccatores
1019 998 1056 1060 ad
1108 1002 1204 1072 δτισον,
1215 1001 1258 1062 ἰνοι
1271 1002 1357 1063 πείσω
1372 1003 1424 1062 τὸν
1437 1001 1494 1061 κύσ
1520 1024 1566 1074 αν,
1586 999 1632 1060 ύτι
1644 1005 1694 1062 ola
1709 995 1780 1076 Doto

374 1085 503 1146 itentiam.
519 1080 576 1162 lpsi
589 1081 697 1143 Christo
719 1081 804 1164 gloria
817 1081 846 1142 in
857 1080 955 1142 secula
969 1100 1055 1141 saecu·
1110 1080 1239 1154 δικαίους,
1256 1083 1316 1140 ἀλλ’
1336 1083 1528 1163 ἁμαρτωλούς
1544 1082 1588 1148 εἰς
1608 1081 1755 1160 μετάνοιαν.
1773 1089 1864 1147 atis

322 1188 410 1226 orum.
426 1168 522 1225 Amen.
1110 1160 1325 1244 Χριστῷήδύξα
1339 1165 1377 1230 εἰς
1391 1150 1860 1242 τούςαίῶναςτῶναῖιύνιιι.’θρηί.’

309 865 413 911 tionem
436 848 464 907 in
483 865 549 927 para
568 845 640 934 :sum
656 843 785 903 inducis?
799 843 906 917 Etiam,
921 842 1056 901 latronem
1108 848 1204 903 ταῦτα

896 1558 1311 1688 MONITUM

601 1841 651 1916 m
675 1839 956 1939 snoonnrns
980 1836 1044 1912 nn
1068 1804 1323 1912 PASCHATE
1348 1838 1646 1914 saumones.

357 2067 412 2140 Qui
427 2067 531 2149 primus
543 2065 661 2127 occurrit
673 2086 760 2126 sermo
775 2063 971 2140 brevissimus,
988 2062 1169 2142 fragmentum
1183 2075 1243 2137 ast,
1264 2081 1317 2121 non
1337 2061 1559 2145 chrysostomo
1589 2062 1711 2144 dignum
1719 2089 1729 2146 5
1746 2064 1785 2126 sed
1799 2067 1867 2127 ndni

253 2213 259 2223 .
316 2174 407 2222 tamen
420 2175 501 2239 notae,
519 2183 601 2241 quam
625 2174 778 2242 soquentes,
795 2158 844 2239 qui
859 2181 876 2219 a
896 2156 1025 2240 scriptore
1042 2176 1096 2216 non
1111 2153 1218 2216 indocto
1234 2154 1367 2235 quidem,
1384 2154 1442 2217 sed
1463 2156 1637 2218 admodum
1669 2159 1783 2220 intricata
1797 2162 1869 2241 prmo

317 2268 389 2313 mnt.

358 2350 469 2428 Septem
491 2362 583 2430 postca
599 2369 733 2408 sermones
752 2360 902 2426 sequuntur
918 2342 1040 2425 ejusdem
1059 2341 1214 2425 scriptoris,
1229 2342 1276 2422 qui
1295 2356 1371 2402 tanta
1385 2343 1578 2404 obscuritate
1598 2346 1732 2427 praeditus
1744 2284 1791 2419 oi,
1807 2361 1869 2426 qun

318 2439 419 2521 gaudet
442 2440 634 2522 perspicuitate
656 2441 877 2521 chrysostomus.
895 2438 991 2519 Stylus
1003 2435 1095 2496 omnio
1108 2435 1254 2518 perplexus
1265 2451 1347 2516 atque
1359 2437 1484 2497 ferreus.
1504 2439 1544 2497 ln
1560 2459 1649 2520 soopo
1662 2455 1748 2500 autem
1759 2442 1822 2501 hahet
1830 2442 1871 2500 sni

318 2548 379 2616 ptor
391 2534 481 2592 omnia
497 2553 557 2612 quae
569 2533 604 2593 de
618 2554 688 2614 agno
701 2532 822 2614 paschali
835 2553 851 2591 a
865 2533 883 2594 J
885 2530 969 2590 udaeis
981 2530 1009 2588 in
1023 2528 1143 2612 AEgypto
1157 2543 1272 2590 mactato
1285 2530 1313 2590 in
1327 2529 1423 2611 capite
1438 2529 1625 2592 duodecimo
1639 2532 1730 2594 Exodi
1738 2533 1870 2609 [mamad

318 2628 458 2688 Christum
473 2641 618 2687 mactatum
632 2649 682 2710 pro
693 2627 780 2688 salute
792 2626 889 2687 mundi
903 2627 1011 2685 referre.
1027 2623 1065 2684 Et
1077 2624 1188 2704 quidem
1198 2647 1229 2684 ea
1242 2624 1269 2684 in
1284 2646 1313 2685 re
1326 2627 1515 2687 consentiunt
1530 2627 1692 2689 Christiani
1705 2653 1800 2706 omnes,
1808 2652 1872 2710 qum

319 2721 398 2782 illum
409 2721 476 2782 olim
486 2721 670 2797 immolatum,
682 2719 786 2782 Christi
798 2740 863 2780 vere
870 2718 933 2799 agni
944 2738 995 2799 pro
1006 2717 1093 2777 salute
1103 2716 1200 2778 mundi
1210 2717 1345 2777 immolati
1355 2717 1488 2798 liguram
1504 2719 1602 2780 fuisse
1613 2745 1624 2797 ;
1635 2743 1732 2783 rerum
1743 2723 1783 2783 hie
1793 2724 1873 2802 μεμε

320 2816 356 2877 sit
373 2837 540 2898 anonymus,
559 2816 604 2877 vel
621 2816 734 2876 minima
747 2836 861 2895 quaque
874 2814 902 2873 in
917 2811 1015 2873 Exodo
1028 2812 1175 2887 recensita}
1192 2811 1228 2872 ad
1247 2812 1390 2874 Christum
1404 2826 1593 2891 mactatum,
1611 2816 1660 2876 vel
1676 2817 1711 2877 ad
1731 2819 1819 2878 Pasche
1832 2817 1874 2876 erle

320 2911 472 2971 hrationem
485 2911 585 2988 refert,
601 2909 694 2990 qualis
708 2908 783 2992 apud
797 2909 966 2969 Christianos
979 2907 1164 2989 persolvitur:
1181 2921 1209 2967 et
1224 2907 1284 2967 haec
1308 2906 1344 2967 sd
1364 2908 1511 2994 φλυαρίαν
1541 2930 1638 2990 usque
1669 2912 1786 2995 indagare
1801 2914 1874 2987 nititur,

320 3027 443 3088 sepeque
452 3007 510 3087 jam
524 3004 597 3065 dicta
610 3004 721 3087 repetit,
740 3025 789 3064 nec
808 3004 866 3064 sine
878 3001 987 3063 fastidio
1000 3001 1122 3083 legentis.
1140 3002 1277 3084 Septimus
1289 3017 1381 3062 autem
1401 3024 1502 3066 sermo
1522 3021 1607 3068 totus
1624 3009 1699 3068 circa
1712 3008 1778 3068 dien
1792 3005 1873 3066 selcha

321 3099 400 3161 tionis
414 3099 570 3179 paschatis,
585 3113 612 3159 et
623 3099 693 3159 circa
706 3096 860 3180 paschalem
875 3096 982 3178 cyclum
995 3109 1126 3157 versatur.
1141 3095 1217 3155 Hanc
1230 3118 1287 3156 rem
1298 3096 1377 3156 unior
1386 3109 1520 3161 tractant
1538 3120 1595 3162 sex
1608 3102 1710 3183 prima
1726 3101 1840 3161 orationes
1856 3108 1875 3148 Ι·

320 3195 433 3276 septima
449 3217 530 3270 vero,
543 3216 603 3274 qua·
616 3208 672 3254 tota
686 3209 724 3254 est
737 3193 765 3253 in
779 3192 930 3252 ordinando
948 3191 1025 3273 cyclo
1036 3191 1169 3272 paschali,
1184 3214 1295 3272 quaque
1308 3192 1343 3252 de
1357 3191 1405 3253 die
1421 3195 1583 3257 Paschatis
1600 3199 1721 3278 singulis
1733 3197 1799 3256 annis
1813 3225 1827 3247 ι·

321 3289 421 3349 tuendo
433 3290 558 3372 pluribus
568 3290 701 3372 disputat,
716 3290 743 3348 iu
758 3290 844 3349 fronte
859 3288 934 3347 illius
947 3287 1015 3345 inira
1027 3307 1148 3366 agemus.

366 3656 465 3716 Sermo
480 3654 674 3714 catecheticus
691 3656 724 3713 ιἰι
740 3665 875 3712 sanctum
891 3653 1018 3712 Pascha.
1075 3649 1113 3752 ¹2⁰
1261 3654 1454 3735 Καιηχητικὸς
1468 3661 1511 3725 εἰς
1526 3659 1561 3720 τὸ
1575 3661 1656 3740 ἅγιον
1668 3662 1768 3742 πύσγα

362 3840 571 3931 Siquispiuset
585 3837 780 3917 religiosus,is
794 3837 898 3895 huntur
912 3837 1067 3896 hacsancta
1162 3838 1199 3900 El
1209 3863 1249 3908 τις
1264 3839 1374 3911 ιθσεὸὴς
1387 3842 1436 3900 χαί
1473 3844 1595 3918 ςλόθεος,
1607 3845 1875 3915 &mmmm-{5221}

322 3921 492 3980 celebritate:
509 3920 531 3979 si
546 3919 607 3997 quis
620 3940 714 3977 servus
725 3917 841 3998 probus,
856 3917 938 3976 intret
948 3918 1025 3976 laetus
1039 3917 1067 3977 iu
1121 3920 1219 3991 ταύτης
1232 3918 1421 4002 πανηγύρεως·
1437 3865 1469 3980 el
1481 3947 1529 3991 τις
1547 3926 1648 3994 δοῦλος
1667 3928 1808 4004 εὐγνώμων,
1820 3924 1868 3980 εἰσί

323 4001 454 4080 garidium
466 3999 575 4059 Domini
588 3997 646 4058 sui:
658 3998 679 4056 si
694 3997 754 4075 quis
765 3996 911 4077 jejunando
924 3997 1067 4069 laboravit,
1123 3997 1190 4058 θέτω
1207 3999 1309 4079 χαίρων
1324 4002 1361 4067 εἰς
1374 3999 1425 4070 τὴν
1438 4002 1537 4080 papho
1552 4010 1603 4065 τοῦ
1621 4008 1726 4085 Κυρίου
1738 4008 1819 4064 ,γη-,η
1829 4002 1847 4061 νζ
1857 4038 1871 4055 ,

324 4101 394 4140 utine
413 4079 528 4160 accipiat
550 4077 692 4136 denarium
715 4101 721 4133 :
738 4076 760 4136 si
782 4076 844 4154 quis
861 4098 877 4135 a
895 4077 982 4168 prima
1002 4076 1068 4134 hora
1123 4078 1207 4156 ἔκαμε
1219 4077 1371 4151 νηστεύων,
1392 4070 1568 4142 ἀπολαύέτω
1582 4090 1633 4143 νῦν
1647 4088 1681 4146 τὸ
1695 4080 1847 4165 δηνάριον·ιί
1858 4115 1875 4136 ι

323 4174 448 4249 operatus
463 4173 517 4229 est,
536 4158 650 4238 accipiat
670 4156 751 4215 hodie
765 4156 793 4213 id
807 4155 880 4234 quod
891 4170 995 4234 justum
1010 4170 1065 4214 est:
1123 4159 1177 4216 ἀπὸ
1190 4157 1298 4238 πρώτης
1309 4157 1379 4239 ὥρας
1394 4160 1560 4239 εἰργάσατο,
1577 4165 1705 4244 δεχέσθω
1719 4166 1819 4246 σήμερον
1829 4156 1874 4219 3⁰„

324 4260 347 4297 si
364 4239 425 4317 quis
439 4252 498 4319 post
514 4238 620 4296 tertiam
640 4235 731 4309 venit,
754 4235 853 4314 gratias
871 4255 952 4312 agens
973 4235 1068 4296 festum
1124 4261 1197 4296 καιον
1208 4239 1331 4317 ὄφλημα·
1346 4237 1418 4303 εἴτις
1431 4239 1508 4317 μετὰ
1524 4242 1578 4313 τὴν
1594 4268 1612 4301 τ
1622 4234 1696 4316 ’ίτην
1707 4237 1872 4335 ἦλθεν,ε3γτρ

324 4317 439 4376 celebret
456 4343 462 4374 :
479 4318 500 4376 si
515 4318 576 4395 quis
592 4329 651 4396 post
667 4329 769 4373 sextam
783 4314 877 4373 horam
891 4315 1016 4389 accessit,
1037 4335 1070 4373 ne
1124 4321 1193 4374 στῶν
1208 4317 1336 4396 ἑορτύσῃ·
1351 4316 1376 4374 εἰ
1387 4340 1429 4383 τις
1444 4317 1522 4395 μετὰ
1536 4320 1590 4392 τὴν
1607 4268 1696 4396 ἕκτην
1711 4326 1814 4403 ἔρανος,
1825 4317 1870 4396 μ’

324 4396 449 4469 dubitet;
468 4397 537 4455 nihil
551 4395 623 4455 enim
639 4394 733 4475 perdet
750 4417 755 4448 :
773 4393 795 4451 si
809 4395 871 4471 quis
887 4393 1006 4451 tardavit
1027 4414 1070 4452 us·
1124 4395 1332 4475 οἰμριύαλλύτω·
1352 4396 1397 4455 καί
1412 4397 1467 4477 γὰρ
1484 4400 1568 4458 οὐδὲν
1582 4405 1752 4479 ζημιοῦται·
1765 4403 1855 4466 εἷτιςῧ

326 4474 432 4554 quoad
458 4496 574 4548 nonam,
596 4473 706 4532 accedat
724 4472 782 4531 sine
800 4473 855 4531 ulla
876 4471 1045 4531 dubitatione
1061 4496 1068 4529 :
1126 4496 1205 4554 ρησιν
1219 4477 1256 4540 εἰς
1274 4474 1322 4547 τὴν
1334 4475 1459 4549 ἐννύτην,
1473 4481 1666 4558 προσελθέτω
1679 4483 1761 4562 μηδὲν
1774 4484 1822 4542 ἔνθα
1837 4481 1853 4503 ''

326 4555 348 4613 si
364 4555 424 4632 quis
438 4554 578 4612 undecima
602 4567 705 4611 tantum
720 4553 786 4611 hora
800 4552 891 4626 venit,
909 4573 942 4609 ne
962 4551 998 4609 ob
1017 4566 1071 4611 tar·
1126 4554 1150 4612 εἴ
1169 4579 1209 4621 τις
1229 4557 1265 4620 εἰς
1286 4556 1367 4632 μόνην
1386 4555 1489 4634 ἔφθασε
1511 4558 1566 4630 τὴν
1582 4564 1755 4634 ἑνδεκάτην,
1771 4557 1862 4631 αἰπύ,

325 4633 436 4691 ditatcm
451 4646 560 4692 metuat.
574 4635 644 4691 Cum
657 4633 728 4690 enim
745 4631 877 4689 Dominus
889 4631 1010 4690 liberalis
1022 4631 1070 4705 sit,
1089 4657 1108 4703 B
1125 4633 1172 4707 τὴν
1189 4635 1351 4713 βραδυτῆτα.
1365 4634 1528 4713 ’Φιλότιμος
1544 4640 1602 4720 γὰρ
1615 4642 1657 4700 ὢν
1671 4622 1875 4711 ωεπᾈςηξννγ

326 4713 362 4770 ita
379 4726 543 4792 postremum
566 4712 680 4791 accipit,
706 4725 735 4769 ut
775 4710 875 4768 nimum
896 4711 1001 4770 :sicin
1025 4732 1071 4769 re·
1124 4736 1170 4772 ται
1183 4714 1227 4772 τὸν
1245 4713 1372 4794 ἔσχατον,
1391 4715 1522 4798 καθάπερ
1538 4721 1651 4781 καὶτὸν
1662 4726 1779 4802 πρῶτον·
1795 4759 1798 4768 2
1834 4760 1846 4775 .
1864 4718 1875 4761 ’κ

325 4792 415 4870 quiem
429 4790 548 4850 admittit
561 4811 639 4863 eum,
653 4791 701 4868 qui
715 4733 870 4864 undecima,
889 4804 919 4848 ut
931 4811 1008 4865 eum,
1024 4790 1071 4868 qui
1124 4791 1170 4851 τὸν
1179 4796 1228 4863 τῆς
1243 4793 1392 4866 ἑνδεκάτης,
1403 4798 1440 4860 ὡς
1452 4795 1503 4853 τὸν
1516 4801 1715 4878 ἐργασάμενον
1730 4802 1780 4860 ἀπὸ
1790 4806 1830 4870 τῆς
1844 4847 1845 4850 ,

324 4871 442 4950 aprima
455 4870 521 4928 hora
535 4883 659 4949 operatus
672 4883 728 4942 est;
758 4883 903 4929 ostremum
917 4869 1070 4947 miseratur,
1126 4872 1243 4942 της·καί
1255 4873 1299 4931 τὸν
1313 4871 1421 4953 ύστερον
1435 4876 1520 4950 ἐλεεῖ,
1535 4879 1586 4936 καί
1596 4880 1649 4939 τὸν
1659 4887 1764 4962 πρῶτον
1774 4888 1815 4959 hep
1830 4917 1842 4935 ι.
1855 4874 1873 4923 .',

325 4964 351 5008 ct
362 4951 481 5029 primum
494 4962 587 5023 curat;
601 4948 643 5006 illi
658 4947 717 5023 dat,
733 4891 798 5007 lirin
819 4949 954 5028 largitum
971 4963 996 5008 et
1011 4971 1071 5043 per·
1125 4951 1240 5034 κάκείνῳ
1251 4952 1351 5025 δίδωσι,
1361 4952 1407 5011 καί
1416 4952 1507 5038 τούτῳ
1522 4957 1687 5037 χαρίζεται.
1708 4953 1875 5037 Κείτὴν-ρεξ.

325 5043 417 5087 actum
438 5049 506 5109 opus
525 5028 642 5104 honore,
668 5041 754 5109 etpro
791 5028 872 5087 situm
886 5028 1071 5088 laudeaslrcit.
1125 5041 1206 5110 τιμᾷ,
1228 5031 1273 5090 καὶ
1293 5032 1341 5102 τὴν
1363 5031 1494 5111 πρόθεσιν
1514 5027 1639 5100 ἐπαινεῖ.
1672 5037 1842 5102 mamea&
1870 5066 1875 5078 ·

326 5108 414 5184 lgitur
428 5108 526 5168 intrate
542 5128 634 5168 omnm
648 5107 675 5166 in
690 5127 742 5186 gau
763 5107 821 5168 ium
837 5107 949 5167 Domini
970 5108 1073 5184 nostri,
1125 5111 1223 5177 πάντες
1239 5114 1276 5178 εἰς
1290 5110 1338 5183 τὴν
1356 5110 1445 5191 χαρὰν
1463 5120 1516 5173 τοῦ
1529 5118 1641 5197 Κυρίω
1651 5125 1751 5192 ἡυῶν,
1762 5127 1829 5180 ute
1841 5119 1865 5170 “.

327 5199 352 5243 et
366 5187 448 5267 primi
467 5202 492 5249 et
508 5187 617 5248 mcundi
634 5184 783 5249 merccdem
796 5186 920 5268 recipite,
935 5187 1034 5248 divites
1047 5202 1073 5248 ct
1126 5189 1172 5250 καί
1186 5187 1302 5271 δεύτεροι
1319 5189 1364 5250 τὸν
1379 5190 1475 5269 μισθὸν
1490 5178 1798 5275 ᾶπαλύύετε,“ιτλσύσιοι
1857 5228 1862 5239 ·
