<?xml version="1.0" encoding="UTF-8"?>
<!DOCTYPE html PUBLIC "-//W3C//DTD XHTML 1.0 Transitional//EN"
    "http://www.w3.org/TR/xhtml1/DTD/xhtml1-transitional.dtd">
<html xmlns="http://www.w3.org/1999/xhtml" xml:lang="en" lang="en">
 <head>
  <title>
</title>
<meta http-equiv="Content-Type" content="text/html;charset=utf-8" />
  <meta name='ocr-system' content='tesseract 3.04.00' />
  <meta name='ocr-capabilities' content='ocr_page ocr_carea ocr_par ocr_line ocrx_word'/>
</head>
<body>
  <div class='ocr_page' id='page_1' title='image "./sanctipatrisnos02chrygoog_0691.png"; bbox 0 0 3750 5940; ppageno 0'>
   <div class='ocr_carea' id='block_1_1' title="bbox 157 418 319 494">
    <p class='ocr_par' dir='ltr' id='par_1_1' title="bbox 157 418 319 494">
     <span class='ocr_line' id='line_1_1' title="bbox 157 418 319 494; baseline -0.012 0"><span class='ocrx_word' id='word_1_1' title='bbox 157 418 319 494; x_wconf 80' lang='lat'>662&#39;</span> 
     </span>
    </p>
   </div>
   <div class='ocr_carea' id='block_1_2' title="bbox 880 441 1014 493">
    <p class='ocr_par' dir='ltr' id='par_1_2' title="bbox 880 441 1014 493">
     <span class='ocr_line' id='line_1_2' title="bbox 880 441 1014 493; baseline 0.007 -1"><span class='ocrx_word' id='word_1_2' title='bbox 880 441 1014 493; x_wconf 68' lang='lat' dir='ltr'>teonis.</span> 
     </span>
    </p>
   </div>
   <div class='ocr_carea' id='block_1_3' title="bbox 152 567 1587 733">
    <p class='ocr_par' dir='ltr' id='par_1_3' title="bbox 152 567 1587 733">
     <span class='ocr_line' id='line_1_3' title="bbox 152 567 1587 655; baseline 0 -28"><span class='ocrx_word' id='word_1_3' title='bbox 152 568 221 629; x_wconf 90' lang='lat' dir='ltr'>utile</span> <span class='ocrx_word' id='word_1_4' title='bbox 230 568 274 628; x_wconf 87' lang='lat' dir='ltr'>illi</span> <span class='ocrx_word' id='word_1_5' title='bbox 286 568 347 640; x_wconf 86' lang='lat' dir='ltr'>luit,</span> <span class='ocrx_word' id='word_1_6' title='bbox 358 581 389 628; x_wconf 88' lang='lat' dir='ltr'>ut</span> <span class='ocrx_word' id='word_1_7' title='bbox 399 569 528 650; x_wconf 85' lang='lat' dir='ltr'>pejeraret</span> <span class='ocrx_word' id='word_1_8' title='bbox 545 592 551 625; x_wconf 79' lang='grc' dir='ltr'>ι</span> <span class='ocrx_word' id='word_1_9' title='bbox 568 589 631 628; x_wconf 88' lang='lat' dir='ltr'>nam</span> <span class='ocrx_word' id='word_1_10' title='bbox 652 568 679 628; x_wconf 94' lang='lat' dir='ltr'>in</span> <span class='ocrx_word' id='word_1_11' title='bbox 696 567 831 627; x_wconf 86' lang='lat' dir='ltr'>malorum</span> <span class='ocrx_word' id='word_1_12' title='bbox 845 567 894 628; x_wconf 85' lang='lat' dir='ltr'>‹le-</span> <span class='ocrx_word' id='word_1_13' title='bbox 908 587 932 628; x_wconf 84' lang='grc' dir='ltr'>ιι</span> <span class='ocrx_word' id='word_1_14' title='bbox 949 569 1044 650; x_wconf 78' lang='grc' dir='ltr'>ράσται</span> <span class='ocrx_word' id='word_1_15' title='bbox 1064 572 1109 630; x_wconf 84' lang='grc' dir='ltr'>καί</span> <span class='ocrx_word' id='word_1_16' title='bbox 1126 572 1265 655; x_wconf 79' lang='grc' dir='ltr'>δράκοντες</span> <span class='ocrx_word' id='word_1_17' title='bbox 1275 569 1321 632; x_wconf 86' lang='grc' dir='ltr'>καί</span> <span class='ocrx_word' id='word_1_18' title='bbox 1332 568 1447 639; x_wconf 80' lang='grc' dir='ltr'>ἀσπίδες</span> <span class='ocrx_word' id='word_1_19' title='bbox 1461 569 1587 650; x_wconf 71' lang='grc' dir='ltr'>ίφριξσν,ῐ</span> 
     </span>
     <span class='ocr_line' id='line_1_4' title="bbox 152 644 1587 733; baseline -0.001 -25"><span class='ocrx_word' id='word_1_20' title='bbox 152 649 222 709; x_wconf 88' lang='lat' dir='ltr'>lectu</span> <span class='ocrx_word' id='word_1_21' title='bbox 238 648 323 708; x_wconf 89' lang='lat' dir='ltr'>satius</span> <span class='ocrx_word' id='word_1_22' title='bbox 337 648 389 707; x_wconf 86' lang='lat' dir='ltr'>fuit</span> <span class='ocrx_word' id='word_1_23' title='bbox 407 648 497 707; x_wconf 90' lang='lat' dir='ltr'>minus</span> <span class='ocrx_word' id='word_1_24' title='bbox 509 647 660 708; x_wconf 79' lang='lat' dir='ltr'>admittere.</span> <span class='ocrx_word' id='word_1_25' title='bbox 686 650 780 719; x_wconf 80' lang='lat' dir='ltr'>Misit,</span> <span class='ocrx_word' id='word_1_26' title='bbox 802 661 830 706; x_wconf 89' lang='lat' dir='ltr'>et</span> <span class='ocrx_word' id='word_1_27' title='bbox 846 650 894 706; x_wconf 78' lang='lat' dir='ltr'>de-</span> <span class='ocrx_word' id='word_1_28' title='bbox 910 644 929 688; x_wconf 76' lang='grc' dir='ltr'>Ᾰ</span> <span class='ocrx_word' id='word_1_29' title='bbox 948 650 1073 726; x_wconf 89' lang='grc' dir='ltr'>μίλισσαι</span> <span class='ocrx_word' id='word_1_30' title='bbox 1087 652 1129 711; x_wconf 76' lang='grc' dir='ltr'>διὰ</span> <span class='ocrx_word' id='word_1_31' title='bbox 1142 653 1190 724; x_wconf 71' lang='lat' dir='ltr'>rip</span> <span class='ocrx_word' id='word_1_32' title='bbox 1203 658 1249 713; x_wconf 78' lang='lat' dir='ltr'>roll</span> <span class='ocrx_word' id='word_1_33' title='bbox 1263 650 1358 733; x_wconf 75' lang='grc' dir='ltr'>ἀνδρὸς</span> <span class='ocrx_word' id='word_1_34' title='bbox 1377 648 1508 728; x_wconf 73' lang='grc' dir='ltr'>δγιότητα</span> <span class='ocrx_word' id='word_1_35' title='bbox 1526 673 1587 726; x_wconf 81' lang='grc' dir='ltr'>καμι</span> 
     </span>
    </p>
   </div>
   <div class='ocr_carea' id='block_1_4' title="bbox 151 726 894 1840">
    <p class='ocr_par' dir='ltr' id='par_1_4' title="bbox 151 726 894 1840">
     <span class='ocr_line' id='line_1_5' title="bbox 152 726 892 807; baseline -0.004 -19"><span class='ocrx_word' id='word_1_36' title='bbox 152 729 274 788; x_wconf 79' lang='lat' dir='ltr'>collavit</span> <span class='ocrx_word' id='word_1_37' title='bbox 289 728 388 807; x_wconf 87' lang='lat' dir='ltr'>ipsum.</span> <span class='ocrx_word' id='word_1_38' title='bbox 402 727 470 800; x_wconf 65' lang='lat' dir='ltr'>Quae</span> <span class='ocrx_word' id='word_1_39' title='bbox 483 726 594 787; x_wconf 84' lang='lat' dir='ltr'>dextera</span> <span class='ocrx_word' id='word_1_40' title='bbox 606 750 670 787; x_wconf 92' lang='lat' dir='ltr'>ausa</span> <span class='ocrx_word' id='word_1_41' title='bbox 682 741 732 803; x_wconf 84' lang='lat' dir='ltr'>est,</span> <span class='ocrx_word' id='word_1_42' title='bbox 748 726 892 786; x_wconf 85' lang='lat' dir='ltr'>dilectissi-</span> 
     </span>
     <span class='ocr_line' id='line_1_6' title="bbox 152 805 893 888; baseline -0.001 -21"><span class='ocrx_word' id='word_1_43' title='bbox 152 809 200 882; x_wconf 87' lang='lat' dir='ltr'>mi,</span> <span class='ocrx_word' id='word_1_44' title='bbox 212 806 372 886; x_wconf 82' lang='lat' dir='ltr'>gladiumin</span> <span class='ocrx_word' id='word_1_45' title='bbox 382 821 500 867; x_wconf 80' lang='lat' dir='ltr'><strong>sanctam</strong></span> <span class='ocrx_word' id='word_1_46' title='bbox 509 807 642 866; x_wconf 83' lang='lat' dir='ltr'>cervicem</span> <span class='ocrx_word' id='word_1_47' title='bbox 651 805 763 869; x_wconf 86' lang='lat' dir='ltr'>loannis</span> <span class='ocrx_word' id='word_1_48' title='bbox 775 805 893 888; x_wconf 86' lang='lat' dir='ltr'>injicere,</span> 
     </span>
     <span class='ocr_line' id='line_1_7' title="bbox 152 885 892 966; baseline -0.001 -20"><span class='ocrx_word' id='word_1_49' title='bbox 152 908 234 966; x_wconf 79' lang='lat' dir='ltr'>quam</span> <span class='ocrx_word' id='word_1_50' title='bbox 256 886 283 944; x_wconf 93' lang='lat' dir='ltr'>in</span> <span class='ocrx_word' id='word_1_51' title='bbox 299 885 404 946; x_wconf 88' lang='lat' dir='ltr'>deserto</span> <span class='ocrx_word' id='word_1_52' title='bbox 416 886 513 945; x_wconf 78' lang='lat' dir='ltr'>bellue</span> <span class='ocrx_word' id='word_1_53' title='bbox 528 887 727 960; x_wconf 78' lang='lat' dir='ltr'>reverebantur,</span> <span class='ocrx_word' id='word_1_54' title='bbox 740 906 823 964; x_wconf 91' lang='lat' dir='ltr'>quam</span> <span class='ocrx_word' id='word_1_55' title='bbox 838 886 892 945; x_wconf 92' lang='lat' dir='ltr'>leo-</span> 
     </span>
     <span class='ocr_line' id='line_1_8' title="bbox 153 965 890 1047; baseline -0.004 -20"><span class='ocrx_word' id='word_1_56' title='bbox 153 988 198 1027; x_wconf 81' lang='lat' dir='ltr'>nes</span> <span class='ocrx_word' id='word_1_57' title='bbox 209 965 367 1039; x_wconf 86' lang='lat' dir='ltr'>tremebant,</span> <span class='ocrx_word' id='word_1_58' title='bbox 381 988 464 1045; x_wconf 90' lang='lat' dir='ltr'>quam</span> <span class='ocrx_word' id='word_1_59' title='bbox 477 981 584 1025; x_wconf 76' lang='lat' dir='ltr'>cerasta</span> <span class='ocrx_word' id='word_1_60' title='bbox 593 987 625 1024; x_wconf 88' lang='lat' dir='ltr'>ac</span> <span class='ocrx_word' id='word_1_61' title='bbox 638 965 766 1024; x_wconf 74' lang='lat' dir='ltr'>dracones</span> <span class='ocrx_word' id='word_1_62' title='bbox 778 979 804 1024; x_wconf 90' lang='lat' dir='ltr'>et</span> <span class='ocrx_word' id='word_1_63' title='bbox 818 967 890 1047; x_wconf 89' lang='lat' dir='ltr'>aspi·</span> 
     </span>
     <span class='ocr_line' id='line_1_9' title="bbox 151 1045 893 1127; baseline 0 -23"><span class='ocrx_word' id='word_1_64' title='bbox 151 1045 200 1105; x_wconf 90' lang='lat' dir='ltr'>des</span> <span class='ocrx_word' id='word_1_65' title='bbox 209 1045 364 1115; x_wconf 78' lang='lat' dir='ltr'>horrebant,</span> <span class='ocrx_word' id='word_1_66' title='bbox 379 1066 461 1124; x_wconf 91' lang='lat' dir='ltr'>quam</span> <span class='ocrx_word' id='word_1_67' title='bbox 480 1066 494 1103; x_wconf 92' lang='lat' dir='ltr'>a</span> <span class='ocrx_word' id='word_1_68' title='bbox 557 1046 704 1127; x_wconf 79' lang='lat' dir='ltr'>sylvestres</span> <span class='ocrx_word' id='word_1_69' title='bbox 736 1058 827 1126; x_wconf 94' lang='lat' dir='ltr'>ropter</span> <span class='ocrx_word' id='word_1_70' title='bbox 839 1045 893 1105; x_wconf 83' lang='lat' dir='ltr'>viri</span> 
     </span>
     <span class='ocr_line' id='line_1_10' title="bbox 151 1067 893 1207; baseline -0.001 -21"><span class='ocrx_word' id='word_1_71' title='bbox 151 1125 318 1186; x_wconf 81' lang='lat' dir='ltr'>sanctitatem</span> <span class='ocrx_word' id='word_1_72' title='bbox 329 1125 421 1184; x_wconf 88' lang='lat' dir='ltr'>labore</span> <span class='ocrx_word' id='word_1_73' title='bbox 431 1067 543 1199; x_wconf 55' lang='lat' dir='ltr'>cellcillii</span> <span class='ocrx_word' id='word_1_74' title='bbox 549 1139 673 1207; x_wconf 87' lang='lat' dir='ltr'>parantes</span> <span class='ocrx_word' id='word_1_75' title='bbox 682 1124 725 1184; x_wconf 90' lang='lat' dir='ltr'>ale</span> <span class='ocrx_word' id='word_1_76' title='bbox 761 1126 810 1185; x_wconf 81' lang='lat' dir='ltr'>nt?</span> <span class='ocrx_word' id='word_1_77' title='bbox 823 1126 893 1185; x_wconf 88' lang='lat' dir='ltr'>Nam</span> 
     </span>
     <span class='ocr_line' id='line_1_11' title="bbox 152 1204 894 1283; baseline -0.001 -18"><span class='ocrx_word' id='word_1_78' title='bbox 152 1227 187 1265; x_wconf 85' lang='lat' dir='ltr'>ex</span> <span class='ocrx_word' id='word_1_79' title='bbox 199 1204 283 1267; x_wconf 84' lang='lat' dir='ltr'>variis</span> <span class='ocrx_word' id='word_1_80' title='bbox 296 1204 408 1263; x_wconf 90' lang='lat' dir='ltr'>floribus</span> <span class='ocrx_word' id='word_1_81' title='bbox 431 1219 512 1283; x_wconf 87' lang='lat' dir='ltr'>atque</span> <span class='ocrx_word' id='word_1_82' title='bbox 524 1205 615 1264; x_wconf 87' lang='lat' dir='ltr'>herbis</span> <span class='ocrx_word' id='word_1_83' title='bbox 636 1205 663 1264; x_wconf 91' lang='lat' dir='ltr'>in</span> <span class='ocrx_word' id='word_1_84' title='bbox 686 1205 799 1279; x_wconf 84' lang='lat' dir='ltr'>deserto,</span> <span class='ocrx_word' id='word_1_85' title='bbox 818 1204 894 1264; x_wconf 87' lang='lat' dir='ltr'>velut</span> 
     </span>
     <span class='ocr_line' id='line_1_12' title="bbox 151 1283 894 1363; baseline -0.003 -19"><span class='ocrx_word' id='word_1_86' title='bbox 151 1283 347 1345; x_wconf 88' lang='lat' dir='ltr'>emendicantes</span> <span class='ocrx_word' id='word_1_87' title='bbox 360 1285 481 1343; x_wconf 80' lang='lat' dir='ltr'>aureolas</span> <span class='ocrx_word' id='word_1_88' title='bbox 489 1283 559 1343; x_wconf 88' lang='lat' dir='ltr'>mris</span> <span class='ocrx_word' id='word_1_89' title='bbox 572 1297 671 1363; x_wconf 78' lang='lat' dir='ltr'>guttas,</span> <span class='ocrx_word' id='word_1_90' title='bbox 688 1284 856 1343; x_wconf 86' lang='lat' dir='ltr'>condatuma</span> <span class='ocrx_word' id='word_1_91' title='bbox 865 1306 894 1342; x_wconf 88' lang='lat' dir='ltr'>se</span> 
     </span>
     <span class='ocr_line' id='line_1_13' title="bbox 152 1356 893 1425; baseline -0.005 0"><span class='ocrx_word' id='word_1_92' title='bbox 152 1365 205 1425; x_wconf 88' lang='lat' dir='ltr'>mel</span> <span class='ocrx_word' id='word_1_93' title='bbox 227 1365 268 1424; x_wconf 92' lang='lat' dir='ltr'>illi</span> <span class='ocrx_word' id='word_1_94' title='bbox 292 1363 447 1423; x_wconf 83' lang='lat' dir='ltr'>offerebant.</span> <span class='ocrx_word' id='word_1_95' title='bbox 462 1356 538 1422; x_wconf 72' lang='lat' dir='ltr'>Hanc</span> <span class='ocrx_word' id='word_1_96' title='bbox 549 1363 684 1423; x_wconf 82' lang='lat' dir='ltr'>carnificis</span> <span class='ocrx_word' id='word_1_97' title='bbox 698 1384 793 1423; x_wconf 81' lang='lat' dir='ltr'>mrum</span> <span class='ocrx_word' id='word_1_98' title='bbox 805 1363 893 1422; x_wconf 88' lang='lat' dir='ltr'>absci-</span> 
     </span>
     <span class='ocr_line' id='line_1_14' title="bbox 152 1442 892 1524; baseline -0.004 -20"><span class='ocrx_word' id='word_1_99' title='bbox 152 1444 306 1523; x_wconf 56' lang='lat' dir='ltr'>dit‚neque</span> <span class='ocrx_word' id='word_1_100' title='bbox 320 1443 436 1503; x_wconf 85' lang='lat' dir='ltr'>similem</span> <span class='ocrx_word' id='word_1_101' title='bbox 454 1442 556 1522; x_wconf 78' lang='lat' dir='ltr'>angelis</span> <span class='ocrx_word' id='word_1_102' title='bbox 564 1442 674 1503; x_wconf 84' lang='lat' dir='ltr'>vultum</span> <span class='ocrx_word' id='word_1_103' title='bbox 688 1444 747 1524; x_wconf 83' lang='lat' dir='ltr'>ejus</span> <span class='ocrx_word' id='word_1_104' title='bbox 765 1442 892 1502; x_wconf 77' lang='lat' dir='ltr'>reformi-</span> 
     </span>
     <span class='ocr_line' id='line_1_15' title="bbox 152 1520 893 1602; baseline -0.001 -19"><span class='ocrx_word' id='word_1_105' title='bbox 152 1523 239 1594; x_wconf 70' lang='lat' dir='ltr'>das‘it,</span> <span class='ocrx_word' id='word_1_106' title='bbox 255 1544 308 1583; x_wconf 91' lang='lat' dir='ltr'>non</span> <span class='ocrx_word' id='word_1_107' title='bbox 322 1522 450 1598; x_wconf 81' lang='lat' dir='ltr'>tremuit,</span> <span class='ocrx_word' id='word_1_108' title='bbox 466 1543 520 1583; x_wconf 94' lang='lat' dir='ltr'>non</span> <span class='ocrx_word' id='word_1_109' title='bbox 534 1522 648 1581; x_wconf 77' lang='lat' dir='ltr'>reverita</span> <span class='ocrx_word' id='word_1_110' title='bbox 660 1536 700 1582; x_wconf 89' lang='lat' dir='ltr'>est</span> <span class='ocrx_word' id='word_1_111' title='bbox 721 1520 818 1583; x_wconf 76' lang='lat' dir='ltr'>faciem</span> <span class='ocrx_word' id='word_1_112' title='bbox 834 1523 893 1602; x_wconf 83' lang='lat' dir='ltr'>ejus</span> 
     </span>
     <span class='ocr_line' id='line_1_16' title="bbox 151 1600 894 1683; baseline 0 -21"><span class='ocrx_word' id='word_1_113' title='bbox 151 1602 249 1663; x_wconf 87' lang='lat' dir='ltr'>divinu</span> <span class='ocrx_word' id='word_1_114' title='bbox 292 1601 467 1683; x_wconf 84' lang='lat' dir='ltr'>ejaculantem</span> <span class='ocrx_word' id='word_1_115' title='bbox 482 1600 660 1683; x_wconf 84' lang='lat' dir='ltr'>splendorem.</span> <span class='ocrx_word' id='word_1_116' title='bbox 675 1601 730 1662; x_wconf 85' lang='lat' dir='ltr'>Sed</span> <span class='ocrx_word' id='word_1_117' title='bbox 744 1616 894 1662; x_wconf 70' lang='lat' dir='ltr'>excecatus</span> 
     </span>
     <span class='ocr_line' id='line_1_17' title="bbox 151 1624 893 1764; baseline -0.003 -22"><span class='ocrx_word' id='word_1_118' title='bbox 151 1624 297 1764; x_wconf 61' lang='lat' dir='ltr'>opinorllib</span> <span class='ocrx_word' id='word_1_119' title='bbox 309 1680 426 1741; x_wconf 86' lang='lat' dir='ltr'>llerodis</span> <span class='ocrx_word' id='word_1_120' title='bbox 438 1682 575 1757; x_wconf 78' lang='lat' dir='ltr'>ebrietate,</span> <span class='ocrx_word' id='word_1_121' title='bbox 610 1681 638 1741; x_wconf 92' lang='lat' dir='ltr'>ni</span> <span class='ocrx_word' id='word_1_122' title='bbox 648 1682 747 1741; x_wconf 81' lang='lat' dir='ltr'>missua</span> <span class='ocrx_word' id='word_1_123' title='bbox 756 1694 796 1741; x_wconf 72' lang='lat' dir='ltr'>ert</span> <span class='ocrx_word' id='word_1_124' title='bbox 806 1681 893 1740; x_wconf 90' lang='lat' dir='ltr'>carni·</span> 
     </span>
     <span class='ocr_line' id='line_1_18' title="bbox 151 1704 891 1840; baseline -0.001 -19"><span class='ocrx_word' id='word_1_125' title='bbox 151 1762 297 1838; x_wconf 76' lang='lat' dir='ltr'>t‘ex‚ensem</span> <span class='ocrx_word' id='word_1_126' title='bbox 306 1759 417 1840; x_wconf 86' lang='lat' dir='ltr'>quidem</span> <span class='ocrx_word' id='word_1_127' title='bbox 427 1761 534 1834; x_wconf 89' lang='lat' dir='ltr'>babuit,</span> <span class='ocrx_word' id='word_1_128' title='bbox 542 1704 634 1821; x_wconf 85' lang='lat' dir='ltr'>oculos</span> <span class='ocrx_word' id='word_1_129' title='bbox 643 1782 709 1821; x_wconf 82' lang='lat' dir='ltr'>vero</span> <span class='ocrx_word' id='word_1_130' title='bbox 721 1781 775 1821; x_wconf 90' lang='lat' dir='ltr'>non</span> <span class='ocrx_word' id='word_1_131' title='bbox 787 1760 891 1821; x_wconf 88' lang='lat' dir='ltr'>habuit.</span> 
     </span>
    </p>
   </div>
   <div class='ocr_carea' id='block_1_5' title="bbox 947 728 1587 870">
    <p class='ocr_par' dir='ltr' id='par_1_5' title="bbox 947 728 1587 870">
     <span class='ocr_line' id='line_1_19' title="bbox 947 728 1587 870; baseline 0.002 -84"><span class='ocrx_word' id='word_1_132' title='bbox 947 728 1068 811; x_wconf 70' lang='grc' dir='ltr'>ἔτρεφον,</span> <span class='ocrx_word' id='word_1_133' title='bbox 1078 730 1129 791; x_wconf 74' lang='lat' dir='ltr'>’lix</span> <span class='ocrx_word' id='word_1_134' title='bbox 1139 731 1195 870; x_wconf 74' lang='grc' dir='ltr'>γάρ</span> <span class='ocrx_word' id='word_1_135' title='bbox 1209 730 1338 792; x_wconf 89' lang='grc' dir='ltr'>ποικίλων</span> <span class='ocrx_word' id='word_1_136' title='bbox 1351 734 1438 789; x_wconf 83' lang='grc' dir='ltr'>ἀνθῶν</span> <span class='ocrx_word' id='word_1_137' title='bbox 1448 730 1494 788; x_wconf 87' lang='grc' dir='ltr'>καί</span> <span class='ocrx_word' id='word_1_138' title='bbox 1508 733 1587 808; x_wconf 78' lang='grc' dir='ltr'>βοταν·</span> 
     </span>
    </p>
   </div>
   <div class='ocr_carea' id='block_1_6' title="bbox 945 808 1587 1071">
    <p class='ocr_par' dir='ltr' id='par_1_6' title="bbox 945 808 1587 1071">
     <span class='ocr_line' id='line_1_20' title="bbox 946 808 1587 908; baseline 0.022 -42"><span class='ocrx_word' id='word_1_139' title='bbox 946 810 1038 890; x_wconf 70' lang='grc' dir='ltr'>ἐρήμῳ</span> <span class='ocrx_word' id='word_1_140' title='bbox 1052 814 1139 892; x_wconf 83' lang='grc' dir='ltr'>ἐρανιζ</span> <span class='ocrx_word' id='word_1_141' title='bbox 1155 835 1231 890; x_wconf 86' lang='grc' dir='ltr'>μεναι</span> <span class='ocrx_word' id='word_1_142' title='bbox 1244 816 1297 870; x_wconf 85' lang='grc' dir='ltr'>τῶν</span> <span class='ocrx_word' id='word_1_143' title='bbox 1311 808 1416 889; x_wconf 78' lang='grc' dir='ltr'>δρόσων</span> <span class='ocrx_word' id='word_1_144' title='bbox 1430 809 1478 876; x_wconf 66' lang='lat' dir='ltr'>et&lt;</span> <span class='ocrx_word' id='word_1_145' title='bbox 1490 811 1587 908; x_wconf 56' lang='lat' dir='ltr'>myli*</span> 
     </span>
     <span class='ocr_line' id='line_1_21' title="bbox 946 888 1587 973; baseline 0.014 -26"><span class='ocrx_word' id='word_1_146' title='bbox 946 891 1035 959; x_wconf 85' lang='grc' dir='ltr'>ειδείς,</span> <span class='ocrx_word' id='word_1_147' title='bbox 1049 891 1248 973; x_wconf 83' lang='grc' dir='ltr'>συνυφαίνουααι</span> <span class='ocrx_word' id='word_1_148' title='bbox 1258 893 1331 970; x_wconf 72' lang='grc' dir='ltr'>αἰετῷ</span> <span class='ocrx_word' id='word_1_149' title='bbox 1344 888 1376 948; x_wconf 82' lang='grc' dir='ltr'>τό</span> <span class='ocrx_word' id='word_1_150' title='bbox 1389 888 1455 966; x_wconf 78' lang='grc' dir='ltr'>μέλι</span> <span class='ocrx_word' id='word_1_151' title='bbox 1467 910 1587 969; x_wconf 41' lang='lat' dir='ltr'>xpm&amp;</span> 
     </span>
     <span class='ocr_line' id='line_1_22' title="bbox 945 968 1587 1071; baseline 0.028 -44"><span class='ocrx_word' id='word_1_152' title='bbox 945 991 989 1027; x_wconf 87' lang='grc' dir='ltr'>τον</span> <span class='ocrx_word' id='word_1_153' title='bbox 1003 969 1063 1051; x_wconf 76' lang='grc' dir='ltr'>χείρ</span> <span class='ocrx_word' id='word_1_154' title='bbox 1077 973 1160 1071; x_wconf 68' lang='grc' dir='ltr'>δημία</span> <span class='ocrx_word' id='word_1_155' title='bbox 1175 970 1314 1048; x_wconf 75' lang='grc' dir='ltr'>ἀπέτεμεν,</span> <span class='ocrx_word' id='word_1_156' title='bbox 1337 972 1367 1028; x_wconf 77' lang='grc' dir='ltr'>οὗ</span> <span class='ocrx_word' id='word_1_157' title='bbox 1386 968 1505 1051; x_wconf 65' lang='grc' dir='ltr'>φρίξασα</span> <span class='ocrx_word' id='word_1_158' title='bbox 1519 970 1587 1065; x_wconf 27' lang='lat' dir='ltr'>‘lxii</span> 
     </span>
    </p>
   </div>
   <div class='ocr_carea' id='block_1_7' title="bbox 945 1049 1587 1851">
    <p class='ocr_par' dir='ltr' id='par_1_7' title="bbox 945 1049 1587 1851">
     <span class='ocr_line' id='line_1_23' title="bbox 946 1049 1587 1131; baseline -0.003 -25"><span class='ocrx_word' id='word_1_159' title='bbox 946 1053 1024 1109; x_wconf 80' lang='grc' dir='ltr'>αὐτοῦ</span> <span class='ocrx_word' id='word_1_160' title='bbox 1037 1072 1186 1131; x_wconf 86' lang='grc' dir='ltr'>προσωπον,</span> <span class='ocrx_word' id='word_1_161' title='bbox 1201 1050 1258 1110; x_wconf 74' lang='grc' dir='ltr'>οὐδὲ</span> <span class='ocrx_word' id='word_1_162' title='bbox 1271 1072 1288 1107; x_wconf 92' lang='grc' dir='ltr'>τ</span> <span class='ocrx_word' id='word_1_163' title='bbox 1321 1049 1435 1128; x_wconf 82' lang='grc' dir='ltr'>μάσασα</span> <span class='ocrx_word' id='word_1_164' title='bbox 1449 1052 1529 1108; x_wconf 75' lang='grc' dir='ltr'>αὐτοῦ</span> <span class='ocrx_word' id='word_1_165' title='bbox 1540 1071 1587 1105; x_wconf 82' lang='grc' dir='ltr'>τοι</span> 
     </span>
     <span class='ocr_line' id='line_1_24' title="bbox 945 1128 1548 1207; baseline -0.003 -19"><span class='ocrx_word' id='word_1_166' title='bbox 945 1129 1135 1202; x_wconf 85' lang='grc' dir='ltr'>στιλπνότητας</span> <span class='ocrx_word' id='word_1_167' title='bbox 1149 1132 1269 1204; x_wconf 83' lang='grc' dir='ltr'>θεοειδεῖς</span> <span class='ocrx_word' id='word_1_168' title='bbox 1299 1128 1456 1207; x_wconf 86' lang='grc' dir='ltr'>ποπέμπον.</span> <span class='ocrx_word' id='word_1_169' title='bbox 1477 1128 1548 1187; x_wconf 81' lang='grc' dir='ltr'>Ἀλλ’</span> 
     </span>
     <span class='ocr_line' id='line_1_25' title="bbox 945 1206 1587 1294; baseline -0.011 -23"><span class='ocrx_word' id='word_1_170' title='bbox 945 1214 977 1281; x_wconf 74' lang='grc' dir='ltr'>τῆ</span> <span class='ocrx_word' id='word_1_171' title='bbox 994 1210 1060 1290; x_wconf 79' lang='grc' dir='ltr'>μίθη</span> <span class='ocrx_word' id='word_1_172' title='bbox 1074 1214 1120 1269; x_wconf 78' lang='grc' dir='ltr'>τοῦ</span> <span class='ocrx_word' id='word_1_173' title='bbox 1135 1211 1255 1294; x_wconf 79' lang='grc' dir='ltr'><strong>Ἡρώδου</strong></span> <span class='ocrx_word' id='word_1_174' title='bbox 1269 1209 1412 1275; x_wconf 83' lang='grc' dir='ltr'>σκοτωθείς</span> <span class='ocrx_word' id='word_1_175' title='bbox 1432 1214 1448 1268; x_wconf 82' lang='grc' dir='ltr'>θ</span> <span class='ocrx_word' id='word_1_176' title='bbox 1468 1206 1587 1287; x_wconf 80' lang='grc' dir='ltr'>πεμφθείι</span> 
     </span>
     <span class='ocr_line' id='line_1_26' title="bbox 947 1275 1586 1371; baseline -0.005 -24"><span class='ocrx_word' id='word_1_177' title='bbox 947 1275 1018 1369; x_wconf 76' lang='grc' dir='ltr'>ξίφος</span> <span class='ocrx_word' id='word_1_178' title='bbox 1034 1289 1081 1369; x_wconf 65' lang='grc' dir='ltr'>μὲν</span> <span class='ocrx_word' id='word_1_179' title='bbox 1095 1282 1177 1371; x_wconf 75' lang='grc' dir='ltr'>εἶχεν,</span> <span class='ocrx_word' id='word_1_180' title='bbox 1192 1289 1342 1371; x_wconf 82' lang='grc' dir='ltr'>δφθαλμοθς</span> <span class='ocrx_word' id='word_1_181' title='bbox 1355 1289 1383 1348; x_wconf 78' lang='grc' dir='ltr'>δὲ</span> <span class='ocrx_word' id='word_1_182' title='bbox 1395 1292 1447 1348; x_wconf 78' lang='grc' dir='ltr'>οὔκ</span> <span class='ocrx_word' id='word_1_183' title='bbox 1461 1279 1527 1367; x_wconf 75' lang='grc' dir='ltr'>εἶχε,</span> <span class='ocrx_word' id='word_1_184' title='bbox 1540 1288 1586 1347; x_wconf 81' lang='grc' dir='ltr'>Ιίαί</span> 
     </span>
     <span class='ocr_line' id='line_1_27' title="bbox 945 1358 1586 1468; baseline -0.005 -40"><span class='ocrx_word' id='word_1_185' title='bbox 945 1375 962 1441; x_wconf 80' lang='grc' dir='ltr'>ἡ</span> <span class='ocrx_word' id='word_1_186' title='bbox 978 1368 1078 1451; x_wconf 81' lang='grc' dir='ltr'>κεφαλὴ</span> <span class='ocrx_word' id='word_1_187' title='bbox 1102 1369 1223 1430; x_wconf 75' lang='grc' dir='ltr'>Ἰωάννου</span> <span class='ocrx_word' id='word_1_188' title='bbox 1249 1373 1317 1450; x_wconf 75' lang='grc' dir='ltr'>’(οίι</span> <span class='ocrx_word' id='word_1_189' title='bbox 1336 1367 1390 1468; x_wconf 76' lang='grc' dir='ltr'>γάρ</span> <span class='ocrx_word' id='word_1_190' title='bbox 1406 1366 1467 1428; x_wconf 61' lang='lat' dir='ltr'>last</span> <span class='ocrx_word' id='word_1_191' title='bbox 1481 1390 1548 1426; x_wconf 84' lang='grc' dir='ltr'>ποτε</span> <span class='ocrx_word' id='word_1_192' title='bbox 1567 1358 1586 1425; x_wconf 85' lang='lat' dir='ltr'>ol</span> 
     </span>
     <span class='ocr_line' id='line_1_28' title="bbox 946 1447 1586 1530; baseline -0.003 -23"><span class='ocrx_word' id='word_1_193' title='bbox 946 1448 1052 1530; x_wconf 76' lang='grc' dir='ltr'>ἐφέρετο</span> <span class='ocrx_word' id='word_1_194' title='bbox 1065 1450 1110 1509; x_wconf 84' lang='grc' dir='ltr'>ἐπί</span> <span class='ocrx_word' id='word_1_195' title='bbox 1123 1451 1215 1510; x_wconf 88' lang='grc' dir='ltr'>πίνακι</span> <span class='ocrx_word' id='word_1_196' title='bbox 1227 1454 1245 1521; x_wconf 73' lang='grc' dir='ltr'>ἡ</span> <span class='ocrx_word' id='word_1_197' title='bbox 1260 1447 1363 1528; x_wconf 81' lang='grc' dir='ltr'>κεφαλὴ</span> <span class='ocrx_word' id='word_1_198' title='bbox 1387 1447 1507 1506; x_wconf 88' lang='grc' dir='ltr'>Ιωάννου</span> <span class='ocrx_word' id='word_1_199' title='bbox 1523 1449 1551 1504; x_wconf 85' lang='grc' dir='ltr'>ἐν</span> <span class='ocrx_word' id='word_1_200' title='bbox 1563 1451 1586 1505; x_wconf 81' lang='grc' dir='ltr'><strong>τὲ</strong></span> 
     </span>
     <span class='ocr_line' id='line_1_29' title="bbox 945 1526 1582 1612; baseline -0.006 -24"><span class='ocrx_word' id='word_1_201' title='bbox 945 1531 990 1588; x_wconf 83' lang='grc' dir='ltr'>καί</span> <span class='ocrx_word' id='word_1_202' title='bbox 1002 1530 1061 1589; x_wconf 85' lang='grc' dir='ltr'>τότε</span> <span class='ocrx_word' id='word_1_203' title='bbox 1080 1532 1169 1609; x_wconf 81' lang='grc' dir='ltr'>βοῶσα</span> <span class='ocrx_word' id='word_1_204' title='bbox 1182 1529 1247 1612; x_wconf 77' lang='grc' dir='ltr'>πρὸς</span> <span class='ocrx_word' id='word_1_205' title='bbox 1260 1526 1400 1608; x_wconf 78' lang='grc' dir='ltr'>Ἡρώδην,</span> <span class='ocrx_word' id='word_1_206' title='bbox 1422 1530 1482 1586; x_wconf 84' lang='grc' dir='ltr'>Οὐκ</span> <span class='ocrx_word' id='word_1_207' title='bbox 1499 1526 1582 1594; x_wconf 79' lang='grc' dir='ltr'>ἔξεστί</span> 
     </span>
     <span class='ocr_line' id='line_1_30' title="bbox 945 1605 1582 1690; baseline -0.008 -22"><span class='ocrx_word' id='word_1_208' title='bbox 945 1607 994 1681; x_wconf 71' lang='grc' dir='ltr'>την</span> <span class='ocrx_word' id='word_1_209' title='bbox 1011 1617 1123 1689; x_wconf 86' lang='grc' dir='ltr'>γυναῖκα</span> <span class='ocrx_word' id='word_1_210' title='bbox 1136 1615 1182 1669; x_wconf 80' lang='grc' dir='ltr'>τοῦ</span> <span class='ocrx_word' id='word_1_211' title='bbox 1197 1611 1308 1690; x_wconf 80' lang='grc' dir='ltr'>ἀδελφοῦ</span> <span class='ocrx_word' id='word_1_212' title='bbox 1324 1631 1379 1667; x_wconf 90' lang='grc' dir='ltr'>σου.</span> <span class='ocrx_word' id='word_1_213' title='bbox 1398 1607 1456 1667; x_wconf 84' lang='grc' dir='ltr'>Καί</span> <span class='ocrx_word' id='word_1_214' title='bbox 1471 1605 1525 1685; x_wconf 72' lang='grc' dir='ltr'>γάρ</span> <span class='ocrx_word' id='word_1_215' title='bbox 1538 1606 1582 1664; x_wconf 84' lang='grc' dir='ltr'>καὶ</span> 
     </span>
     <span class='ocr_line' id='line_1_31' title="bbox 945 1688 1586 1765; baseline -0.003 -19"><span class='ocrx_word' id='word_1_216' title='bbox 945 1712 1022 1749; x_wconf 86' lang='grc' dir='ltr'>νατον</span> <span class='ocrx_word' id='word_1_217' title='bbox 1036 1695 1051 1749; x_wconf 85' lang='grc' dir='ltr'><strong>ὁ</strong></span> <span class='ocrx_word' id='word_1_218' title='bbox 1064 1689 1163 1757; x_wconf 88' lang='grc' dir='ltr'>δίκαιος</span> <span class='ocrx_word' id='word_1_219' title='bbox 1182 1688 1240 1761; x_wconf 72' lang='grc' dir='ltr'>ἔζη,</span> <span class='ocrx_word' id='word_1_220' title='bbox 1260 1688 1307 1748; x_wconf 83' lang='grc' dir='ltr'>καί</span> <span class='ocrx_word' id='word_1_221' title='bbox 1320 1692 1368 1759; x_wconf 70' lang='grc' dir='ltr'>τῆς</span> <span class='ocrx_word' id='word_1_222' title='bbox 1378 1689 1503 1765; x_wconf 77' lang='grc' dir='ltr'>κεφαλῆς</span> <span class='ocrx_word' id='word_1_223' title='bbox 1514 1689 1586 1744; x_wconf 71' lang='grc' dir='ltr'>αὐτοῦ</span> 
     </span>
     <span class='ocr_line' id='line_1_32' title="bbox 945 1764 1586 1851; baseline -0.008 -23"><span class='ocrx_word' id='word_1_224' title='bbox 945 1768 1033 1842; x_wconf 88' lang='grc' dir='ltr'>θείσης</span> <span class='ocrx_word' id='word_1_225' title='bbox 1044 1776 1060 1843; x_wconf 81' lang='grc' dir='ltr'><strong>ἡ</strong></span> <span class='ocrx_word' id='word_1_226' title='bbox 1073 1769 1146 1851; x_wconf 75' lang='grc' dir='ltr'>φωνὴ</span> <span class='ocrx_word' id='word_1_227' title='bbox 1158 1773 1199 1848; x_wconf 79' lang='grc' dir='ltr'>ζῇ.</span> <span class='ocrx_word' id='word_1_228' title='bbox 1208 1768 1246 1828; x_wconf 84' lang='grc' dir='ltr'>Ὦ</span> <span class='ocrx_word' id='word_1_229' title='bbox 1257 1767 1364 1845; x_wconf 79' lang='grc' dir='ltr'>ὠμότης</span> <span class='ocrx_word' id='word_1_230' title='bbox 1379 1764 1525 1842; x_wconf 76' lang='grc' dir='ltr'>ἀνθρώπου</span> <span class='ocrx_word' id='word_1_231' title='bbox 1538 1789 1545 1802; x_wconf 87' lang='grc'><em>·</em></span> <span class='ocrx_word' id='word_1_232' title='bbox 1561 1769 1586 1845; x_wconf 74' lang='grc' dir='ltr'>ἐφ</span> 
     </span>
    </p>
   </div>
   <div class='ocr_carea' id='block_1_8' title="bbox 152 1840 1586 2162">
    <p class='ocr_par' dir='ltr' id='par_1_8' title="bbox 152 1840 1586 2162">
     <span class='ocr_line' id='line_1_33' title="bbox 153 1840 1586 1932; baseline 0.001 -31"><span class='ocrx_word' id='word_1_233' title='bbox 153 1841 189 1900; x_wconf 88' lang='lat' dir='ltr'>Et</span> <span class='ocrx_word' id='word_1_234' title='bbox 204 1842 353 1901; x_wconf 87' lang='lat' dir='ltr'>abscissum</span> <span class='ocrx_word' id='word_1_235' title='bbox 372 1855 414 1932; x_wconf 64' lang='lat' dir='ltr'>est</span> <span class='ocrx_word' id='word_1_236' title='bbox 431 1854 513 1922; x_wconf 89' lang='lat' dir='ltr'>caput</span> <span class='ocrx_word' id='word_1_237' title='bbox 528 1840 640 1902; x_wconf 85' lang='lat' dir='ltr'>loannis</span> <span class='ocrx_word' id='word_1_238' title='bbox 652 1845 717 1916; x_wconf 90' lang='lat' dir='ltr'>(non</span> <span class='ocrx_word' id='word_1_239' title='bbox 739 1840 811 1931; x_wconf 72' lang='lat' dir='ltr'>euim</span> <span class='ocrx_word' id='word_1_240' title='bbox 832 1863 893 1901; x_wconf 89' lang='lat' dir='ltr'>um·</span> <span class='ocrx_word' id='word_1_241' title='bbox 908 1868 926 1914; x_wconf 82' lang='lat' dir='ltr'>B</span> <span class='ocrx_word' id='word_1_242' title='bbox 945 1847 1036 1908; x_wconf 88' lang='grc' dir='ltr'>πίνακι</span> <span class='ocrx_word' id='word_1_243' title='bbox 1050 1849 1084 1908; x_wconf 73' lang='grc' dir='ltr'>τί</span> <span class='ocrx_word' id='word_1_244' title='bbox 1098 1849 1177 1929; x_wconf 81' lang='grc' dir='ltr'>κρέα,</span> <span class='ocrx_word' id='word_1_245' title='bbox 1193 1851 1236 1908; x_wconf 76' lang='grc' dir='ltr'>ἐπ’</span> <span class='ocrx_word' id='word_1_246' title='bbox 1251 1848 1343 1927; x_wconf 79' lang='grc' dir='ltr'>ἐκείνῳ</span> <span class='ocrx_word' id='word_1_247' title='bbox 1355 1845 1479 1927; x_wconf 77' lang='grc' dir='ltr'>κεφαλὴν</span> <span class='ocrx_word' id='word_1_248' title='bbox 1497 1845 1586 1926; x_wconf 71' lang='grc' dir='ltr'>ἀνδρὸς</span> 
     </span>
     <span class='ocr_line' id='line_1_34' title="bbox 152 1919 1586 2010; baseline -0.005 -28"><span class='ocrx_word' id='word_1_249' title='bbox 152 1943 235 1999; x_wconf 65' lang='grc' dir='ltr'>φίλω</span> <span class='ocrx_word' id='word_1_250' title='bbox 244 1921 341 1982; x_wconf 76' lang='lat' dir='ltr'>vinum</span> <span class='ocrx_word' id='word_1_251' title='bbox 351 1920 475 1995; x_wconf 55' lang='lat' dir='ltr'>lubenti),</span> <span class='ocrx_word' id='word_1_252' title='bbox 483 1934 509 1980; x_wconf 76' lang='lat' dir='ltr'>ei</span> <span class='ocrx_word' id='word_1_253' title='bbox 520 1920 680 1980; x_wconf 78' lang='lat' dir='ltr'>efferebatur</span> <span class='ocrx_word' id='word_1_254' title='bbox 689 1920 717 1980; x_wconf 87' lang='lat' dir='ltr'>ln</span> <span class='ocrx_word' id='word_1_255' title='bbox 725 1919 801 1979; x_wconf 65' lang='lat' dir='ltr'>didm</span> <span class='ocrx_word' id='word_1_256' title='bbox 812 1936 893 2003; x_wconf 67' lang='lat' dir='ltr'>capili</span> <span class='ocrx_word' id='word_1_257' title='bbox 943 1924 981 1986; x_wconf 76' lang='grc' dir='ltr'>Ὦ</span> <span class='ocrx_word' id='word_1_258' title='bbox 999 1930 1137 2010; x_wconf 58' lang='grc' dir='ltr'>παράνομα</span> <span class='ocrx_word' id='word_1_259' title='bbox 1150 1931 1274 2010; x_wconf 60' lang='grc' dir='ltr'>τύραννε,</span> <span class='ocrx_word' id='word_1_260' title='bbox 1289 1928 1339 1987; x_wconf 72' lang='grc' dir='ltr'>οὐχ</span> <span class='ocrx_word' id='word_1_261' title='bbox 1356 1926 1474 2008; x_wconf 68' lang='grc' dir='ltr'>ἤρκεσεν</span> <span class='ocrx_word' id='word_1_262' title='bbox 1488 1926 1542 1984; x_wconf 61' lang='grc' dir='ltr'>ὑπ’)</span> <span class='ocrx_word' id='word_1_263' title='bbox 1552 1931 1586 1983; x_wconf 74' lang='grc' dir='ltr'>τοί</span> 
     </span>
     <span class='ocr_line' id='line_1_35' title="bbox 152 1999 1585 2089; baseline -0.004 -28"><span class='ocrx_word' id='word_1_264' title='bbox 152 2002 263 2061; x_wconf 82' lang='lat' dir='ltr'>loannis</span> <span class='ocrx_word' id='word_1_265' title='bbox 276 2002 304 2061; x_wconf 92' lang='lat' dir='ltr'>in</span> <span class='ocrx_word' id='word_1_266' title='bbox 323 2000 461 2076; x_wconf 78' lang='lat' dir='ltr'>convivio,</span> <span class='ocrx_word' id='word_1_267' title='bbox 485 2013 544 2059; x_wconf 91' lang='lat' dir='ltr'>tum</span> <span class='ocrx_word' id='word_1_268' title='bbox 567 2021 674 2080; x_wconf 89' lang='lat' dir='ltr'>quoque</span> <span class='ocrx_word' id='word_1_269' title='bbox 695 1999 843 2060; x_wconf 75' lang='lat' dir='ltr'>vociferans</span> <span class='ocrx_word' id='word_1_270' title='bbox 856 2000 893 2060; x_wconf 86' lang='lat' dir='ltr'>ad</span> <span class='ocrx_word' id='word_1_271' title='bbox 944 2005 1064 2089; x_wconf 65' lang='grc' dir='ltr'>Ἡρώδου</span> <span class='ocrx_word' id='word_1_272' title='bbox 1078 2014 1096 2081; x_wconf 65' lang='grc' dir='ltr'>ἦ</span> <span class='ocrx_word' id='word_1_273' title='bbox 1109 2013 1162 2067; x_wconf 62' lang='grc' dir='ltr'>τῶν</span> <span class='ocrx_word' id='word_1_274' title='bbox 1180 2012 1282 2089; x_wconf 62' lang='grc' dir='ltr'>νεαρῶν</span> <span class='ocrx_word' id='word_1_275' title='bbox 1300 2005 1405 2064; x_wconf 65' lang='grc' dir='ltr'>τέκνων</span> <span class='ocrx_word' id='word_1_276' title='bbox 1419 2008 1448 2064; x_wconf 68' lang='grc' dir='ltr'>ἐν</span> <span class='ocrx_word' id='word_1_277' title='bbox 1465 2003 1585 2081; x_wconf 61' lang='grc' dir='ltr'>Βηθλεὲμ</span> 
     </span>
     <span class='ocr_line' id='line_1_36' title="bbox 152 2080 893 2162; baseline 0.003 -24"><span class='ocrx_word' id='word_1_278' title='bbox 152 2080 298 2156; x_wconf 83' lang='lat' dir='ltr'>Herodem,</span> <span class='ocrx_word' id='word_1_279' title='bbox 316 2082 386 2140; x_wconf 84' lang='lat' dir='ltr'>Non</span> <span class='ocrx_word' id='word_1_280' title='bbox 399 2080 467 2138; x_wconf 82' lang='lat' dir='ltr'>licet</span> <span class='ocrx_word' id='word_1_281' title='bbox 477 2083 530 2138; x_wconf 76' lang='lat' dir='ltr'>titt</span> <span class='ocrx_word' id='word_1_282' title='bbox 542 2081 651 2138; x_wconf 79' lang='lat' dir='ltr'>babere</span> <span class='ocrx_word' id='word_1_283' title='bbox 661 2100 782 2138; x_wconf 72' lang='lat' dir='ltr'>uxomm</span> <span class='ocrx_word' id='word_1_284' title='bbox 781 2081 893 2162; x_wconf 80' lang='lat' dir='ltr'>fratris</span> 
     </span>
    </p>
   </div>
   <div class='ocr_carea' id='block_1_9' title="bbox 16 2158 893 2250">
    <p class='ocr_par' dir='ltr' id='par_1_9' title="bbox 16 2158 893 2250">
     <span class='ocr_line' id='line_1_37' title="bbox 16 2158 893 2250; baseline 0.002 -32"><span class='ocrx_word' id='word_1_285' title='bbox 16 2168 87 2213; x_wconf 70' lang='lat' dir='ltr'>totth·</span> <span class='ocrx_word' id='word_1_286' title='bbox 104 2161 143 2229; x_wconf 74' lang='lat' dir='ltr'>tl·</span> <span class='ocrx_word' id='word_1_287' title='bbox 153 2161 319 2220; x_wconf 78' lang='lat' dir='ltr'>tui‚l·]tenim</span> <span class='ocrx_word' id='word_1_288' title='bbox 334 2160 414 2218; x_wconf 88' lang='lat' dir='ltr'>etiam</span> <span class='ocrx_word' id='word_1_289' title='bbox 431 2173 491 2239; x_wconf 89' lang='lat' dir='ltr'>post</span> <span class='ocrx_word' id='word_1_290' title='bbox 505 2170 619 2218; x_wconf 77' lang='lat' dir='ltr'>mortem</span> <span class='ocrx_word' id='word_1_291' title='bbox 633 2158 747 2250; x_wconf 76' lang='lat' dir='ltr'>vivebat</span> <span class='ocrx_word' id='word_1_292' title='bbox 749 2158 851 2240; x_wconf 82' lang='lat' dir='ltr'>justus,</span> <span class='ocrx_word' id='word_1_293' title='bbox 866 2173 893 2220; x_wconf 84' lang='lat' dir='ltr'>et</span> 
     </span>
    </p>
   </div>
   <div class='ocr_carea' id='block_1_10' title="bbox 149 2237 895 4624">
    <p class='ocr_par' dir='ltr' id='par_1_10' title="bbox 149 2237 895 4624">
     <span class='ocr_line' id='line_1_38' title="bbox 152 2237 892 2320; baseline 0.001 -23"><span class='ocrx_word' id='word_1_294' title='bbox 152 2239 269 2300; x_wconf 79' lang='lat' dir='ltr'>abscisso</span> <span class='ocrx_word' id='word_1_295' title='bbox 282 2239 368 2320; x_wconf 82' lang='lat' dir='ltr'>rapite</span> <span class='ocrx_word' id='word_1_296' title='bbox 381 2259 436 2297; x_wconf 81' lang='lat' dir='ltr'>vox</span> <span class='ocrx_word' id='word_1_297' title='bbox 450 2237 506 2317; x_wconf 89' lang='lat' dir='ltr'>ipsa</span> <span class='ocrx_word' id='word_1_298' title='bbox 517 2237 597 2297; x_wconf 81' lang='lat' dir='ltr'>vivit.</span> <span class='ocrx_word' id='word_1_299' title='bbox 612 2238 762 2298; x_wconf 85' lang='lat' dir='ltr'>Obomints</span> <span class='ocrx_word' id='word_1_300' title='bbox 774 2237 892 2298; x_wconf 86' lang='lat' dir='ltr'>crudeli-</span> 
     </span>
     <span class='ocr_line' id='line_1_39' title="bbox 150 2316 892 2410; baseline -0.001 -32"><span class='ocrx_word' id='word_1_301' title='bbox 150 2333 233 2379; x_wconf 82' lang='lat' dir='ltr'>tatem</span> <span class='ocrx_word' id='word_1_302' title='bbox 245 2319 253 2380; x_wconf 83' lang='lat'>!</span> <span class='ocrx_word' id='word_1_303' title='bbox 264 2320 295 2378; x_wconf 93' lang='lat' dir='ltr'>In</span> <span class='ocrx_word' id='word_1_304' title='bbox 312 2341 367 2410; x_wconf 78' lang='lat' dir='ltr'>quo</span> <span class='ocrx_word' id='word_1_305' title='bbox 376 2316 451 2377; x_wconf 86' lang='lat' dir='ltr'>diseo</span> <span class='ocrx_word' id='word_1_306' title='bbox 459 2316 555 2376; x_wconf 91' lang='lat' dir='ltr'>edebat</span> <span class='ocrx_word' id='word_1_307' title='bbox 571 2338 670 2391; x_wconf 80' lang='lat' dir='ltr'>carnes,</span> <span class='ocrx_word' id='word_1_308' title='bbox 685 2317 709 2376; x_wconf 90' lang='lat' dir='ltr'>ei</span> <span class='ocrx_word' id='word_1_309' title='bbox 722 2331 803 2397; x_wconf 82' lang='lat' dir='ltr'>caput</span> <span class='ocrx_word' id='word_1_310' title='bbox 814 2320 892 2379; x_wconf 90' lang='lat' dir='ltr'>Joan·</span> 
     </span>
     <span class='ocr_line' id='line_1_40' title="bbox 152 2392 892 2479; baseline -0.001 -22"><span class='ocrx_word' id='word_1_311' title='bbox 152 2399 194 2457; x_wconf 87' lang='lat' dir='ltr'>nis</span> <span class='ocrx_word' id='word_1_312' title='bbox 211 2399 351 2479; x_wconf 75' lang='lat' dir='ltr'>imposuit.</span> <span class='ocrx_word' id='word_1_313' title='bbox 375 2396 505 2474; x_wconf 87' lang='lat' dir='ltr'>Oinique</span> <span class='ocrx_word' id='word_1_314' title='bbox 524 2392 655 2476; x_wconf 86' lang='lat' dir='ltr'>tyranne!</span> <span class='ocrx_word' id='word_1_315' title='bbox 669 2418 721 2455; x_wconf 94' lang='lat' dir='ltr'>non</span> <span class='ocrx_word' id='word_1_316' title='bbox 741 2397 892 2456; x_wconf 86' lang='lat' dir='ltr'>sufficiebat</span> 
     </span>
     <span class='ocr_line' id='line_1_41' title="bbox 151 2475 892 2555; baseline 0.001 -20"><span class='ocrx_word' id='word_1_317' title='bbox 151 2477 198 2537; x_wconf 92' lang='lat' dir='ltr'>illa</span> <span class='ocrx_word' id='word_1_318' title='bbox 209 2500 299 2537; x_wconf 89' lang='lat' dir='ltr'>recens</span> <span class='ocrx_word' id='word_1_319' title='bbox 313 2491 436 2536; x_wconf 90' lang='lat' dir='ltr'>natorum</span> <span class='ocrx_word' id='word_1_320' title='bbox 450 2496 595 2555; x_wconf 88' lang='lat' dir='ltr'>puerorum</span> <span class='ocrx_word' id='word_1_321' title='bbox 611 2497 627 2534; x_wconf 94' lang='lat' dir='ltr'>a</span> <span class='ocrx_word' id='word_1_322' title='bbox 639 2476 730 2555; x_wconf 87' lang='lat' dir='ltr'>priore</span> <span class='ocrx_word' id='word_1_323' title='bbox 740 2475 789 2533; x_wconf 91' lang='lat' dir='ltr'>illo</span> <span class='ocrx_word' id='word_1_324' title='bbox 808 2475 892 2536; x_wconf 86' lang='lat' dir='ltr'>Hero·</span> 
     </span>
     <span class='ocr_line' id='line_1_42' title="bbox 150 2553 891 2647; baseline 0.001 -32"><span class='ocrx_word' id='word_1_325' title='bbox 150 2555 185 2615; x_wconf 93' lang='lat' dir='ltr'>de</span> <span class='ocrx_word' id='word_1_326' title='bbox 198 2558 226 2616; x_wconf 94' lang='lat' dir='ltr'>in</span> <span class='ocrx_word' id='word_1_327' title='bbox 247 2557 385 2617; x_wconf 87' lang='lat' dir='ltr'>Bethleem</span> <span class='ocrx_word' id='word_1_328' title='bbox 426 2568 511 2613; x_wconf 88' lang='lat' dir='ltr'>atrata</span> <span class='ocrx_word' id='word_1_329' title='bbox 532 2553 626 2629; x_wconf 74' lang='lat' dir='ltr'>cades,</span> <span class='ocrx_word' id='word_1_330' title='bbox 643 2575 706 2615; x_wconf 88' lang='lat' dir='ltr'>cum</span> <span class='ocrx_word' id='word_1_331' title='bbox 729 2568 840 2647; x_wconf 88' lang='lat' dir='ltr'>patrum</span> <span class='ocrx_word' id='word_1_332' title='bbox 860 2578 891 2616; x_wconf 89' lang='lat' dir='ltr'>ac</span> 
     </span>
     <span class='ocr_line' id='line_1_43' title="bbox 151 2579 890 2726; baseline -0.003 -30"><span class='ocrx_word' id='word_1_333' title='bbox 151 2651 269 2696; x_wconf 89' lang='lat' dir='ltr'>matrum</span> <span class='ocrx_word' id='word_1_334' title='bbox 283 2636 384 2719; x_wconf 88' lang='lat' dir='ltr'>pariter</span> <span class='ocrx_word' id='word_1_335' title='bbox 404 2579 555 2716; x_wconf 82' lang='lat' dir='ltr'>iirgentium</span> <span class='ocrx_word' id='word_1_336' title='bbox 567 2634 683 2726; x_wconf 74' lang='lat' dir='ltr'>ejulatus</span> <span class='ocrx_word' id='word_1_337' title='bbox 694 2634 806 2714; x_wconf 87' lang='lat' dir='ltr'>spiculis</span> <span class='ocrx_word' id='word_1_338' title='bbox 823 2656 890 2694; x_wconf 89' lang='lat' dir='ltr'>acu·</span> 
     </span>
     <span class='ocr_line' id='line_1_44' title="bbox 150 2714 889 2796; baseline -0.007 -19"><span class='ocrx_word' id='word_1_339' title='bbox 150 2717 233 2777; x_wconf 88' lang='lat' dir='ltr'>tiores</span> <span class='ocrx_word' id='word_1_340' title='bbox 252 2717 431 2792; x_wconf 81' lang='lat' dir='ltr'>audirentur3</span> <span class='ocrx_word' id='word_1_341' title='bbox 457 2735 521 2773; x_wconf 89' lang='lat' dir='ltr'>cum</span> <span class='ocrx_word' id='word_1_342' title='bbox 533 2735 647 2795; x_wconf 78' lang='lat' dir='ltr'>copiosae</span> <span class='ocrx_word' id='word_1_343' title='bbox 661 2715 782 2773; x_wconf 82' lang='lat' dir='ltr'>finarum</span> <span class='ocrx_word' id='word_1_344' title='bbox 796 2714 889 2796; x_wconf 87' lang='lat' dir='ltr'>lacry-</span> 
     </span>
     <span class='ocr_line' id='line_1_45' title="bbox 149 2793 891 2877; baseline -0.005 -21"><span class='ocrx_word' id='word_1_345' title='bbox 149 2817 256 2856; x_wconf 88' lang='lat' dir='ltr'>marum</span> <span class='ocrx_word' id='word_1_346' title='bbox 268 2811 350 2877; x_wconf 78' lang='lat' dir='ltr'>gutta</span> <span class='ocrx_word' id='word_1_347' title='bbox 363 2817 398 2856; x_wconf 80' lang='lat' dir='ltr'>ex</span> <span class='ocrx_word' id='word_1_348' title='bbox 407 2793 557 2856; x_wconf 76' lang='lat' dir='ltr'>visceribus</span> <span class='ocrx_word' id='word_1_349' title='bbox 565 2793 738 2853; x_wconf 84' lang='lat' dir='ltr'>scaturientes</span> <span class='ocrx_word' id='word_1_350' title='bbox 748 2794 833 2853; x_wconf 89' lang='lat' dir='ltr'>lontes</span> <span class='ocrx_word' id='word_1_351' title='bbox 845 2816 891 2853; x_wconf 91' lang='lat' dir='ltr'>su-</span> 
     </span>
     <span class='ocr_line' id='line_1_46' title="bbox 150 2873 890 2958; baseline -0.004 -22"><span class='ocrx_word' id='word_1_352' title='bbox 150 2891 286 2957; x_wconf 83' lang='lat' dir='ltr'>perarent3</span> <span class='ocrx_word' id='word_1_353' title='bbox 296 2898 358 2936; x_wconf 85' lang='lat' dir='ltr'>cunr</span> <span class='ocrx_word' id='word_1_354' title='bbox 368 2890 477 2958; x_wconf 91' lang='lat' dir='ltr'>patrum</span> <span class='ocrx_word' id='word_1_355' title='bbox 493 2888 600 2955; x_wconf 81' lang='lat' dir='ltr'>pectora</span> <span class='ocrx_word' id='word_1_356' title='bbox 613 2873 790 2934; x_wconf 89' lang='lat' dir='ltr'>tunderentur</span> <span class='ocrx_word' id='word_1_357' title='bbox 797 2887 890 2933; x_wconf 75' lang='lat' dir='ltr'>etorm-</span> 
     </span>
     <span class='ocr_line' id='line_1_47' title="bbox 149 2952 890 3038; baseline -0.004 -23"><span class='ocrx_word' id='word_1_358' title='bbox 149 2957 225 3016; x_wconf 79' lang='lat' dir='ltr'>unua</span> <span class='ocrx_word' id='word_1_359' title='bbox 230 2956 347 3038; x_wconf 82' lang='lat' dir='ltr'>suspiria</span> <span class='ocrx_word' id='word_1_360' title='bbox 356 2955 489 3016; x_wconf 86' lang='lat' dir='ltr'>laboriose</span> <span class='ocrx_word' id='word_1_361' title='bbox 498 2975 534 3013; x_wconf 84' lang='lat' dir='ltr'>ex</span> <span class='ocrx_word' id='word_1_362' title='bbox 546 2953 628 3021; x_wconf 83' lang='lat' dir='ltr'>corde</span> <span class='ocrx_word' id='word_1_363' title='bbox 636 2953 672 3013; x_wconf 94' lang='lat' dir='ltr'>ad</span> <span class='ocrx_word' id='word_1_364' title='bbox 681 2975 727 3013; x_wconf 85' lang='lat' dir='ltr'>ora</span> <span class='ocrx_word' id='word_1_365' title='bbox 738 2952 890 3013; x_wconf 86' lang='lat' dir='ltr'>emitteren-</span> 
     </span>
     <span class='ocr_line' id='line_1_48' title="bbox 150 3037 891 3114; baseline -0.003 -20"><span class='ocrx_word' id='word_1_366' title='bbox 150 3037 635 3111; x_wconf 58' lang='lat' dir='ltr'>turrcummatresviseerumsuorum</span> <span class='ocrx_word' id='word_1_367' title='bbox 643 3047 891 3114; x_wconf 79' lang='lat' dir='ltr'>gramenantetem·</span> 
     </span>
     <span class='ocr_line' id='line_1_49' title="bbox 170 3113 891 3251; baseline -0.003 -78"><span class='ocrx_word' id='word_1_368' title='bbox 170 3115 505 3185; x_wconf 80' lang='lat' dir='ltr'>usarefactum,filiossuos</span> <span class='ocrx_word' id='word_1_369' title='bbox 513 3115 643 3251; x_wconf 54' lang='lat' dir='ltr'>lupercum</span> <span class='ocrx_word' id='word_1_370' title='bbox 653 3113 801 3172; x_wconf 86' lang='lat' dir='ltr'>cumetiam</span> <span class='ocrx_word' id='word_1_371' title='bbox 809 3113 891 3172; x_wconf 86' lang='lat' dir='ltr'>ubera</span> 
     </span>
     <span class='ocr_line' id='line_1_50' title="bbox 150 3137 890 3272; baseline -0.005 -18"><span class='ocrx_word' id='word_1_372' title='bbox 150 3137 192 3254; x_wconf 72' lang='lat' dir='ltr'>lic</span> <span class='ocrx_word' id='word_1_373' title='bbox 203 3196 368 3256; x_wconf 80' lang='lat' dir='ltr'>effundentia</span> <span class='ocrx_word' id='word_1_374' title='bbox 380 3211 476 3255; x_wconf 83' lang='lat' dir='ltr'>terram</span> <span class='ocrx_word' id='word_1_375' title='bbox 485 3215 533 3255; x_wconf 90' lang='lat' dir='ltr'>can</span> <span class='ocrx_word' id='word_1_376' title='bbox 554 3216 600 3251; x_wconf 93' lang='lat' dir='ltr'>ore</span> <span class='ocrx_word' id='word_1_377' title='bbox 612 3193 761 3272; x_wconf 77' lang='lat' dir='ltr'>tingerent3</span> <span class='ocrx_word' id='word_1_378' title='bbox 775 3214 837 3251; x_wconf 84' lang='lat' dir='ltr'>crim</span> <span class='ocrx_word' id='word_1_379' title='bbox 849 3192 890 3250; x_wconf 94' lang='lat' dir='ltr'>in·</span> 
     </span>
     <span class='ocr_line' id='line_1_51' title="bbox 151 3272 890 3363; baseline -0.004 -31"><span class='ocrx_word' id='word_1_380' title='bbox 151 3276 245 3350; x_wconf 83' lang='lat' dir='ltr'>sames,</span> <span class='ocrx_word' id='word_1_381' title='bbox 261 3277 307 3354; x_wconf 88' lang='lat' dir='ltr'>qui</span> <span class='ocrx_word' id='word_1_382' title='bbox 326 3298 356 3334; x_wconf 86' lang='lat' dir='ltr'>ca</span> <span class='ocrx_word' id='word_1_383' title='bbox 370 3277 512 3354; x_wconf 76' lang='lat' dir='ltr'>surgebant,</span> <span class='ocrx_word' id='word_1_384' title='bbox 527 3272 669 3363; x_wconf 81' lang='lat' dir='ltr'>tlercpente</span> <span class='ocrx_word' id='word_1_385' title='bbox 679 3273 797 3353; x_wconf 79' lang='lat' dir='ltr'>jugulati</span> <span class='ocrx_word' id='word_1_386' title='bbox 817 3274 890 3352; x_wconf 85' lang='lat' dir='ltr'>jace-</span> 
     </span>
     <span class='ocr_line' id='line_1_52' title="bbox 151 3352 891 3435; baseline -0.005 -22"><span class='ocrx_word' id='word_1_387' title='bbox 151 3370 209 3414; x_wconf 88' lang='lat' dir='ltr'>rent</span> <span class='ocrx_word' id='word_1_388' title='bbox 225 3379 233 3431; x_wconf 86' lang='lat'>;</span> <span class='ocrx_word' id='word_1_389' title='bbox 250 3377 312 3413; x_wconf 91' lang='lat' dir='ltr'>cum</span> <span class='ocrx_word' id='word_1_390' title='bbox 327 3370 467 3435; x_wconf 84' lang='lat' dir='ltr'>parentum</span> <span class='ocrx_word' id='word_1_391' title='bbox 477 3355 551 3413; x_wconf 88' lang='lat' dir='ltr'>sinus</span> <span class='ocrx_word' id='word_1_392' title='bbox 562 3375 617 3411; x_wconf 79' lang='lat' dir='ltr'>suis</span> <span class='ocrx_word' id='word_1_393' title='bbox 630 3353 789 3433; x_wconf 81' lang='lat' dir='ltr'>pignoribus</span> <span class='ocrx_word' id='word_1_394' title='bbox 803 3352 891 3410; x_wconf 89' lang='lat' dir='ltr'>orbati</span> 
     </span>
     <span class='ocr_line' id='line_1_53' title="bbox 151 3430 892 3505; baseline -0.001 -14"><span class='ocrx_word' id='word_1_395' title='bbox 151 3449 246 3505; x_wconf 80' lang='lat' dir='ltr'>essent,</span> <span class='ocrx_word' id='word_1_396' title='bbox 258 3455 322 3493; x_wconf 90' lang='lat' dir='ltr'>cum</span> <span class='ocrx_word' id='word_1_397' title='bbox 343 3449 458 3493; x_wconf 92' lang='lat' dir='ltr'>matrum</span> <span class='ocrx_word' id='word_1_398' title='bbox 475 3435 557 3492; x_wconf 90' lang='lat' dir='ltr'>ubera</span> <span class='ocrx_word' id='word_1_399' title='bbox 576 3432 753 3490; x_wconf 86' lang='lat' dir='ltr'>delicatorum</span> <span class='ocrx_word' id='word_1_400' title='bbox 770 3430 892 3490; x_wconf 91' lang='lat' dir='ltr'>dentium</span> 
     </span>
     <span class='ocr_line' id='line_1_54' title="bbox 151 3511 891 3592; baseline -0.003 -21"><span class='ocrx_word' id='word_1_401' title='bbox 151 3513 288 3572; x_wconf 83' lang='lat' dir='ltr'>mordaces</span> <span class='ocrx_word' id='word_1_402' title='bbox 304 3513 470 3572; x_wconf 90' lang='lat' dir='ltr'>titillationes</span> <span class='ocrx_word' id='word_1_403' title='bbox 484 3511 666 3592; x_wconf 77' lang='lat' dir='ltr'>rcrprirercnt?</span> <span class='ocrx_word' id='word_1_404' title='bbox 680 3512 750 3569; x_wconf 85' lang='lat' dir='ltr'>Nam</span> <span class='ocrx_word' id='word_1_405' title='bbox 760 3532 819 3588; x_wconf 82' lang='lat' dir='ltr'>quae</span> <span class='ocrx_word' id='word_1_406' title='bbox 833 3525 891 3569; x_wconf 90' lang='lat' dir='ltr'>tan-</span> 
     </span>
     <span class='ocr_line' id='line_1_55' title="bbox 151 3586 892 3669; baseline -0.003 -18"><span class='ocrx_word' id='word_1_407' title='bbox 151 3586 317 3651; x_wconf 70' lang='lat' dir='ltr'>dem‘bellua</span> <span class='ocrx_word' id='word_1_408' title='bbox 330 3614 384 3651; x_wconf 93' lang='lat' dir='ltr'>non</span> <span class='ocrx_word' id='word_1_409' title='bbox 397 3593 522 3669; x_wconf 82' lang='lat' dir='ltr'>flevisset,</span> <span class='ocrx_word' id='word_1_410' title='bbox 539 3612 600 3649; x_wconf 93' lang='lat' dir='ltr'>cum</span> <span class='ocrx_word' id='word_1_411' title='bbox 620 3590 732 3650; x_wconf 80' lang='lat' dir='ltr'>vidisset</span> <span class='ocrx_word' id='word_1_412' title='bbox 744 3589 835 3668; x_wconf 89' lang='lat' dir='ltr'>inique</span> <span class='ocrx_word' id='word_1_413' title='bbox 848 3612 892 3649; x_wconf 89' lang='lat' dir='ltr'>oc·</span> 
     </span>
     <span class='ocr_line' id='line_1_56' title="bbox 152 3669 891 3750; baseline -0.001 -21"><span class='ocrx_word' id='word_1_414' title='bbox 152 3672 206 3729; x_wconf 93' lang='lat' dir='ltr'>cidi</span> <span class='ocrx_word' id='word_1_415' title='bbox 218 3673 368 3730; x_wconf 86' lang='lat' dir='ltr'>innocentes</span> <span class='ocrx_word' id='word_1_416' title='bbox 384 3672 507 3743; x_wconf 80' lang='lat' dir='ltr'>infantes,</span> <span class='ocrx_word' id='word_1_417' title='bbox 521 3691 638 3750; x_wconf 79' lang='lat' dir='ltr'>quorum</span> <span class='ocrx_word' id='word_1_418' title='bbox 659 3669 754 3727; x_wconf 76' lang='lat' dir='ltr'>animae</span> <span class='ocrx_word' id='word_1_419' title='bbox 767 3671 803 3728; x_wconf 91' lang='lat' dir='ltr'>ab</span> <span class='ocrx_word' id='word_1_420' title='bbox 818 3671 891 3728; x_wconf 92' lang='lat' dir='ltr'>omni</span> 
     </span>
     <span class='ocr_line' id='line_1_57' title="bbox 151 3748 892 3832; baseline -0.004 -21"><span class='ocrx_word' id='word_1_421' title='bbox 151 3752 257 3832; x_wconf 87' lang='lat' dir='ltr'>penitus</span> <span class='ocrx_word' id='word_1_422' title='bbox 270 3750 364 3810; x_wconf 82' lang='lat' dir='ltr'>fraude</span> <span class='ocrx_word' id='word_1_423' title='bbox 373 3752 466 3811; x_wconf 78' lang='lat' dir='ltr'>alienae</span> <span class='ocrx_word' id='word_1_424' title='bbox 476 3765 570 3826; x_wconf 86' lang='lat' dir='ltr'>crant,</span> <span class='ocrx_word' id='word_1_425' title='bbox 585 3770 702 3828; x_wconf 91' lang='lat' dir='ltr'>quorum</span> <span class='ocrx_word' id='word_1_426' title='bbox 721 3748 817 3808; x_wconf 79' lang='lat' dir='ltr'>anima</span> <span class='ocrx_word' id='word_1_427' title='bbox 838 3765 892 3808; x_wconf 89' lang='lat' dir='ltr'>tam</span> 
     </span>
     <span class='ocr_line' id='line_1_58' title="bbox 152 3828 894 3909; baseline -0.007 -18"><span class='ocrx_word' id='word_1_428' title='bbox 152 3847 225 3891; x_wconf 85' lang='lat' dir='ltr'>crant</span> <span class='ocrx_word' id='word_1_429' title='bbox 236 3833 352 3890; x_wconf 90' lang='lat' dir='ltr'>insontes</span> <span class='ocrx_word' id='word_1_430' title='bbox 362 3856 369 3890; x_wconf 86' lang='grc' dir='ltr'>ι</span> <span class='ocrx_word' id='word_1_431' title='bbox 381 3853 442 3891; x_wconf 76' lang='lat' dir='ltr'>tram</span> <span class='ocrx_word' id='word_1_432' title='bbox 452 3832 547 3890; x_wconf 90' lang='lat' dir='ltr'>tenella</span> <span class='ocrx_word' id='word_1_433' title='bbox 560 3830 690 3901; x_wconf 88' lang='lat' dir='ltr'>membra,</span> <span class='ocrx_word' id='word_1_434' title='bbox 703 3841 795 3909; x_wconf 90' lang='lat' dir='ltr'>utpote</span> <span class='ocrx_word' id='word_1_435' title='bbox 803 3828 894 3887; x_wconf 91' lang='lat' dir='ltr'>adhuc</span> 
     </span>
     <span class='ocr_line' id='line_1_59' title="bbox 151 3855 891 3990; baseline -0.004 -20"><span class='ocrx_word' id='word_1_436' title='bbox 151 3912 319 3971; x_wconf 75' lang='lat' dir='ltr'>infantium?</span> <span class='ocrx_word' id='word_1_437' title='bbox 332 3855 384 3970; x_wconf 73' lang='lat' dir='ltr'>sal</span> <span class='ocrx_word' id='word_1_438' title='bbox 400 3911 532 3990; x_wconf 86' lang='lat' dir='ltr'>numquid</span> <span class='ocrx_word' id='word_1_439' title='bbox 545 3925 572 3970; x_wconf 89' lang='lat' dir='ltr'>ct</span> <span class='ocrx_word' id='word_1_440' title='bbox 585 3908 625 3969; x_wconf 90' lang='lat' dir='ltr'>illi</span> <span class='ocrx_word' id='word_1_441' title='bbox 642 3909 758 3989; x_wconf 88' lang='lat' dir='ltr'>priorem</span> <span class='ocrx_word' id='word_1_442' title='bbox 772 3923 797 3967; x_wconf 90' lang='lat' dir='ltr'>te</span> <span class='ocrx_word' id='word_1_443' title='bbox 811 3909 891 3967; x_wconf 91' lang='lat' dir='ltr'>illum</span> 
     </span>
     <span class='ocr_line' id='line_1_60' title="bbox 152 3989 892 4074; baseline -0.009 -22"><span class='ocrx_word' id='word_1_444' title='bbox 152 3992 286 4052; x_wconf 85' lang='lat' dir='ltr'>Herodem</span> <span class='ocrx_word' id='word_1_445' title='bbox 311 3991 548 4074; x_wconf 85' lang='lat' dir='ltr'>reprehenderunt,</span> <span class='ocrx_word' id='word_1_446' title='bbox 576 3989 677 4069; x_wconf 91' lang='lat' dir='ltr'>quibus</span> <span class='ocrx_word' id='word_1_447' title='bbox 695 4009 781 4068; x_wconf 87' lang='lat' dir='ltr'>neque</span> <span class='ocrx_word' id='word_1_448' title='bbox 799 3989 892 4068; x_wconf 77' lang='lat' dir='ltr'>lingua</span> 
     </span>
     <span class='ocr_line' id='line_1_61' title="bbox 151 4068 891 4149; baseline -0.008 -18"><span class='ocrx_word' id='word_1_449' title='bbox 151 4073 204 4131; x_wconf 84' lang='lat' dir='ltr'>suit</span> <span class='ocrx_word' id='word_1_450' title='bbox 232 4072 343 4149; x_wconf 79' lang='lat' dir='ltr'>diserta,</span> <span class='ocrx_word' id='word_1_451' title='bbox 365 4093 451 4149; x_wconf 88' lang='lat' dir='ltr'>neque</span> <span class='ocrx_word' id='word_1_452' title='bbox 474 4070 566 4130; x_wconf 89' lang='lat' dir='ltr'>dentes</span> <span class='ocrx_word' id='word_1_453' title='bbox 599 4069 628 4126; x_wconf 94' lang='lat' dir='ltr'>in</span> <span class='ocrx_word' id='word_1_454' title='bbox 652 4090 708 4146; x_wconf 81' lang='lat' dir='ltr'>ore,</span> <span class='ocrx_word' id='word_1_455' title='bbox 732 4082 762 4127; x_wconf 93' lang='lat' dir='ltr'>ut</span> <span class='ocrx_word' id='word_1_456' title='bbox 784 4068 891 4146; x_wconf 81' lang='lat' dir='ltr'>lingua,</span> 
     </span>
     <span class='ocr_line' id='line_1_62' title="bbox 152 4147 891 4231; baseline -0.007 -21"><span class='ocrx_word' id='word_1_457' title='bbox 152 4151 354 4211; x_wconf 86' lang='lat' dir='ltr'>circumvallata</span> <span class='ocrx_word' id='word_1_458' title='bbox 376 4173 424 4231; x_wconf 89' lang='lat' dir='ltr'>per</span> <span class='ocrx_word' id='word_1_459' title='bbox 442 4150 513 4208; x_wconf 91' lang='lat' dir='ltr'>labia</span> <span class='ocrx_word' id='word_1_460' title='bbox 529 4169 677 4210; x_wconf 89' lang='lat' dir='ltr'>sermonem</span> <span class='ocrx_word' id='word_1_461' title='bbox 700 4147 891 4206; x_wconf 78' lang='lat' dir='ltr'>effunderent?</span> 
     </span>
     <span class='ocr_line' id='line_1_63' title="bbox 151 4228 891 4291; baseline -0.011 0"><span class='ocrx_word' id='word_1_462' title='bbox 151 4235 212 4291; x_wconf 90' lang='lat' dir='ltr'>Non</span> <span class='ocrx_word' id='word_1_463' title='bbox 226 4232 332 4290; x_wconf 77' lang='lat' dir='ltr'>suffecit</span> <span class='ocrx_word' id='word_1_464' title='bbox 342 4232 532 4289; x_wconf 89' lang='lat' dir='ltr'>illorumtanta</span> <span class='ocrx_word' id='word_1_465' title='bbox 543 4228 697 4288; x_wconf 91' lang='lat' dir='ltr'>crudelitas.</span> <span class='ocrx_word' id='word_1_466' title='bbox 708 4230 812 4288; x_wconf 85' lang='lat' dir='ltr'>Verum</span> <span class='ocrx_word' id='word_1_467' title='bbox 822 4241 847 4285; x_wconf 86' lang='lat' dir='ltr'>et</span> <span class='ocrx_word' id='word_1_468' title='bbox 863 4239 891 4284; x_wconf 92' lang='lat' dir='ltr'>tu</span> 
     </span>
     <span class='ocr_line' id='line_1_64' title="bbox 152 4307 894 4379; baseline -0.007 -11"><span class='ocrx_word' id='word_1_469' title='bbox 152 4311 227 4370; x_wconf 91' lang='lat' dir='ltr'>illins</span> <span class='ocrx_word' id='word_1_470' title='bbox 236 4311 430 4370; x_wconf 86' lang='lat' dir='ltr'>immanitatem</span> <span class='ocrx_word' id='word_1_471' title='bbox 441 4310 572 4379; x_wconf 85' lang='lat' dir='ltr'>imitatus,</span> <span class='ocrx_word' id='word_1_472' title='bbox 587 4307 698 4369; x_wconf 85' lang='lat' dir='ltr'>loannis</span> <span class='ocrx_word' id='word_1_473' title='bbox 711 4307 827 4365; x_wconf 87' lang='lat' dir='ltr'>eervices</span> <span class='ocrx_word' id='word_1_474' title='bbox 838 4307 894 4364; x_wconf 82' lang='lat' dir='ltr'>sre-</span> 
     </span>
     <span class='ocr_line' id='line_1_65' title="bbox 153 4380 890 4481; baseline -0.004 -35"><span class='ocrx_word' id='word_1_475' title='bbox 153 4380 226 4467; x_wconf 67' lang='lat' dir='ltr'>gissi,</span> <span class='ocrx_word' id='word_1_476' title='bbox 240 4392 317 4481; x_wconf 81' lang='lat' dir='ltr'>cujus</span> <span class='ocrx_word' id='word_1_477' title='bbox 333 4391 376 4449; x_wconf 88' lang='lat' dir='ltr'>vel</span> <span class='ocrx_word' id='word_1_478' title='bbox 391 4411 475 4447; x_wconf 76' lang='lat' dir='ltr'>tinum</span> <span class='ocrx_word' id='word_1_479' title='bbox 491 4388 620 4468; x_wconf 89' lang='lat' dir='ltr'>capillum</span> <span class='ocrx_word' id='word_1_480' title='bbox 635 4386 721 4466; x_wconf 89' lang='lat' dir='ltr'>pretio</span> <span class='ocrx_word' id='word_1_481' title='bbox 734 4406 787 4444; x_wconf 91' lang='lat' dir='ltr'>non</span> <span class='ocrx_word' id='word_1_482' title='bbox 800 4407 890 4464; x_wconf 81' lang='lat' dir='ltr'>aequa·</span> 
     </span>
     <span class='ocr_line' id='line_1_66' title="bbox 152 4465 894 4540; baseline -0.005 -13"><span class='ocrx_word' id='word_1_483' title='bbox 152 4469 211 4527; x_wconf 84' lang='lat' dir='ltr'>bas.</span> <span class='ocrx_word' id='word_1_484' title='bbox 228 4470 311 4527; x_wconf 84' lang='lat' dir='ltr'>Filios</span> <span class='ocrx_word' id='word_1_485' title='bbox 325 4469 449 4527; x_wconf 84' lang='lat' dir='ltr'>llachclis</span> <span class='ocrx_word' id='word_1_486' title='bbox 474 4469 520 4526; x_wconf 93' lang='lat' dir='ltr'>ille</span> <span class='ocrx_word' id='word_1_487' title='bbox 533 4466 689 4540; x_wconf 83' lang='lat' dir='ltr'>trucidavit,</span> <span class='ocrx_word' id='word_1_488' title='bbox 714 4480 743 4524; x_wconf 92' lang='lat' dir='ltr'>tu</span> <span class='ocrx_word' id='word_1_489' title='bbox 767 4465 894 4524; x_wconf 74' lang='lat' dir='ltr'>Ecclesia</span> 
     </span>
     <span class='ocr_line' id='line_1_67' title="bbox 152 4545 895 4624; baseline -0.007 -17"><span class='ocrx_word' id='word_1_490' title='bbox 152 4548 422 4608; x_wconf 85' lang='lat' dir='ltr'>doctoremloannem</span> <span class='ocrx_word' id='word_1_491' title='bbox 433 4548 595 4606; x_wconf 82' lang='lat' dir='ltr'>exstinxisti.</span> <span class='ocrx_word' id='word_1_492' title='bbox 604 4545 712 4621; x_wconf 91' lang='lat' dir='ltr'>Quibus</span> <span class='ocrx_word' id='word_1_493' title='bbox 723 4545 822 4603; x_wconf 91' lang='lat' dir='ltr'>horum</span> <span class='ocrx_word' id='word_1_494' title='bbox 832 4566 895 4624; x_wconf 92' lang='lat' dir='ltr'>pro-</span> 
     </span>
    </p>
   </div>
   <div class='ocr_carea' id='block_1_11' title="bbox 154 4624 893 4714">
    <p class='ocr_par' dir='ltr' id='par_1_11' title="bbox 154 4624 893 4714">
     <span class='ocr_line' id='line_1_68' title="bbox 154 4624 893 4714; baseline -0.008 -28"><span class='ocrx_word' id='word_1_495' title='bbox 154 4628 237 4708; x_wconf 89' lang='lat' dir='ltr'>pitius</span> <span class='ocrx_word' id='word_1_496' title='bbox 246 4648 291 4686; x_wconf 86' lang='lat' dir='ltr'>em</span> <span class='ocrx_word' id='word_1_497' title='bbox 305 4627 354 4685; x_wconf 91' lang='lat' dir='ltr'>tibi</span> <span class='ocrx_word' id='word_1_498' title='bbox 366 4628 380 4684; x_wconf 73' lang='grc' dir='ltr'>ί</span> <span class='ocrx_word' id='word_1_499' title='bbox 392 4625 459 4684; x_wconf 91' lang='lat' dir='ltr'>dicit</span> <span class='ocrx_word' id='word_1_500' title='bbox 473 4626 614 4687; x_wconf 89' lang='lat' dir='ltr'>Dominus.</span> <span class='ocrx_word' id='word_1_501' title='bbox 629 4628 653 4685; x_wconf 94' lang='grc' dir='ltr'><strong>Ο</strong></span> <span class='ocrx_word' id='word_1_502' title='bbox 665 4624 761 4683; x_wconf 82' lang='lat' dir='ltr'>civitas</span> <span class='ocrx_word' id='word_1_503' title='bbox 781 4644 893 4714; x_wconf 81' lang='lat' dir='ltr'>sangui-</span> 
     </span>
    </p>
   </div>
   <div class='ocr_carea' id='block_1_12' title="bbox 3 4703 896 4784">
    <p class='ocr_par' dir='ltr' id='par_1_12' title="bbox 3 4703 896 4784">
     <span class='ocr_line' id='line_1_69' title="bbox 3 4703 896 4784; baseline -0.003 -20"><span class='ocrx_word' id='word_1_504' title='bbox 3 4715 143 4764; x_wconf 80' lang='lat' dir='ltr'>Ilebr.8.12.</span> <span class='ocrx_word' id='word_1_505' title='bbox 154 4729 230 4783; x_wconf 82' lang='lat' dir='ltr'>num,</span> <span class='ocrx_word' id='word_1_506' title='bbox 254 4707 280 4765; x_wconf 92' lang='lat' dir='ltr'>iu</span> <span class='ocrx_word' id='word_1_507' title='bbox 294 4727 349 4784; x_wconf 90' lang='lat' dir='ltr'>qua</span> <span class='ocrx_word' id='word_1_508' title='bbox 369 4705 487 4763; x_wconf 86' lang='lat' dir='ltr'>llcrodes</span> <span class='ocrx_word' id='word_1_509' title='bbox 499 4705 630 4783; x_wconf 78' lang='lat' dir='ltr'>regnavit,</span> <span class='ocrx_word' id='word_1_510' title='bbox 646 4703 774 4762; x_wconf 73' lang='lat' dir='ltr'>eteoclem</span> <span class='ocrx_word' id='word_1_511' title='bbox 788 4724 896 4761; x_wconf 90' lang='lat' dir='ltr'>nomme</span> 
     </span>
    </p>
   </div>
   <div class='ocr_carea' id='block_1_13' title="bbox 153 4782 896 5021">
    <p class='ocr_par' dir='ltr' id='par_1_13' title="bbox 153 4782 896 5021">
     <span class='ocr_line' id='line_1_70' title="bbox 153 4782 892 4874; baseline -0.004 -27"><span class='ocrx_word' id='word_1_512' title='bbox 153 4786 297 4866; x_wconf 80' lang='lat' dir='ltr'>insignitus</span> <span class='ocrx_word' id='word_1_513' title='bbox 306 4787 364 4865; x_wconf 88' lang='lat' dir='ltr'>ejus</span> <span class='ocrx_word' id='word_1_514' title='bbox 376 4785 461 4857; x_wconf 84' lang='lat' dir='ltr'>filius,</span> <span class='ocrx_word' id='word_1_515' title='bbox 473 4784 620 4874; x_wconf 72' lang='lat' dir='ltr'>iisdemque</span> <span class='ocrx_word' id='word_1_516' title='bbox 630 4783 751 4842; x_wconf 92' lang='lat' dir='ltr'>moribus</span> <span class='ocrx_word' id='word_1_517' title='bbox 761 4782 892 4844; x_wconf 83' lang='lat' dir='ltr'>imbutus!</span> 
     </span>
     <span class='ocr_line' id='line_1_71' title="bbox 154 4861 896 4943; baseline -0.008 -17"><span class='ocrx_word' id='word_1_518' title='bbox 154 4867 205 4926; x_wconf 87' lang='lat' dir='ltr'>Hei</span> <span class='ocrx_word' id='word_1_519' title='bbox 221 4865 300 4941; x_wconf 84' lang='lat' dir='ltr'>milri,</span> <span class='ocrx_word' id='word_1_520' title='bbox 316 4864 363 4943; x_wconf 90' lang='lat' dir='ltr'>qui</span> <span class='ocrx_word' id='word_1_521' title='bbox 384 4862 512 4923; x_wconf 84' lang='lat' dir='ltr'>videntur</span> <span class='ocrx_word' id='word_1_522' title='bbox 525 4877 590 4921; x_wconf 87' lang='lat' dir='ltr'>recti</span> <span class='ocrx_word' id='word_1_523' title='bbox 605 4863 708 4921; x_wconf 86' lang='lat' dir='ltr'>ordinis</span> <span class='ocrx_word' id='word_1_524' title='bbox 727 4875 753 4921; x_wconf 91' lang='lat' dir='ltr'>et</span> <span class='ocrx_word' id='word_1_525' title='bbox 775 4861 896 4920; x_wconf 86' lang='lat' dir='ltr'>modera-</span> 
     </span>
     <span class='ocr_line' id='line_1_72' title="bbox 153 4941 896 5021; baseline -0.008 -16"><span class='ocrx_word' id='word_1_526' title='bbox 153 4945 235 5005; x_wconf 91' lang='lat' dir='ltr'>tionis</span> <span class='ocrx_word' id='word_1_527' title='bbox 250 4965 306 5004; x_wconf 86' lang='lat' dir='ltr'>esse</span> <span class='ocrx_word' id='word_1_528' title='bbox 314 4957 447 5019; x_wconf 74' lang='lat' dir='ltr'>auctores,</span> <span class='ocrx_word' id='word_1_529' title='bbox 463 4942 481 4999; x_wconf 92' lang='lat' dir='ltr'>ii</span> <span class='ocrx_word' id='word_1_530' title='bbox 498 4942 706 5021; x_wconf 88' lang='lat' dir='ltr'>perturbationis</span> <span class='ocrx_word' id='word_1_531' title='bbox 719 4955 745 5000; x_wconf 92' lang='lat' dir='ltr'>et</span> <span class='ocrx_word' id='word_1_532' title='bbox 761 4941 896 5000; x_wconf 84' lang='lat' dir='ltr'>conlusio-</span> 
     </span>
    </p>
   </div>
   <div class='ocr_carea' id='block_1_14' title="bbox 941 2094 1586 3157">
    <p class='ocr_par' dir='ltr' id='par_1_14' title="bbox 941 2094 1586 3157">
     <span class='ocr_line' id='line_1_73' title="bbox 944 2094 1586 2181; baseline -0.009 -25"><span class='ocrx_word' id='word_1_533' title='bbox 944 2097 1046 2178; x_wconf 69' lang='grc' dir='ltr'>σφαγὴ,</span> <span class='ocrx_word' id='word_1_534' title='bbox 1062 2096 1105 2157; x_wconf 84' lang='grc' dir='ltr'>ὅτε</span> <span class='ocrx_word' id='word_1_535' title='bbox 1117 2097 1237 2181; x_wconf 80' lang='grc' dir='ltr'>πατέρων</span> <span class='ocrx_word' id='word_1_536' title='bbox 1250 2096 1294 2156; x_wconf 83' lang='grc' dir='ltr'>καί</span> <span class='ocrx_word' id='word_1_537' title='bbox 1310 2095 1437 2177; x_wconf 81' lang='grc' dir='ltr'>μητέρων</span> <span class='ocrx_word' id='word_1_538' title='bbox 1452 2094 1586 2171; x_wconf 79' lang='grc' dir='ltr'>ἀλολνγμο</span> 
     </span>
     <span class='ocr_line' id='line_1_74' title="bbox 944 2180 1586 2267; baseline -0.002 -27"><span class='ocrx_word' id='word_1_539' title='bbox 944 2205 983 2241; x_wconf 89' lang='grc' dir='ltr'>νοι</span> <span class='ocrx_word' id='word_1_540' title='bbox 997 2183 1107 2253; x_wconf 66' lang='lat' dir='ltr'>&lt;itlius</span> <span class='ocrx_word' id='word_1_541' title='bbox 1124 2190 1242 2267; x_wconf 75' lang='grc' dir='ltr'>ὑπῆρχον</span> <span class='ocrx_word' id='word_1_542' title='bbox 1256 2181 1390 2262; x_wconf 78' lang='grc' dir='ltr'>όξότεροι;</span> <span class='ocrx_word' id='word_1_543' title='bbox 1407 2182 1453 2241; x_wconf 76' lang='grc' dir='ltr'>ὅτε</span> <span class='ocrx_word' id='word_1_544' title='bbox 1474 2180 1586 2262; x_wconf 82' lang='grc' dir='ltr'>δακρόιιπ</span> 
     </span>
     <span class='ocr_line' id='line_1_75' title="bbox 943 2268 1585 2353; baseline -0.005 -22"><span class='ocrx_word' id='word_1_545' title='bbox 943 2295 995 2331; x_wconf 87' lang='grc' dir='ltr'>των</span> <span class='ocrx_word' id='word_1_546' title='bbox 1004 2272 1126 2353; x_wconf 73' lang='grc' dir='ltr'>σταγόνες</span> <span class='ocrx_word' id='word_1_547' title='bbox 1135 2276 1165 2332; x_wconf 89' lang='grc' dir='ltr'>ἐκ</span> <span class='ocrx_word' id='word_1_548' title='bbox 1170 2273 1330 2353; x_wconf 47' lang='grc' dir='ltr'>σπλάγχνων</span> <span class='ocrx_word' id='word_1_549' title='bbox 1340 2269 1524 2353; x_wconf 74' lang='grc' dir='ltr'>ἀναόρόωσαι</span> <span class='ocrx_word' id='word_1_550' title='bbox 1531 2268 1585 2329; x_wconf 85' lang='grc' dir='ltr'>ἐνίκι</span> 
     </span>
     <span class='ocr_line' id='line_1_76' title="bbox 943 2359 1580 2442; baseline -0.002 -22"><span class='ocrx_word' id='word_1_551' title='bbox 943 2359 986 2421; x_wconf 86' lang='grc' dir='ltr'>ότε</span> <span class='ocrx_word' id='word_1_552' title='bbox 1005 2362 1126 2442; x_wconf 83' lang='grc' dir='ltr'>πατίρων</span> <span class='ocrx_word' id='word_1_553' title='bbox 1147 2363 1230 2434; x_wconf 71' lang='grc' dir='ltr'>σπη’θη</span> <span class='ocrx_word' id='word_1_554' title='bbox 1246 2360 1407 2433; x_wconf 80' lang='grc' dir='ltr'>ἐτύπτοντο,</span> <span class='ocrx_word' id='word_1_555' title='bbox 1422 2360 1470 2418; x_wconf 82' lang='grc' dir='ltr'>καί</span> <span class='ocrx_word' id='word_1_556' title='bbox 1485 2364 1580 2440; x_wconf 60' lang='grc' dir='ltr'>συνεχῆ</span> 
     </span>
     <span class='ocr_line' id='line_1_77' title="bbox 944 2448 1585 2531; baseline -0.006 -20"><span class='ocrx_word' id='word_1_557' title='bbox 944 2452 1011 2529; x_wconf 77' lang='lat' dir='ltr'>posit</span> <span class='ocrx_word' id='word_1_558' title='bbox 1024 2452 1110 2513; x_wconf 87' lang='grc' dir='ltr'>πόνων</span> <span class='ocrx_word' id='word_1_559' title='bbox 1127 2455 1158 2510; x_wconf 89' lang='grc' dir='ltr'>ἐκ</span> <span class='ocrx_word' id='word_1_560' title='bbox 1171 2450 1280 2531; x_wconf 78' lang='grc' dir='ltr'>καρδίας</span> <span class='ocrx_word' id='word_1_561' title='bbox 1295 2450 1341 2509; x_wconf 86' lang='grc' dir='ltr'>ἐπί</span> <span class='ocrx_word' id='word_1_562' title='bbox 1354 2448 1505 2529; x_wconf 82' lang='grc' dir='ltr'>μυκτήρων</span> <span class='ocrx_word' id='word_1_563' title='bbox 1518 2449 1585 2527; x_wconf 60' lang='lat' dir='ltr'>tnta</span> 
     </span>
     <span class='ocr_line' id='line_1_78' title="bbox 943 2537 1585 2620; baseline -0.009 -20"><span class='ocrx_word' id='word_1_564' title='bbox 943 2540 1054 2620; x_wconf 77' lang='grc' dir='ltr'>μητέρες</span> <span class='ocrx_word' id='word_1_565' title='bbox 1071 2544 1124 2599; x_wconf 84' lang='grc' dir='ltr'>τῶν</span> <span class='ocrx_word' id='word_1_566' title='bbox 1138 2539 1240 2599; x_wconf 85' lang='grc' dir='ltr'>οίκαίων</span> <span class='ocrx_word' id='word_1_567' title='bbox 1254 2537 1375 2616; x_wconf 84' lang='grc' dir='ltr'>λαγόνων</span> <span class='ocrx_word' id='word_1_568' title='bbox 1389 2537 1441 2609; x_wconf 71' lang='grc' dir='ltr'>τὴν</span> <span class='ocrx_word' id='word_1_569' title='bbox 1459 2537 1544 2616; x_wconf 79' lang='grc' dir='ltr'>χλόην</span> <span class='ocrx_word' id='word_1_570' title='bbox 1557 2540 1585 2595; x_wconf 70' lang='grc' dir='ltr'>τά</span> 
     </span>
     <span class='ocr_line' id='line_1_79' title="bbox 942 2625 1585 2712; baseline -0.008 -23"><span class='ocrx_word' id='word_1_571' title='bbox 942 2629 1015 2712; x_wconf 83' lang='grc' dir='ltr'>παρίι</span> <span class='ocrx_word' id='word_1_572' title='bbox 1039 2628 1129 2711; x_wconf 79' lang='grc' dir='ltr'>καιρὸν</span> <span class='ocrx_word' id='word_1_573' title='bbox 1154 2633 1332 2708; x_wconf 78' lang='grc' dir='ltr'>μαρανθεῖσαν</span> <span class='ocrx_word' id='word_1_574' title='bbox 1353 2626 1500 2698; x_wconf 79' lang='grc' dir='ltr'>ἐπίνθουν;</span> <span class='ocrx_word' id='word_1_575' title='bbox 1514 2625 1585 2686; x_wconf 79' lang='grc' dir='ltr'>όταν</span> 
     </span>
     <span class='ocr_line' id='line_1_80' title="bbox 944 2715 1585 2803; baseline -0.009 -25"><span class='ocrx_word' id='word_1_576' title='bbox 944 2723 1044 2803; x_wconf 76' lang='grc' dir='ltr'>ῥέοντες</span> <span class='ocrx_word' id='word_1_577' title='bbox 1062 2718 1132 2798; x_wconf 81' lang='grc' dir='ltr'>γαλα</span> <span class='ocrx_word' id='word_1_578' title='bbox 1153 2717 1201 2790; x_wconf 65' lang='grc' dir='ltr'>τὴν</span> <span class='ocrx_word' id='word_1_579' title='bbox 1225 2721 1275 2796; x_wconf 79' lang='grc' dir='ltr'>γῆν</span> <span class='ocrx_word' id='word_1_580' title='bbox 1297 2715 1461 2789; x_wconf 82' lang='grc' dir='ltr'>ἐλεόκαινον,</span> <span class='ocrx_word' id='word_1_581' title='bbox 1483 2719 1535 2773; x_wconf 80' lang='grc' dir='ltr'>τῶν</span> <span class='ocrx_word' id='word_1_582' title='bbox 1557 2717 1585 2794; x_wconf 66' lang='lat' dir='ltr'>tp</span> 
     </span>
     <span class='ocr_line' id='line_1_81' title="bbox 942 2801 1585 2887; baseline -0.008 -21"><span class='ocrx_word' id='word_1_583' title='bbox 942 2807 1044 2880; x_wconf 84' lang='grc' dir='ltr'>νηπίων</span> <span class='ocrx_word' id='word_1_584' title='bbox 1059 2807 1133 2887; x_wconf 88' lang='grc' dir='ltr'>άφνω</span> <span class='ocrx_word' id='word_1_585' title='bbox 1149 2806 1321 2887; x_wconf 70' lang='grc' dir='ltr'>σφαγίντωνς</span> <span class='ocrx_word' id='word_1_586' title='bbox 1338 2803 1386 2865; x_wconf 78' lang='grc' dir='ltr'>ὅτε</span> <span class='ocrx_word' id='word_1_587' title='bbox 1405 2801 1530 2883; x_wconf 88' lang='grc' dir='ltr'>ποιτέρων</span> <span class='ocrx_word' id='word_1_588' title='bbox 1543 2805 1585 2882; x_wconf 78' lang='grc' dir='ltr'>ἀγα</span> 
     </span>
     <span class='ocr_line' id='line_1_82' title="bbox 943 2892 1585 2978; baseline -0.011 -19"><span class='ocrx_word' id='word_1_589' title='bbox 943 2899 1047 2959; x_wconf 88' lang='grc' dir='ltr'>οίκείων</span> <span class='ocrx_word' id='word_1_590' title='bbox 1067 2899 1151 2978; x_wconf 87' lang='grc' dir='ltr'>γόνων</span> <span class='ocrx_word' id='word_1_591' title='bbox 1172 2896 1246 2958; x_wconf 87' lang='grc' dir='ltr'>κεναί</span> <span class='ocrx_word' id='word_1_592' title='bbox 1271 2894 1405 2976; x_wconf 85' lang='grc' dir='ltr'>ἐγίνοντο,</span> <span class='ocrx_word' id='word_1_593' title='bbox 1428 2894 1476 2954; x_wconf 84' lang='grc' dir='ltr'>καί</span> <span class='ocrx_word' id='word_1_594' title='bbox 1501 2892 1585 2973; x_wconf 85' lang='grc' dir='ltr'>μητίρι</span> 
     </span>
     <span class='ocr_line' id='line_1_83' title="bbox 941 2982 1585 3069; baseline -0.009 -23"><span class='ocrx_word' id='word_1_595' title='bbox 941 2987 1000 3055; x_wconf 84' lang='grc' dir='ltr'>τοίις</span> <span class='ocrx_word' id='word_1_596' title='bbox 1008 2989 1061 3048; x_wconf 79' lang='grc' dir='ltr'>ἀπὸ</span> <span class='ocrx_word' id='word_1_597' title='bbox 1070 2991 1122 3047; x_wconf 83' lang='grc' dir='ltr'>τῶν</span> <span class='ocrx_word' id='word_1_598' title='bbox 1130 2990 1263 3069; x_wconf 78' lang='grc' dir='ltr'>τρυφερῶν</span> <span class='ocrx_word' id='word_1_599' title='bbox 1273 2985 1389 3045; x_wconf 81' lang='grc' dir='ltr'>ὀδόντων</span> <span class='ocrx_word' id='word_1_600' title='bbox 1399 2982 1560 3062; x_wconf 78' lang='grc' dir='ltr'>κνηαμώδεις</span> <span class='ocrx_word' id='word_1_601' title='bbox 1567 3005 1585 3040; x_wconf 89' lang='grc' dir='ltr'>τι</span> 
     </span>
     <span class='ocr_line' id='line_1_84' title="bbox 942 3070 1585 3157; baseline -0.008 -23"><span class='ocrx_word' id='word_1_602' title='bbox 942 3077 1084 3150; x_wconf 78' lang='grc' dir='ltr'>ἐπεζήτουν</span> <span class='ocrx_word' id='word_1_603' title='bbox 1094 3100 1102 3148; x_wconf 86' lang='grc'><strong>;</strong></span> <span class='ocrx_word' id='word_1_604' title='bbox 1114 3078 1194 3143; x_wconf 89' lang='grc' dir='ltr'>Ποῖος</span> <span class='ocrx_word' id='word_1_605' title='bbox 1207 3073 1259 3157; x_wconf 77' lang='grc' dir='ltr'>γάρ</span> <span class='ocrx_word' id='word_1_606' title='bbox 1267 3072 1318 3155; x_wconf 76' lang='grc' dir='ltr'>θὴρ</span> <span class='ocrx_word' id='word_1_607' title='bbox 1328 3073 1392 3134; x_wconf 87' lang='grc' dir='ltr'>τότε</span> <span class='ocrx_word' id='word_1_608' title='bbox 1398 3077 1447 3133; x_wconf 82' lang='grc' dir='ltr'>οὐκ</span> <span class='ocrx_word' id='word_1_609' title='bbox 1456 3070 1585 3150; x_wconf 79' lang='grc' dir='ltr'>ἐπεδάκρκ</span> 
     </span>
    </p>
   </div>
   <div class='ocr_carea' id='block_1_15' title="bbox 906 3159 1585 3244">
    <p class='ocr_par' dir='ltr' id='par_1_15' title="bbox 906 3159 1585 3244">
     <span class='ocr_line' id='line_1_85' title="bbox 906 3159 1585 3244; baseline -0.009 -20"><span class='ocrx_word' id='word_1_610' title='bbox 906 3184 924 3231; x_wconf 82' lang='lat' dir='ltr'>c</span> <span class='ocrx_word' id='word_1_611' title='bbox 942 3163 1102 3244; x_wconf 82' lang='grc' dir='ltr'>φονευόμενοι</span> <span class='ocrx_word' id='word_1_612' title='bbox 1115 3164 1149 3224; x_wconf 79' lang='grc' dir='ltr'>εδ</span> <span class='ocrx_word' id='word_1_613' title='bbox 1164 3164 1251 3222; x_wconf 88' lang='grc' dir='ltr'>ἄκακα</span> <span class='ocrx_word' id='word_1_614' title='bbox 1269 3163 1353 3235; x_wconf 81' lang='grc' dir='ltr'>νήπια</span> <span class='ocrx_word' id='word_1_615' title='bbox 1376 3161 1497 3229; x_wconf 82' lang='grc' dir='ltr'>ἀδίκως,</span> <span class='ocrx_word' id='word_1_616' title='bbox 1511 3159 1585 3218; x_wconf 71' lang='grc' dir='ltr'>ἄδολοι</span> 
     </span>
    </p>
   </div>
   <div class='ocr_carea' id='block_1_16' title="bbox 1053 3253 1060 3274">
    <p class='ocr_par' dir='ltr' id='par_1_16' title="bbox 1053 3253 1060 3274">
     <span class='ocr_line' id='line_1_86' title="bbox 1053 3253 1060 3274; baseline 0 0"><span class='ocrx_word' id='word_1_617' title='bbox 1053 3253 1060 3274; x_wconf 83' lang='grc' dir='ltr'><em>Ι</em></span> 
     </span>
    </p>
   </div>
   <div class='ocr_carea' id='block_1_17' title="bbox 912 3242 1584 5019">
    <p class='ocr_par' dir='ltr' id='par_1_17' title="bbox 912 3242 1584 5019">
     <span class='ocr_line' id='line_1_87' title="bbox 943 3242 1584 3333; baseline -0.009 -22"><span class='ocrx_word' id='word_1_618' title='bbox 943 3277 1108 3330; x_wconf 72' lang='grc' dir='ltr'>κεκτημενα,</span> <span class='ocrx_word' id='word_1_619' title='bbox 1122 3244 1158 3319; x_wconf 73' lang='grc' dir='ltr'>ὧν</span> <span class='ocrx_word' id='word_1_620' title='bbox 1174 3257 1201 3312; x_wconf 88' lang='grc' dir='ltr'>αί</span> <span class='ocrx_word' id='word_1_621' title='bbox 1215 3252 1300 3333; x_wconf 73' lang='grc' dir='ltr'>ψυχαί</span> <span class='ocrx_word' id='word_1_622' title='bbox 1319 3258 1443 3310; x_wconf 78' lang='grc' dir='ltr'>τοσοῦτον</span> <span class='ocrx_word' id='word_1_623' title='bbox 1457 3242 1522 3322; x_wconf 72' lang='grc' dir='ltr'>ἦσαν</span> <span class='ocrx_word' id='word_1_624' title='bbox 1536 3249 1584 3306; x_wconf 75' lang='lat' dir='ltr'>deu</span> 
     </span>
     <span class='ocr_line' id='line_1_88' title="bbox 943 3337 1584 3421; baseline -0.009 -22"><span class='ocrx_word' id='word_1_625' title='bbox 943 3341 988 3399; x_wconf 89' lang='grc' dir='ltr'>καί</span> <span class='ocrx_word' id='word_1_626' title='bbox 1010 3341 1044 3399; x_wconf 83' lang='grc' dir='ltr'>τά</span> <span class='ocrx_word' id='word_1_627' title='bbox 1065 3342 1132 3418; x_wconf 79' lang='grc' dir='ltr'>μελη</span> <span class='ocrx_word' id='word_1_628' title='bbox 1154 3345 1239 3400; x_wconf 84' lang='grc' dir='ltr'>αὐτῶν</span> <span class='ocrx_word' id='word_1_629' title='bbox 1262 3340 1381 3421; x_wconf 79' lang='grc' dir='ltr'>τρυφερὰ</span> <span class='ocrx_word' id='word_1_630' title='bbox 1398 3340 1444 3397; x_wconf 83' lang='grc' dir='ltr'>άτε</span> <span class='ocrx_word' id='word_1_631' title='bbox 1459 3337 1553 3408; x_wconf 75' lang='grc' dir='ltr'>νηπίων</span> <span class='ocrx_word' id='word_1_632' title='bbox 1570 3339 1584 3393; x_wconf 76' lang='grc' dir='ltr'>ί</span> 
     </span>
     <span class='ocr_line' id='line_1_89' title="bbox 944 3424 1584 3510; baseline -0.011 -21"><span class='ocrx_word' id='word_1_633' title='bbox 944 3429 991 3501; x_wconf 75' lang='grc' dir='ltr'>Μὴ</span> <span class='ocrx_word' id='word_1_634' title='bbox 1005 3429 1057 3510; x_wconf 72' lang='grc' dir='ltr'>γάρ</span> <span class='ocrx_word' id='word_1_635' title='bbox 1070 3435 1179 3489; x_wconf 85' lang='grc' dir='ltr'>κάκεῖνα</span> <span class='ocrx_word' id='word_1_636' title='bbox 1201 3430 1245 3489; x_wconf 80' lang='grc' dir='ltr'>τὸν</span> <span class='ocrx_word' id='word_1_637' title='bbox 1265 3428 1318 3508; x_wconf 76' lang='grc' dir='ltr'>πρὸ</span> <span class='ocrx_word' id='word_1_638' title='bbox 1339 3434 1387 3486; x_wconf 77' lang='grc' dir='ltr'>σοῦ</span> <span class='ocrx_word' id='word_1_639' title='bbox 1411 3426 1531 3508; x_wconf 78' lang='grc' dir='ltr'>Ἡρώδην</span> <span class='ocrx_word' id='word_1_640' title='bbox 1548 3424 1584 3494; x_wconf 62' lang='lat' dir='ltr'>ile</span> 
     </span>
     <span class='ocr_line' id='line_1_90' title="bbox 944 3516 1583 3600; baseline -0.011 -22"><span class='ocrx_word' id='word_1_641' title='bbox 944 3519 1003 3578; x_wconf 79' lang='grc' dir='ltr'>οὔτε</span> <span class='ocrx_word' id='word_1_642' title='bbox 1013 3521 1121 3600; x_wconf 79' lang='grc' dir='ltr'>γλῶσσα</span> <span class='ocrx_word' id='word_1_643' title='bbox 1136 3519 1218 3599; x_wconf 73' lang='grc' dir='ltr'>τρανὴ</span> <span class='ocrx_word' id='word_1_644' title='bbox 1232 3521 1362 3599; x_wconf 75' lang='grc' dir='ltr'>ὑπῆρχεν,</span> <span class='ocrx_word' id='word_1_645' title='bbox 1380 3516 1441 3576; x_wconf 75' lang='grc' dir='ltr'>οὔτε</span> <span class='ocrx_word' id='word_1_646' title='bbox 1455 3517 1551 3580; x_wconf 77' lang='grc' dir='ltr'>ὀδόντες</span> <span class='ocrx_word' id='word_1_647' title='bbox 1563 3516 1583 3571; x_wconf 77' lang='grc' dir='ltr'>ἐν</span> 
     </span>
     <span class='ocr_line' id='line_1_91' title="bbox 946 3603 1576 3688; baseline -0.008 -22"><span class='ocrx_word' id='word_1_648' title='bbox 946 3632 1025 3686; x_wconf 89' lang='grc' dir='ltr'>ματι,</span> <span class='ocrx_word' id='word_1_649' title='bbox 1039 3607 1081 3667; x_wconf 85' lang='grc' dir='ltr'>ίνα</span> <span class='ocrx_word' id='word_1_650' title='bbox 1099 3608 1147 3679; x_wconf 65' lang='grc' dir='ltr'>τὴν</span> <span class='ocrx_word' id='word_1_651' title='bbox 1159 3610 1282 3686; x_wconf 87' lang='grc' dir='ltr'>γλῶσσαν</span> <span class='ocrx_word' id='word_1_652' title='bbox 1298 3605 1485 3688; x_wconf 77' lang='grc' dir='ltr'>πορνεύσαντες</span> <span class='ocrx_word' id='word_1_653' title='bbox 1494 3651 1501 3676; x_wconf 90' lang='grc'>,</span> <span class='ocrx_word' id='word_1_654' title='bbox 1511 3603 1576 3682; x_wconf 83' lang='grc' dir='ltr'>λόγον</span> 
     </span>
     <span class='ocr_line' id='line_1_92' title="bbox 944 3693 1584 3777; baseline -0.011 -22"><span class='ocrx_word' id='word_1_655' title='bbox 944 3696 1011 3755; x_wconf 77' lang='grc' dir='ltr'>λέων</span> <span class='ocrx_word' id='word_1_656' title='bbox 1031 3696 1218 3777; x_wconf 55' lang='lat' dir='ltr'>{tripudiorum</span> <span class='ocrx_word' id='word_1_657' title='bbox 1232 3698 1291 3754; x_wconf 77' lang='grc' dir='ltr'>Οὐκ</span> <span class='ocrx_word' id='word_1_658' title='bbox 1304 3693 1417 3776; x_wconf 78' lang='grc' dir='ltr'>ἤρκεσεν</span> <span class='ocrx_word' id='word_1_659' title='bbox 1439 3694 1453 3723; x_wconf 86' lang='lat'><em>*</em></span> <span class='ocrx_word' id='word_1_660' title='bbox 1463 3693 1584 3758; x_wconf 74' lang='grc' dir='ltr'>ἐκείνωνί,</span> 
     </span>
     <span class='ocr_line' id='line_1_93' title="bbox 945 3778 1584 3864; baseline -0.009 -22"><span class='ocrx_word' id='word_1_661' title='bbox 945 3785 1060 3864; x_wconf 77' lang='grc' dir='ltr'>ὠμότης.</span> <span class='ocrx_word' id='word_1_662' title='bbox 1073 3786 1153 3845; x_wconf 75' lang='grc' dir='ltr'>Ἀλλά</span> <span class='ocrx_word' id='word_1_663' title='bbox 1167 3785 1212 3844; x_wconf 84' lang='grc' dir='ltr'>καί</span> <span class='ocrx_word' id='word_1_664' title='bbox 1228 3782 1260 3842; x_wconf 78' lang='grc' dir='ltr'>σὺ</span> <span class='ocrx_word' id='word_1_665' title='bbox 1274 3785 1305 3843; x_wconf 85' lang='grc' dir='ltr'>τὸ</span> <span class='ocrx_word' id='word_1_666' title='bbox 1327 3784 1498 3862; x_wconf 76' lang='grc' dir='ltr'>άσπλαγγνον</span> <span class='ocrx_word' id='word_1_667' title='bbox 1518 3778 1584 3840; x_wconf 81' lang='grc' dir='ltr'>ἐκείνι</span> 
     </span>
     <span class='ocr_line' id='line_1_94' title="bbox 946 3863 1584 3952; baseline -0.011 -18"><span class='ocrx_word' id='word_1_668' title='bbox 946 3872 1072 3952; x_wconf 88' lang='grc' dir='ltr'>σάμενος,</span> <span class='ocrx_word' id='word_1_669' title='bbox 1084 3874 1207 3946; x_wconf 85' lang='grc' dir='ltr'>Ἰωάννην</span> <span class='ocrx_word' id='word_1_670' title='bbox 1220 3873 1365 3950; x_wconf 80' lang='grc' dir='ltr'>ἀπέτεμες,</span> <span class='ocrx_word' id='word_1_671' title='bbox 1376 3863 1406 3932; x_wconf 69' lang='grc' dir='ltr'>οὗ</span> <span class='ocrx_word' id='word_1_672' title='bbox 1423 3882 1485 3950; x_wconf 70' lang='grc' dir='ltr'>μιᾶς</span> <span class='ocrx_word' id='word_1_673' title='bbox 1495 3869 1584 3950; x_wconf 74' lang='grc' dir='ltr'>τριχίςΙ</span> 
     </span>
     <span class='ocr_line' id='line_1_95' title="bbox 946 3955 1584 4043; baseline -0.009 -21"><span class='ocrx_word' id='word_1_674' title='bbox 946 3962 1072 4031; x_wconf 84' lang='grc' dir='ltr'>ἀντάξιος.</span> <span class='ocrx_word' id='word_1_675' title='bbox 1088 3962 1157 4030; x_wconf 81' lang='grc' dir='ltr'>Τοὺς</span> <span class='ocrx_word' id='word_1_676' title='bbox 1172 3963 1262 4043; x_wconf 89' lang='grc' dir='ltr'>γόνους</span> <span class='ocrx_word' id='word_1_677' title='bbox 1276 3968 1324 4034; x_wconf 73' lang='grc' dir='ltr'>τῆς</span> <span class='ocrx_word' id='word_1_678' title='bbox 1334 3961 1444 4041; x_wconf 77' lang='grc' dir='ltr'>Ῥαχὴλ</span> <span class='ocrx_word' id='word_1_679' title='bbox 1458 3955 1584 4038; x_wconf 69' lang='grc' dir='ltr'>ἀπέσφαξεν</span> 
     </span>
     <span class='ocr_line' id='line_1_96' title="bbox 944 4044 1584 4122; baseline -0.006 -14"><span class='ocrx_word' id='word_1_680' title='bbox 944 4050 989 4108; x_wconf 88' lang='grc' dir='ltr'>καί</span> <span class='ocrx_word' id='word_1_681' title='bbox 1005 4049 1036 4109; x_wconf 79' lang='grc' dir='ltr'>σὺ</span> <span class='ocrx_word' id='word_1_682' title='bbox 1048 4056 1096 4122; x_wconf 76' lang='grc' dir='ltr'>τῆς</span> <span class='ocrx_word' id='word_1_683' title='bbox 1108 4050 1271 4121; x_wconf 86' lang='grc' dir='ltr'>Ἐκκλησίας</span> <span class='ocrx_word' id='word_1_684' title='bbox 1290 4051 1335 4109; x_wconf 81' lang='grc' dir='ltr'>τὸν</span> <span class='ocrx_word' id='word_1_685' title='bbox 1349 4050 1497 4120; x_wconf 81' lang='grc' dir='ltr'>παιδευτὴν</span> <span class='ocrx_word' id='word_1_686' title='bbox 1513 4044 1584 4105; x_wconf 75' lang='lat' dir='ltr'>’ludu</span> 
     </span>
     <span class='ocr_line' id='line_1_97' title="bbox 944 4133 1584 4217; baseline -0.002 -20"><span class='ocrx_word' id='word_1_687' title='bbox 944 4163 1031 4217; x_wconf 91' lang='grc' dir='ltr'>τεμες.</span> <span class='ocrx_word' id='word_1_688' title='bbox 1049 4139 1140 4206; x_wconf 88' lang='grc' dir='ltr'>Ποίοις</span> <span class='ocrx_word' id='word_1_689' title='bbox 1151 4139 1250 4198; x_wconf 83' lang='grc' dir='ltr'>τούτων</span> <span class='ocrx_word' id='word_1_690' title='bbox 1262 4138 1340 4205; x_wconf 83' lang='grc' dir='ltr'>ἵλεως</span> <span class='ocrx_word' id='word_1_691' title='bbox 1351 4138 1449 4215; x_wconf 77' lang='grc' dir='ltr'>ἔσομαί</span> <span class='ocrx_word' id='word_1_692' title='bbox 1464 4161 1520 4208; x_wconf 89' lang='grc' dir='ltr'>σοι;</span> <span class='ocrx_word' id='word_1_693' title='bbox 1534 4133 1584 4210; x_wconf 62' lang='lat' dir='ltr'>litt</span> 
     </span>
     <span class='ocr_line' id='line_1_98' title="bbox 945 4219 1584 4307; baseline -0.006 -22"><span class='ocrx_word' id='word_1_694' title='bbox 945 4224 984 4285; x_wconf 84' lang='grc' dir='ltr'>Ὦ</span> <span class='ocrx_word' id='word_1_695' title='bbox 999 4227 1075 4293; x_wconf 87' lang='grc' dir='ltr'>πόλις</span> <span class='ocrx_word' id='word_1_696' title='bbox 1095 4227 1226 4304; x_wconf 85' lang='grc' dir='ltr'>αἱμάτων,</span> <span class='ocrx_word' id='word_1_697' title='bbox 1247 4219 1307 4306; x_wconf 67' lang='grc' dir='ltr'>ἕνῇ</span> <span class='ocrx_word' id='word_1_698' title='bbox 1321 4226 1446 4307; x_wconf 83' lang='grc' dir='ltr'>Ἡρώδης</span> <span class='ocrx_word' id='word_1_699' title='bbox 1461 4225 1584 4286; x_wconf 62' lang='lat' dir='ltr'>{dard-‘ut</span> 
     </span>
     <span class='ocr_line' id='line_1_99' title="bbox 946 4313 1583 4394; baseline -0.005 -21"><span class='ocrx_word' id='word_1_700' title='bbox 946 4315 1037 4374; x_wconf 82' lang='grc' dir='ltr'>τούτου</span> <span class='ocrx_word' id='word_1_701' title='bbox 1060 4315 1164 4394; x_wconf 84' lang='grc' dir='ltr'>ἔκγονος</span> <span class='ocrx_word' id='word_1_702' title='bbox 1186 4315 1343 4394; x_wconf 77' lang='grc' dir='ltr'>δμιίννυμος,</span> <span class='ocrx_word' id='word_1_703' title='bbox 1370 4317 1417 4375; x_wconf 88' lang='grc' dir='ltr'>καί</span> <span class='ocrx_word' id='word_1_704' title='bbox 1438 4325 1492 4382; x_wconf 86' lang='grc' dir='ltr'>τοῖς</span> <span class='ocrx_word' id='word_1_705' title='bbox 1505 4313 1583 4394; x_wconf 79' lang='grc' dir='ltr'>τρόπον</span> 
     </span>
     <span class='ocr_line' id='line_1_100' title="bbox 947 4391 1583 4482; baseline -0.006 -19"><span class='ocrx_word' id='word_1_706' title='bbox 947 4404 1046 4482; x_wconf 86' lang='grc' dir='ltr'>Οίμυι,</span> <span class='ocrx_word' id='word_1_707' title='bbox 1061 4409 1084 4464; x_wconf 90' lang='lat' dir='ltr'>ol</span> <span class='ocrx_word' id='word_1_708' title='bbox 1099 4407 1233 4470; x_wconf 78' lang='grc' dir='ltr'>δοκοῦντες</span> <span class='ocrx_word' id='word_1_709' title='bbox 1248 4395 1317 4463; x_wconf 77' lang='grc' dir='ltr'>εἶναι</span> <span class='ocrx_word' id='word_1_710' title='bbox 1334 4409 1383 4476; x_wconf 76' lang='grc' dir='ltr'>τῆς</span> <span class='ocrx_word' id='word_1_711' title='bbox 1396 4404 1527 4473; x_wconf 75' lang='grc' dir='ltr'>εὐταξίας,</span> <span class='ocrx_word' id='word_1_712' title='bbox 1540 4391 1583 4459; x_wconf 69' lang='lat' dir='ltr'>uls</span> 
     </span>
     <span class='ocr_line' id='line_1_101' title="bbox 948 4487 1583 4571; baseline -0.003 -22"><span class='ocrx_word' id='word_1_713' title='bbox 948 4515 988 4557; x_wconf 91' lang='grc' dir='ltr'>νες</span> <span class='ocrx_word' id='word_1_714' title='bbox 1000 4497 1046 4563; x_wconf 65' lang='grc' dir='ltr'>τῆς</span> <span class='ocrx_word' id='word_1_715' title='bbox 1061 4490 1169 4559; x_wconf 79' lang='grc' dir='ltr'>ἀταξίας</span> <span class='ocrx_word' id='word_1_716' title='bbox 1183 4492 1346 4571; x_wconf 81' lang='grc' dir='ltr'>γεγένηνται.</span> <span class='ocrx_word' id='word_1_717' title='bbox 1358 4491 1430 4551; x_wconf 70' lang='lat' dir='ltr'>‘lob</span> <span class='ocrx_word' id='word_1_718' title='bbox 1438 4496 1491 4550; x_wconf 80' lang='grc' dir='ltr'>τῶν</span> <span class='ocrx_word' id='word_1_719' title='bbox 1504 4487 1583 4548; x_wconf 72' lang='lat' dir='ltr'>totuin</span> 
     </span>
     <span class='ocr_line' id='line_1_102' title="bbox 912 4574 1583 4660; baseline -0.009 -22"><span class='ocrx_word' id='word_1_720' title='bbox 912 4609 930 4653; x_wconf 79' lang='lat' dir='ltr'>p</span> <span class='ocrx_word' id='word_1_721' title='bbox 949 4604 1022 4657; x_wconf 90' lang='grc' dir='ltr'>μενοι</span> <span class='ocrx_word' id='word_1_722' title='bbox 1036 4583 1059 4639; x_wconf 83' lang='lat' dir='ltr'>ol</span> <span class='ocrx_word' id='word_1_723' title='bbox 1071 4580 1210 4654; x_wconf 84' lang='grc' dir='ltr'>Ἰουδαῖοι,</span> <span class='ocrx_word' id='word_1_724' title='bbox 1232 4581 1275 4639; x_wconf 83' lang='grc' dir='ltr'>τὸν</span> <span class='ocrx_word' id='word_1_725' title='bbox 1292 4579 1369 4660; x_wconf 90' lang='grc' dir='ltr'>φόνον</span> <span class='ocrx_word' id='word_1_726' title='bbox 1388 4580 1435 4639; x_wconf 75' lang='grc' dir='ltr'>ὑπ’</span> <span class='ocrx_word' id='word_1_727' title='bbox 1457 4574 1583 4639; x_wconf 69' lang='lat' dir='ltr'>obedivit?</span> 
     </span>
     <span class='ocr_line' id='line_1_103' title="bbox 949 4662 1583 4750; baseline -0.006 -23"><span class='ocrx_word' id='word_1_728' title='bbox 949 4672 985 4737; x_wconf 87' lang='grc' dir='ltr'>είς</span> <span class='ocrx_word' id='word_1_729' title='bbox 1004 4669 1203 4750; x_wconf 79' lang='grc' dir='ltr'>χριστοκτονίαν</span> <span class='ocrx_word' id='word_1_730' title='bbox 1223 4669 1421 4742; x_wconf 86' lang='grc' dir='ltr'>συνηλάθησαν,</span> <span class='ocrx_word' id='word_1_731' title='bbox 1432 4670 1476 4729; x_wconf 79' lang='grc' dir='ltr'>τόν</span> <span class='ocrx_word' id='word_1_732' title='bbox 1486 4662 1583 4729; x_wconf 73' lang='grc' dir='ltr'>Ἠσαίαν</span> 
     </span>
     <span class='ocr_line' id='line_1_104' title="bbox 950 4752 1583 4836; baseline -0.008 -20"><span class='ocrx_word' id='word_1_733' title='bbox 950 4781 1008 4831; x_wconf 89' lang='grc' dir='ltr'>σαν,</span> <span class='ocrx_word' id='word_1_734' title='bbox 1019 4759 1063 4817; x_wconf 81' lang='grc' dir='ltr'>τὸν</span> <span class='ocrx_word' id='word_1_735' title='bbox 1078 4756 1209 4836; x_wconf 84' lang='grc' dir='ltr'>Ἱερεμίαν</span> <span class='ocrx_word' id='word_1_736' title='bbox 1223 4756 1393 4831; x_wconf 80' lang='grc' dir='ltr'>ἀπέκτειναν,</span> <span class='ocrx_word' id='word_1_737' title='bbox 1407 4759 1453 4818; x_wconf 76' lang='grc' dir='ltr'>τὸν</span> <span class='ocrx_word' id='word_1_738' title='bbox 1468 4752 1583 4816; x_wconf 61' lang='lat' dir='ltr'>satuti</span> 
     </span>
     <span class='ocr_line' id='line_1_105' title="bbox 949 4839 1583 4927; baseline -0.011 -19"><span class='ocrx_word' id='word_1_739' title='bbox 949 4853 1044 4919; x_wconf 89' lang='grc' dir='ltr'>λησαν,</span> <span class='ocrx_word' id='word_1_740' title='bbox 1058 4846 1101 4905; x_wconf 82' lang='grc' dir='ltr'>τόν</span> <span class='ocrx_word' id='word_1_741' title='bbox 1119 4846 1259 4927; x_wconf 82' lang='grc' dir='ltr'>Ζαχαρίαν</span> <span class='ocrx_word' id='word_1_742' title='bbox 1274 4846 1428 4927; x_wconf 84' lang='grc' dir='ltr'>ἐφόνευσαν,</span> <span class='ocrx_word' id='word_1_743' title='bbox 1441 4848 1485 4906; x_wconf 77' lang='grc' dir='ltr'>τόν</span> <span class='ocrx_word' id='word_1_744' title='bbox 1502 4839 1583 4926; x_wconf 75' lang='grc' dir='ltr'>Χριστί</span> 
     </span>
     <span class='ocr_line' id='line_1_106' title="bbox 953 4930 1583 5019; baseline -0.006 -26"><span class='ocrx_word' id='word_1_745' title='bbox 953 4959 1048 5019; x_wconf 89' lang='grc' dir='ltr'>ρωααν.</span> <span class='ocrx_word' id='word_1_746' title='bbox 1063 4935 1131 4993; x_wconf 81' lang='grc' dir='ltr'>Ἀλλ’</span> <span class='ocrx_word' id='word_1_747' title='bbox 1145 4935 1254 5001; x_wconf 84' lang='grc' dir='ltr'>ἐκείνοις</span> <span class='ocrx_word' id='word_1_748' title='bbox 1266 4935 1297 4994; x_wconf 80' lang='grc' dir='ltr'>τὸ</span> <span class='ocrx_word' id='word_1_749' title='bbox 1311 4935 1356 4994; x_wconf 80' lang='grc' dir='ltr'>ίπλ</span> <span class='ocrx_word' id='word_1_750' title='bbox 1367 4943 1423 5002; x_wconf 88' lang='grc' dir='ltr'>τοῖς</span> <span class='ocrx_word' id='word_1_751' title='bbox 1435 4943 1524 5000; x_wconf 79' lang='grc' dir='ltr'>κακοῖς</span> <span class='ocrx_word' id='word_1_752' title='bbox 1536 4930 1583 4990; x_wconf 69' lang='lat' dir='ltr'>not</span> 
     </span>
    </p>
   </div>
   <div class='ocr_carea' id='block_1_18' title="bbox 155 5019 1583 5104">
    <p class='ocr_par' dir='ltr' id='par_1_18' title="bbox 155 5019 1583 5104">
     <span class='ocr_line' id='line_1_107' title="bbox 155 5019 1583 5104; baseline -0.008 -20"><span class='ocrx_word' id='word_1_753' title='bbox 155 5025 198 5084; x_wconf 91' lang='lat' dir='ltr'>nis</span> <span class='ocrx_word' id='word_1_754' title='bbox 215 5040 278 5084; x_wconf 91' lang='lat' dir='ltr'>sunt</span> <span class='ocrx_word' id='word_1_755' title='bbox 299 5021 432 5104; x_wconf 83' lang='lat' dir='ltr'>principes</span> <span class='ocrx_word' id='word_1_756' title='bbox 462 5020 625 5101; x_wconf 73' lang='lat' dir='ltr'>Huiusmodi</span> <span class='ocrx_word' id='word_1_757' title='bbox 653 5022 761 5100; x_wconf 79' lang='lat' dir='ltr'>regibus</span> <span class='ocrx_word' id='word_1_758' title='bbox 792 5019 897 5080; x_wconf 91' lang='lat' dir='ltr'>subditi</span> <span class='ocrx_word' id='word_1_759' title='bbox 951 5023 1155 5103; x_wconf 79' lang='grc' dir='ltr'>λείψαντες,ἐπ“ι</span> <span class='ocrx_word' id='word_1_760' title='bbox 1164 5024 1194 5081; x_wconf 84' lang='grc' dir='ltr'>τὸ</span> <span class='ocrx_word' id='word_1_761' title='bbox 1203 5027 1252 5094; x_wconf 81' lang='grc' dir='ltr'>τῆς</span> <span class='ocrx_word' id='word_1_762' title='bbox 1263 5022 1453 5101; x_wconf 79' lang='grc' dir='ltr'>μυσταγωγίας</span> <span class='ocrx_word' id='word_1_763' title='bbox 1465 5022 1552 5101; x_wconf 67' lang='grc' dir='ltr'>φέγγος</span> <span class='ocrx_word' id='word_1_764' title='bbox 1564 5019 1583 5074; x_wconf 80' lang='grc' dir='ltr'>ἀι</span> 
     </span>
    </p>
   </div>
   <div class='ocr_carea' id='block_1_19' title="bbox 187 5206 812 5274">
    <p class='ocr_par' dir='ltr' id='par_1_19' title="bbox 187 5206 812 5274">
     <span class='ocr_line' id='line_1_108' title="bbox 187 5206 812 5274; baseline 0 -12"><span class='ocrx_word' id='word_1_765' title='bbox 187 5229 197 5251; x_wconf 81' lang='grc'><em>·</em></span> <span class='ocrx_word' id='word_1_766' title='bbox 215 5210 335 5273; x_wconf 76' lang='lat' dir='ltr'>[Additur</span> <span class='ocrx_word' id='word_1_767' title='bbox 346 5212 370 5260; x_wconf 89' lang='lat' dir='ltr'>in</span> <span class='ocrx_word' id='word_1_768' title='bbox 387 5225 465 5271; x_wconf 76' lang='lat' dir='ltr'>marg.</span> <span class='ocrx_word' id='word_1_769' title='bbox 479 5206 556 5259; x_wconf 83' lang='lat' dir='ltr'>Savil.</span> <span class='ocrx_word' id='word_1_770' title='bbox 568 5213 628 5274; x_wconf 68' lang='grc' dir='ltr'>αἷμα</span> <span class='ocrx_word' id='word_1_771' title='bbox 642 5214 666 5261; x_wconf 72' lang='grc' dir='ltr'>α’)</span> <span class='ocrx_word' id='word_1_772' title='bbox 679 5211 812 5274; x_wconf 75' lang='grc' dir='ltr'>στάζοντα]</span> 
     </span>
    </p>
   </div>
   <div class='ocr_carea' id='block_1_20' title="bbox 996 5205 1393 5274">
    <p class='ocr_par' dir='ltr' id='par_1_20' title="bbox 996 5205 1393 5274">
     <span class='ocr_line' id='line_1_109' title="bbox 996 5205 1393 5274; baseline -0.003 -18"><span class='ocrx_word' id='word_1_773' title='bbox 996 5209 1008 5233; x_wconf 77' lang='lat'>⁸</span> <span class='ocrx_word' id='word_1_774' title='bbox 1028 5208 1104 5257; x_wconf 80' lang='lat' dir='ltr'>Forte</span> <span class='ocrx_word' id='word_1_775' title='bbox 1116 5215 1207 5271; x_wconf 73' lang='grc' dir='ltr'>ἐκείνου,</span> <span class='ocrx_word' id='word_1_776' title='bbox 1219 5208 1303 5274; x_wconf 80' lang='lat' dir='ltr'>inquit</span> <span class='ocrx_word' id='word_1_777' title='bbox 1314 5205 1393 5258; x_wconf 63' lang='lat' dir='ltr'>Savil.</span> 
     </span>
    </p>
   </div>
   <div class='ocr_carea' id='block_1_21' title="bbox 0 0 1880 5940">
    <p class='ocr_par' dir='ltr' id='par_1_21' title="bbox 0 0 1880 5940">
     <span class='ocr_line' id='line_1_110' title="bbox 0 0 1880 5940; baseline 0 0"><span class='ocrx_word' id='word_1_778' title='bbox 0 0 1880 5940; x_wconf 95' lang='lat' dir='ltr'> </span> 
     </span>
    </p>
   </div>
  </div>
 </body>
</html>
