3750 5940
423 516 466 562 nn
493 516 585 563 caco
610 516 654 563 ετ
679 517 847 564 ascenso.
1269 488 1271 493 ¹
1344 503 1411 596 773

78 638 157 718 δρθην
168 636 259 711 είπδιν,
273 640 351 719 οθγή
373 644 417 698 τῶ
432 638 553 719 σώματος
577 647 618 699 εὖ·
672 660 753 720 opera
773 639 842 698 laona
860 638 911 698 filii
923 640 1049 699 Abrabae.
1067 641 1148 712 Quod
1167 642 1239 703 euim
1251 643 1341 704 dicere
1356 647 1414 726 jam

64 742 88 791 t,
103 719 162 776 ἀλλ’
178 722 196 788 ἡ
215 722 269 777 τῶν
283 717 387 797 τρόποιν
406 719 554 791 ἀκολουθία.
567 721 618 780 Διά
672 740 820 799 coeperam,
841 739 894 778 non
915 719 1036 800 eorporis
1057 721 1185 781 nobilitas
1201 724 1350 803 quaeritur,
1367 725 1415 785 sod

65 797 111 857 καί
124 797 219 857 ’leuda
230 798 275 858 κοιλ
290 796 389 857 Ἰακὼό
398 799 444 858 καί
456 802 479 859 οῖ
493 801 619 882 πατριοίρ
672 819 779 857 morum
792 799 974 878 congruentia.
987 801 1128 880 Propterea
1145 801 1283 861 Abrabam
1295 817 1321 863 et
1339 805 1415 864 Isaac

61 876 179 949 ννήσαντο
200 877 249 949 τήν
270 878 434 958 συναγωγὴν,
456 879 547 953 ἐπειδὴ
565 885 617 940 τῶν
671 890 697 936 et
719 878 803 939 Jacob
824 891 850 936 ct
868 877 1029 959 patriarche
1050 901 1142 941 omnes
1155 901 1319 962 synagogam
1333 882 1414 943 abne-

61 955 143 1017 πίστιν
156 957 205 1016 οὐκ
230 957 460 1037 ίκληρονόμησαν·
484 961 618 1042 ἠρνήσατο
671 971 787 1035 garunt,
806 958 869 1038 quia
891 971 1000 1039 patrum
1016 958 1081 1018 fidei
1098 960 1216 1020 haeredes
1236 982 1415 1024 successores-

61 1036 126 1108 ίους,
143 1036 234 1108 ἐπειδὴ
249 1040 297 1096 οὐκ
316 1038 496 1111 ἠκολούθησαν
519 1044 552 1119 τῇ
574 1040 618 1101 πί·
670 1058 723 1114 que
736 1058 789 1096 non
803 1038 925 1097 fuerant:
939 1038 1084 1130 abnegavit
1101 1061 1164 1099 suos
1181 1040 1329 1113 Abrabam,
1346 1064 1413 1121 quo-

76 1115 166 1183 αὐτοδς
180 1117 225 1176 καί
245 1116 339 1176 ’laeda
353 1117 506 1177 καλἸακδιό
526 1122 571 1179 καὶ
592 1124 616 1181 οῖ
669 1117 743 1176 niam
756 1116 840 1176 iidem
855 1119 913 1197 ejus
930 1131 1021 1177 sectati
1042 1140 1096 1178 nou
1111 1133 1174 1179 sunt
1189 1143 1196 1176 ι
1211 1120 1355 1201 abnegavit
1368 1144 1413 1183 eos

61 1220 133 1263 ντες·
147 1196 193 1255 τδν
210 1195 261 1277 γδρ
286 1197 468 1275 ἀρνησόμενον
487 1198 556 1258 Θεὸν
571 1203 616 1261 καὶ
634 1212 653 1257 Ι)
670 1210 696 1255 et
709 1197 785 1255 Isaac
797 1211 823 1256 et
836 1197 920 1260 Jacob
932 1211 958 1256 et
976 1198 1133 1279 patriarchae
1147 1220 1258 1260 omnes:
1275 1200 1323 1279 qui
1343 1203 1413 1261 enim

61 1286 115 1336 ῑται.
129 1276 182 1334 Καί
203 1276 243 1344 τίς
270 1277 433 1356 μαρτυρήσει
463 1278 552 1358 λόγος,
576 1281 616 1342 διν
671 1276 759 1335 Deum
770 1277 924 1356 abnegavit,
934 1298 995 1336 οιιιιι
1008 1278 1123 1358 abnegat
1137 1293 1162 1338 et
1173 1280 1414 1360 naturab‘edquis

61 1355 129 1422 αίαυς
148 1356 295 1436 ἠρνήσατο,
315 1355 359 1415 ίνα
383 1357 420 1435 μή
444 1356 558 1436 δόξωμεν
580 1366 616 1431 ὡς
670 1354 778 1415 tandem
799 1357 872 1415 locus
891 1357 1041 1417 testimonio
1061 1379 1110 1417 suo
1128 1359 1255 1440 probabit
1277 1360 1413 1421 Abrabam

61 1433 204 1509 ιοιίνεσθαι,
221 1437 279 1494 ἀλλ’
288 1439 324 1503 ὡς
335 1436 524 1516 ἡμαρτηκότας
538 1440 614 1521 ἐλέγ.
670 1436 814 1516 abnegasse
827 1436 946 1513 ludaeos,
961 1458 994 1496 ne
1005 1437 1147 1498 videamur
1163 1453 1299 1518 tamquam
1316 1441 1344 1498 in
1364 1441 1413 1499 ho-

61 1516 188 1596 μακαίριος
203 1515 333 1597 Ἱερεμίας
355 1519 385 1575 ἐκ
405 1515 548 1597 προσώπου
569 1527 615 1581 τοῦ
670 1529 723 1573 stes
743 1515 870 1574 audacter
888 1516 939 1575 ista
956 1518 1077 1596 jactare,
1091 1517 1135 1577 sed
1156 1532 1293 1598 tamquam
1310 1521 1413 1599 peccati

61 1593 155 1667 λίησον
171 1599 256 1673 ἡμᾶς·
276 1594 386 1675 ἐγενήθη
400 1595 432 1654 τδ
451 1596 509 1676 όρος
529 1598 573 1658 καλ
597 1606 614 1674 ἡ
669 1615 728 1654 reos
747 1596 929 1655 convincere?
944 1597 1041 1656 beatus
1056 1598 1185 1660 Jeremias
1197 1620 1232 1657 ex
1244 1600 1339 1690 populi
1354 1621 1413 1681 per·

61 1697 136 1748 νησαν
148 1677 173 1734 οῖ
192 1675 305 1755 πατέρες
322 1680 410 1753 ἡμῶν,
424 1674 614 1756 πυρίκαυστος·
670 1695 734 1733 sona
752 1675 792 1735 sic
804 1675 863 1734 ait:
879 1676 1010 1751 Domine,
1024 1677 1150 1737 miserere
1167 1692 1250 1737 nostri
1268 1703 1274 1735 ι
1291 1700 1369 1738 mons
1388 1695 1414 1740 et
1425 1688 1475 1741 λων·
1487 1696 1562 1745 tato.

61 1753 138 1825 έησον
164 1760 249 1832 ἡμᾶς,
277 1754 453 1834 ἀιιἈόραάμ
481 1760 527 1816 οὐκ
547 1758 614 1837 ἔγνω
670 1754 766 1814 civitas
777 1776 859 1835 quam
870 1755 1068 1816 benedixerunt
1077 1771 1168 1838 patres
1181 1758 1276 1836 nostri,
1291 1760 1360 1817 facta
1375 1775 1412 1818 est
1423 1768 1444 1801 0¹
1462 1757 1502 1818 64·
1527 1773 1562 1802 ¹¹·

61 1834 121 1906 ναήλ
143 1837 191 1894 οὐκ
215 1834 316 1912 ἀπέγνω
337 1840 425 1912 ἡμᾶς·
446 1833 495 1911 οδ,
520 1837 614 1918 Κόριε,
670 1833 726 1913 igni
737 1835 876 1894 combusta
887 1860 894 1892 ι
905 1849 944 1912 tu,
956 1836 1078 1910 Domine,
1093 1838 1217 1896 miserere
1229 1838 1322 1897 nostri.
1336 1841 1412 1918 Quia
1423 1837 1468 1892 '¹⁰3'
1497 1823 1561 1911 (Μ’

61 1914 263 1995 larsemensis,
278 1917 426 1994 έκεῖνοι,ίρ’
438 1906 476 1982 οἷς
490 1920 615 1996 σεμνυνό.
668 1914 827 1974 Abrabam
852 1936 912 1974 non
933 1920 1069 1995 cognovit
1090 1938 1161 1994 nos,
1182 1930 1210 1976 et
1231 1920 1329 1978 Israel
1353 1940 1413 1978 non
1423 1898 1492 1929 Μ’

61 1994 154 2067 ἰθησαν
179 1998 272 2072 ἡμῶν,
298 1993 344 2052 καλ
367 1993 516 2075 ἠρνήσαντο
537 2002 614 2077 ἡμῶν
667 2000 788 2074 agnovit
803 2015 854 2053 nos
868 2019 876 2051 :
891 2008 930 2068 tu,
945 1997 1069 2071 Domine,
1085 2017 1164 2077 parce
1176 1997 1262 2055 nobis.
1277 1999 1412 2070 Quando-

61 2074 163 2144 ἐλέησον
188 2078 260 2152 ἡμᾶς
281 2076 295 2132 θ
310 2074 411 2142 πάντας
432 2077 615 2157 φιλανθρωπία
666 2073 785 2151 quidem,
801 2075 898 2154 inquit,
912 2075 931 2133 it
942 2075 1041 2154 quibus
1051 2075 1210 2155 gloriamur,
1229 2078 1333 2137 anobis
1343 2079 1410 2138 alie-

61 2182 71 2213 ν
82 2158 154 2230 ἡμᾶς
165 2200 173 2226 ,
185 2153 226 2212 ότι
239 2152 360 2232 ’Δόραάμ
378 2155 426 2213 οὐκ
448 2153 515 2233 έγνω
532 2142 612 2236 apte:
667 2153 723 2211 nati
736 2167 807 2227 sunt,
816 2168 842 2213 et
859 2168 980 2214 nostrum
992 2175 1076 2234 genus
1089 2156 1271 2235 abnegarunt:
1284 2171 1312 2216 tu
1328 2159 1411 2218 nostri

61 2234 115 2295 οτά
124 2235 207 2311 ἡμίτε
243 2279 251 2305 ,
263 2236 310 2292 οὐκ
320 2231 352 2290 δν
364 2233 535 2314 ἐπρίσόευσεν
548 2237 596 2298 ὑπὲ
667 2232 802 2308 miserere,
812 2233 858 2311 qui
869 2255 961 2293 omnes
972 2256 1081 2316 superas
1090 2235 1265 2316 benignitate.
1273 2240 1413 2297 Miserere

61 2338 96 2373 ον,
111 2312 197 2394 Ὑπὲρ
210 2257 366 2390 &cooperor
383 2312 557 2392 δτρίσὸευσε,
568 2262 613 2378 καί
667 2317 769 2385 nostri,
791 2316 862 2394 νγιιίιι
879 2313 1038 2373 Abrabam
1063 2336 1122 2373 non
1145 2320 1279 2397 cognorit
1299 2338 1363 2377 nos.
1381 2318 1411 2378 Si

61 2393 100 2475 τίρ
114 2398 166 2452 τῶν
178 2392 249 2451 ἰδίων
260 2390 411 2474 πρεσόειίων
426 2397 474 2452 οὐκ
486 2395 612 2470 ήκοόετο;
666 2392 737 2450 enim
745 2414 787 2451 res
798 2406 902 2452 nostras
915 2415 976 2452 suas
984 2392 1105 2463 duceret,
1120 2415 1265 2475 nonnepro
1280 2396 1345 2455 filiis
1355 2397 1412 2456 suis

61 2498 105 2552 γνω
116 2479 197 2551 ἡμᾶς.
213 2472 342 2551 ’Λρνεῖται
361 2470 483 2554 ’Λόραδμ
496 2473 556 2543 τοὺς
570 2479 612 2536 ἀλ.
631 2486 649 2532 F.
666 2469 823 2551 deprecator
835 2485 860 2531 ot
881 2473 1039 2532 intercessor
1060 2474 1172 2534 ferisset?
1188 2475 1241 2533 Pro
1262 2475 1412 2536 Sodomitis

61 2553 171 2634 τρόποις,
184 2555 326 2612 οἰκειοῦται
347 2550 390 2623 δέ,
405 2555 441 2620 ὡς
461 2553 534 2634 lpas,
553 2556 612 2626 τοὺς
664 2549 823 2630 deprecatus
834 2565 874 2612 est
886 2566 911 2611 et
923 2552 1032 2612 ariditas
1041 2567 1097 2613 cst:
1111 2574 1161 2635 pro
1171 2553 1237 2613 filiis
1250 2555 1306 2614 suis
1316 2555 1412 2637 depre-

61 2639 107 2693 τοῦ
123 2631 346 2710 γένους,οίκείους
363 2630 391 2691 δέ
402 2637 450 2704 τῆς
469 2633 609 2705 εδοεὸιίας,
665 2651 729 2689 cans
739 2631 849 2691 auditus
858 2652 911 2691 non
927 2634 1020 2691 esset?
1034 2634 1193 2692 Abrabam
1206 2656 1265 2693 non
1276 2640 1412 2715 cognovit

63 2712 117 2794 αρὴ
134 2709 279 2790 βουλομένη
294 2709 376 2778 δεῖξαι
394 2720 449 2778 τοῖς
459 2713 610 2790 Ἰουδαίοις,
665 2731 728 2769 nos.
740 2711 863 2791 Abnegat
877 2712 1014 2771 Abrabam
1028 2712 1129 2774 alienos
1144 2713 1276 2789 moribus,
1289 2736 1351 2773 suos
1360 2738 1411 2775 au-

61 2819 70 2862 ς
89 2793 200 2872 τρόπους
220 2793 348 2872 αἱρεῖται,
372 2790 470 2851 τοότων
493 2792 539 2851 καί
561 2795 609 2869 τήν
663 2802 717 2848 tem
729 2789 813 2865 (lucit,
828 2805 857 2849 ut
867 2790 939 2866 dixi,
952 2814 997 2852 eos
1012 2793 1059 2871 qui
1074 2792 1153 2852 alieni
1168 2793 1279 2872 quidem
1290 2808 1352 2853 sunt
1362 2816 1407 2871 ge·

61 2897 152 2954 γεται,
173 2871 203 2931 λέ
222 2894 262 2929 ει·
278 2869 313 2930 Ὁ
335 2869 426 2954 πατήρ
447 2895 492 2931 σου
516 2871 610 2956 Ἀμοῤ.
663 2869 753 2944 neris,
776 2870 823 2929 sed
848 2871 986 2930 domestici
1012 2872 1158 2950 religionis.
1185 2871 1289 2931 ldcirco
1314 2874 1409 2934 volens

61 2958 117 3034 ᾗτηρ
131 2976 177 3011 σου
189 2896 349 3023 denoted
365 2951 465 3032 ἀδελφή
491 2975 536 3011 σου
558 2957 610 3014 Σο.
663 2949 801 3008 ostendere
821 2950 961 3031 Scriptura
981 2949 1094 3024 Judaeis,
1110 2972 1226 3030 qnorum
1241 2951 1302 3030 quis
1322 2973 1410 3013 mores

65 3037 122 3099 πῶς
133 3031 181 3103 τὴν
199 3029 349 3111 συγγένειαν
362 3030 415 3089 ἀπὸ
431 3036 483 3090 τῶν
504 3033 609 3112 τρόπων
662 3028 793 3111 imitando
806 3043 932 3107 sectetur,
943 3052 1036 3090 eorum
1047 3044 1074 3090 et
1086 3030 1293 3113 appellationem
1307 3033 1408 3109 sortiri,

61 3110 159 3184 Επειδὴ
172 3111 206 3170 rb
222 3116 274 3170 τῶν
287 3110 439 3188 Σοδομιτῶν
458 3111 608 3192 ἀρρόνησεν,
662 3108 701 3167 sic
711 3108 750 3167 ait
763 3132 770 3165 :
785 3113 879 3168 Pater
891 3123 959 3170 tuus
973 3110 1177 3182 Amorrbceus,
1194 3124 1221 3169 et
1244 3124 1340 3171 nsoter
1356 3127 1409 3172 tua
1420 3132 1501 3178 azeca.
1512 3138 1548 3185 ις,

61 3192 70 3263 l
95 3191 230 3268 Σοδόμων,
252 3189 351 3261 ἤκουσε
374 3190 492 3270 θυγάτηρ
519 3193 608 3253 Xou-
664 3189 810 3260 Chettoea,
824 3209 908 3248 soror
920 3202 971 3248 tuo
987 3191 1151 3250 Sodomitis.
1165 3189 1238 3251 Vide
1257 3212 1311 3269 quo
1348 3195 1491 3257 acto³·t⁵·
1503 3197 1543 3262 46.

61 3296 83 3339 ις
97 3271 227 3331 ἐδείκνυτο
238 3274 268 3330 ob
282 3269 312 3328 τὸ
321 3268 395 3348 γένος
410 3272 528 3346 δικαιῶν,
539 3274 608 3334 ἀλλά
618 3303 655 3341 120
662 3268 846 3348 cognationem
863 3289 898 3328 ex
916 3268 1037 3328 moribus
1057 3270 1122 3350 ipsis
1143 3270 1296 3330 constituat.
1340 3293 1408 3330 uan-

61 3349 368 3431 ν.Ἐγὼδίνομίζω,ὅττ
382 3352 607 3419 δΧαναναῖοςκαὶ
626 3347 678 3406 Ad
715 3347 805 3406 uidem
824 3349 918 3410 eadem
939 3349 1060 3429 sapiebat
1095 3370 1136 3408 uae
1153 3349 1319 3426 Sodomltae,
1333 3372 1409 3412 soror

61 3441 152 3490 ινεῖται
169 3431 217 3501 τλν
233 3429 400 3510 συγγένειαν·
418 3429 463 3489 καί
483 3431 545 3491 όταν
562 3432 606 3513 ἴδη
661 3370 839 3488 sidenorum
856 3428 972 3503 audivit,
989 3429 1082 3488 iiliaC
1119 3449 1273 3489 nanaeorum
1287 3430 1406 3491 audivit:

63 3557 70 3584 ,
92 3512 137 3571 καί
157 3509 216 3577 τοὺς
238 3508 388 3592 ἀλλοτρίους
408 3513 456 3581 τῆς
475 3511 608 3580 εὐστόείας
659 3521 740 3646 igue
753 3507 790 3566 ita
803 3508 1013 3581 demonstrabat,
1026 3530 1080 3569 non
1094 3522 1125 3567 ut
1137 3530 1222 3589 genus
1231 3510 1405 3591 justificaret,

62 3593 147 3673 αὐτῷ,
161 3594 292 3671 ἀρνεῖται,
305 3591 350 3648 καί
365 3593 394 3650 οὐ
405 3589 511 3671 δέχεται
525 3596 539 3650 ὁ
551 3594 608 3652 Xe·
717 3601 747 3647 ut
761 3610 848 3648 mores
858 3588 959 3650 bonore
969 3589 1095 3649 afficeret.
1111 3589 1170 3669 Ego
1178 3611 1244 3649 vero
1256 3590 1295 3649 sio
1314 3591 1408 3650 existi-

61 3695 80 3729 ιι
91 3670 179 3750 πατὴρ
192 3674 244 3729 τῶν
254 3668 426 3729 desolandi&
436 3669 463 3728 τί
476 3674 606 3748 ἀρνεῖται;
659 3688 713 3743 mo,
727 3668 911 3729 Cbananaeum
930 3669 1011 3729 etiam
1024 3683 1051 3728 et
1072 3670 1258 3728 Amorrbaeum
1273 3671 1408 3750 cognatio·

67 3751 225 3830 Χαναναίῳ,
240 3749 286 3808 καί
310 3748 400 3830 εἴπῃς,
420 3749 462 3810 ὅτι
483 3753 497 3808 θ
517 3751 607 3833 πατήρ
659 3768 721 3807 nem
734 3748 814 3807 istam
831 3749 982 3830 abnegare;
997 3771 1059 3808 cum
1079 3770 1113 3808 ue
1131 3748 1231 3809 viderit
1245 3750 1343 3830 impios
1355 3749 1407 3809 Dei

65 3830 110 3891 καλ
125 3834 193 3912 ἐρεῖ·
207 3822 282 3895 οὗτός
296 3852 345 3905 μου
357 3830 411 3897 υίδς
427 3829 607 3911 ἀρνησάμενος
658 3826 748 3887 hostes
756 3841 808 3888 eta
820 3828 918 3909 pietate
931 3829 1031 3888 alienos
1041 3771 1092 3888 sibi
1103 3829 1266 3903 accedentes,
1277 3829 1405 3908 abnegat,

61 3909 187 3990 τατέρων;
199 3907 271 3988 Ἐγὼ
279 3910 327 3968 οὐκ
335 3910 389 3987 είμλ
399 3909 517 3983 ἀπιστος,
527 3914 550 3969 εἶ
560 3912 605 3970 καὶ
658 3927 675 3964 n
730 3928 744 3965 e
762 3907 892 3984 dignatur
905 3908 1072 3969 Chananeus
1092 3908 1237 3989 impiorum
1257 3920 1333 3988 pater
1352 3928 1404 3988 ap-

61 3991 180 4072 μυιρήσει
198 3989 250 4072 γοίρ
273 4012 322 4067 μου
342 3988 390 4063 τήν
412 3988 531 4062 πίστινὴ
550 3991 607 4049 Χα-
658 3928 764 4066 pilliri.
781 3990 872 4058 Qttare
891 3987 1025 4063 abnegat?
1042 3987 1072 4047 Si
1087 3987 1139 4044 boc
1154 3985 1315 4066 imposueris
1330 3986 1403 4045 Cha-

66 4071 112 4129 Υίὲ
135 4069 233 4140 deuio,
251 4067 357 4142 ἐλέησόν
384 4093 427 4148 με.
442 4069 489 4141 Μὴ
513 4068 604 4128 καλεί-
659 4086 762 4143 nanaeo,
777 4081 803 4125 et
823 4065 936 4137 dixeris,
950 4068 1029 4125 Pater
1042 4078 1106 4126 tuus
1116 4066 1293 4137 Chananeus,
1306 4078 1332 4124 et
1347 4066 1404 4145 ipse

82 4149 254 4209 Χαναναίων·
276 4152 306 4208 οὔ
331 4149 383 4231 γδρ
403 4153 415 4208 ί
435 4147 532 4217 ύλαξαν
556 4149 604 4223 τὴν
656 4144 753 4205 dicet:
775 4146 889 4204 Hircine
909 4145 983 4203 filius
1003 4166 1098 4213 meus,
1121 4144 1168 4221 qui
1190 4156 1299 4224 patrum
1320 4145 1404 4205 fidem

62 4229 170 4295 αναίας·
184 4229 360 4301 κληθήτωσαν
384 4173 435 4287 olel
452 4228 532 4287 λίθων
558 4229 604 4289 καὶ
656 4224 818 4306 abnegavit?
833 4224 893 4305 Ego
911 4245 964 4283 uon
979 4245 1040 4282 sum
1056 4223 1190 4296 infidelis,
1206 4225 1312 4283 tametsi
1332 4225 1404 4284 Cha-

61 4332 91 4375 τες
114 4313 152 4388 τῷ
177 4306 257 4388 λίθῳ,
272 4308 370 4413 Πατήρ
386 4333 436 4386 μου
450 4299 475 4366 εί
490 4307 541 4382 σὺ,
556 4308 602 4367 καί
656 4325 766 4364 nauatae
788 4328 795 4361 ι
820 4326 885 4364 mete
908 4303 1010 4384 quippe
1033 4303 1097 4362 fidei
1121 4303 1305 4364 testimonium
1331 4303 1403 4364 dicct

78 4412 111 4464 με
129 4387 277 4466 ἐγέννησας.
298 4387 370 4467 Ἔγνω
386 4388 413 4446 δέ
435 4388 534 4466 νομίζω
557 4388 603 4447 καί
656 4385 822 4460 Chananaea,
836 4405 897 4463 quae
917 4383 1015 4442 clamat
1031 4407 1039 4439 t
1058 4384 1121 4442 Fili
1135 4384 1250 4455 David,
1268 4388 1403 4445 miserere
1413 4392 1552 4456 breem-39.

61 4473 154 4540 ιῖσθαι,
166 4469 212 4526 καί
227 4466 261 4538 τὰ
283 4466 346 4536 ξόλα
367 4467 539 4550 ἀπαγορεύειν
554 4466 602 4541 τήν
656 4469 722 4523 mei.
744 4467 784 4524 Ne
804 4478 933 4523 vocentur
948 4483 1012 4541 crgo
1030 4462 1081 4522 filii
1102 4462 1334 4535 Chananaorum3
1349 4485 1402 4525 non

61 4547 181 4607 ῖπίστων.
196 4545 313 4606 Δόναται
328 4547 454 4615 tollitur
467 4552 602 4627 ἀρνεῖσθαι
622 4544 726 4607 neuim
748 4541 830 4602 fidem
849 4544 1006 4602 Cbananaeae
1022 4555 1161 4601 servamnt
1177 4565 1184 4598 ι
1200 4557 1332 4602 vocentur
1348 4544 1400 4604 filii

61 4625 116 4686 lert
133 4652 183 4704 μου
196 4625 287 4688 τέκνον
302 4631 317 4685 b
334 4627 389 4692 υίδς
402 4631 450 4697 τῆς
464 4626 601 4695 ἀσεόείας·
654 4623 779 4704 lapidum
794 4637 873 4702 atque
882 4623 1034 4703 lignorum,
1050 4621 1096 4700 qui
1109 4620 1203 4680 dicunt
1214 4620 1319 4703 lapidi,
1334 4627 1399 4684 Pa·
1411 4639 1461 4682 Jer.
1477 4651 1500 4683 α.
1511 4652 1551 4696 ²7·

61 4730 114 4765 ινον
130 4707 210 4772 tutte
228 4712 276 4778 τῆς
298 4706 415 4774 ἀδικίας·
432 4704 484 4786 ἐγὼ
498 4705 550 4787 γὰρ
560 4748 567 4774 ,
579 4709 601 4765 εἰ
655 4718 699 4763 ter
710 4723 790 4762 meus
809 4725 839 4762 es
853 4716 885 4761 tu
896 4726 910 4773 ,·
920 4715 948 4760 et
964 4702 1055 4792 ligno,
1070 4704 1114 4760 Tu
1128 4723 1174 4760 me
1188 4707 1323 4783 gentilati.
1342 4706 1400 4764 lmo

61 4785 149 4857 ξκουσα
164 4792 211 4859 τῆς
227 4789 335 4867 Γραρῆς
353 4783 493 4864 λεγούσης·
515 4785 601 4845 Δόνα-
653 4805 702 4863 ego
720 4781 822 4864 lapides
841 4782 922 4840 etiam
935 4781 1052 4840 arbttror
1068 4781 1212 4861 abnegare,
1224 4803 1255 4841 ae
1268 4782 1342 4861 ligna
1356 4805 1400 4843 eo-

61 4869 91 4925 tx
111 4866 262 4926 riualibus
286 4865 386 4929 τούτων
407 4870 504 4948 ἐγεῖραι
521 4866 600 4925 τέκνα
653 4863 806 4943 gnatiunem
830 4861 982 4921 infidelium
1001 4858 1150 4942 repudiare.
1172 4862 1262 4921 Potest
1283 4877 1310 4921 et
1329 4863 1400 4945 lapis

61 4936 130 5017 ileo,
154 4946 212 5018 ναί,
239 4946 327 5025 ρησλν,
352 4949 543 5045 προσωποποιῇ
571 4949 600 5004 ἐκ
653 4963 750 5022 negare
760 4964 791 5002 ae
804 4941 912 5016 dicere,
927 4943 987 5000 Non
1001 4954 1040 4999 est
1052 4940 1127 5000 lilius
1147 4962 1241 5012 meus,
1258 4942 1333 5001 filius
1347 4942 1398 5001 im-

61 5030 121 5099 θου,
132 5027 178 5085 καλ
191 5025 262 5092 λίθος
272 5028 360 5097 λαλεῖς
383 5029 468 5084 Ακουε
480 5032 526 5084 τοῦ
537 5046 602 5106 προ-
652 5022 782 5103 pietatis:
805 5043 856 5080 non
873 5034 912 5081 est
930 5019 1005 5080 filius
1026 5041 1117 5095 mens,
1134 5020 1209 5080 lilius
1228 5020 1396 5100 iniquitatis:

63 5104 194 5172 ότιΛίθος
207 5109 237 5166 tx
253 5105 343 5186 τοίχου
362 5103 500 5187 φθέγξεται
518 5104 600 5178 αὐτὰ,
653 5102 793 5183 egoenim
814 5101 921 5162 tametsi
939 5099 1010 5182 lapis
1027 5121 1098 5181 sum,
1111 5100 1280 5182 Scriptttrarn
1302 5101 1396 5160 audiri

61 5327 128 5377 ιίναυς.
