3750 5940
385 459 418 507 us
447 460 574 508 cronon
603 458 785 517 erosnom,
814 459 880 505 nou
908 458 1018 523 ouon,
1045 459 1123 507 arc.
1461 435 1533 532 859
1567 420 1569 426 ¹

61 583 110 638 τοῦ
125 575 247 658 Ἀύραδμ
260 577 337 639 slede
349 569 382 652 δν
396 583 442 640 οθκ
453 579 597 655 Ἰουδαίων,
611 581 680 640 ἀλλὰ
692 584 739 652 τῆς
791 579 940 658 tiquissima
954 580 1076 641 omnium
1093 594 1134 641 est
1147 579 1266 641 Ecclesia
1282 600 1342 660 que
1357 581 1386 641 in
1399 596 1466 662 typo
1480 582 1533 663 pie

61 656 140 757 γαίατῖ
151 656 203 757 Api
214 663 292 759 τούτο
303 665 318 719 ό
328 659 473 728 ἀπόστολος
489 661 623 763 βασανίζει
629 662 681 760 ,τὸν
696 661 739 762 λό-
790 659 928 739 religionis
940 660 1082 721 incedebat
1096 684 1103 718 :
1116 673 1144 721 et
1156 658 1224 751 fides
1236 659 1351 719 Abrahae
1362 660 1452 800 imepo
1463 676 1531 738 erat,

61 761 67 791 ν
82 760 144 815 περι
157 760 205 810 της
218 761 347 812 πιστεως,
358 739 404 799 καλ
423 744 580 819 βοολομενος
601 740 681 808 οειξαι
693 764 737 800 τον
791 759 843 798 nou
854 739 1024 815 Judaecmm,
1039 739 1087 800 sm
1100 739 1236 800 Ecclestae.
1250 738 1314 799 Ideo
1324 754 1417 819 aposto
1430 762 1462 800 us
1472 762 1533 800 ser-

61 840 88 893 p
107 814 196 875 εἰκόνα
210 823 258 888 τῆς
269 817 445 890 Ἐκκλησίας,
466 821 511 880 καί
525 821 585 899 coyt
598 825 651 879 τῶν
668 821 736 879 'lco-
791 839 898 879 moncm
908 819 945 894 de
960 818 1016 879 lide
1031 819 1163 900 explorat,
1178 833 1205 877 et
1222 831 1254 877 ut
1269 819 1391 878 ostendat
1408 820 1534 880 Abraha-

66 895 157 974 λέγει·
169 895 242 956 Ἀδιλ
261 896 285 957 οὶ
295 943 302 966 ,
311 902 475 980 γέγραπται,
486 900 529 960 ότι
543 889 664 981 Ἀ’ύραδιμ
679 900 737 959 ἐπί·
790 917 867 958 mum
877 919 934 959 csse
941 898 1078 974 Ecclesiae,
1087 920 1140 958 nou
1150 896 1309 961 iudeorum
1317 898 1472 977 imaginem,
1483 899 1533 958 ait:

66 978 107 1055 τῷ
117 977 198 1055 θεῷ,
215 920 261 1035 κού
273 979 397 1057 ἀλογίσθη
416 982 487 1038 αὐτῶ
507 983 543 1048 είς
559 978 737 1050 δικαιοσύνην,
790 980 922 1051 Fratres,
930 983 1069 1058 scriptum
1079 991 1122 1038 est
1133 1003 1142 1036 .·
1155 980 1286 1039 Credidit
1295 978 1454 1038 Abraham
1461 981 1535 1054 Deo,
1546 998 1613 1043 nom.
1626 996 1650 1059 η,
1662 998 1685 1044 3.

61 1042 96 1112 ύν
108 1056 181 1136 αὐτῷ
191 1053 327 1134 ἀλογίσθη;
339 1060 366 1116 ἐν
377 1040 507 1158 περιτομῇ
518 1058 611 1133 όντι,ἢ
623 1063 650 1118 ἐν
661 1061 739 1138 ἀκρο-
791 1069 820 1116 et
829 1070 995 1136 reputatum
1006 1071 1049 1118 est
1060 1059 1108 1117 illi
1117 1060 1321 1140 adjustitiam.
1331 1059 1457 1135 Quando
1468 1080 1536 1138 ergo
1549 1074 1584 1107 ¹0·

65 1157 76 1207 ς
91 1136 185 1193 Ταῦτα
201 1135 320 1209 Παῦλος,
337 1142 351 1196 δ
369 1136 396 1205 ἐξ
419 1139 554 1213 Ιονδαίων,
574 1139 646 1199 ότὸν
660 1138 739 1216 νόμον
790 1149 954 1215 reputatum
964 1141 1053 1213 est,iu
1062 1141 1327 1198 circumcisionem
1338 1141 1370 1195 iu
1379 1143 1536 1218 preputio?

61 1213 108 1272 καλ
118 1213 152 1273 τὰ
163 1213 232 1273 κατὰ
243 1214 322 1292 νόμον
336 1218 479 1297 διασαφῶν.
489 1222 548 1279 Οὐκ
559 1221 585 1278 ἐν
596 1225 739 1300 περιτομῇ,
790 1215 855 1275 Haec
865 1216 978 1292 Paulus,
994 1216 1039 1295 qui
1052 1238 1087 1277 ex
1098 1217 1201 1278 iudeis
1214 1230 1281 1292 crat,
1295 1217 1342 1295 qui
1351 1216 1440 1296 legem
1454 1239 1537 1277 nove-

61 1296 108 1351 ’ἀνι
156 1293 304 1354 υστία·καί
314 1305 423 1374 σημεῖον
434 1295 511 1357 unes
522 1298 570 1371 την
581 1297 739 1378 περιτομὴν,
790 1309 842 1369 rat,
857 1295 990 1375 etlegalia
1006 1296 1171 1377 explicabat.
1184 1299 1253 1356 Nou
1268 1299 1300 1355 iu
1315 1299 1537 1356 circumcisione
1547 1324 1637 1369 Ictum.
1655 1333 1689 1366 11.

61 1373 99 1429 ῑδα
127 1354 275 1446 ικαιοσύνης
289 1379 338 1445 τῆς
358 1377 386 1434 ίν
405 1381 439 1456 τῇ
460 1378 630 1477 ἀκρούυστίρ.
652 1378 740 1438 Βλέπε
757 1377 893 1447 oscetin
909 1379 1059 1456 preputio.
1074 1378 1116 1435 Et
1130 1380 1245 1456 siguum
1257 1380 1536 1455 accepitcircumci-

61 1450 141 1511 ιόκων
154 1453 296 1530 νοημάτων
314 1453 440 1536 θεωρίαν·
456 1459 539 1535 βλιπε
549 1461 606 1524 πῶς
625 1457 740 1518 ἀπόστο-
790 1457 913 1527 tiorum,
928 1455 1112 1536 signaculum
1117 1458 1243 1545 justitie
1257 1459 1289 1512 in
1298 1459 1448 1535 preputio.
1464 1455 1538 1516 Vide

61 1531 431 1617 ικίζειμδντδνἸσραήλτοῦ
443 1536 585 1617 ’Λόραδιμ,
615 1535 740 1618 ὴόχοντα
791 1534 979 1615 complicatam
1012 1549 1201 1594 sententiarum
1224 1534 1452 1615 speculationem
1474 1535 1540 1595 vide

61 1632 142 1678 πεως
151 1610 200 1683 την
214 1613 381 1686 οἰκειότητα,
394 1615 526 1684 είσοικίζει
538 1617 565 1676 δὲ
574 1561 615 1676 ed
617 1616 693 1690 ἔθνη,
704 1619 741 1685 ὡς
792 1613 928 1690 quomodo
945 1614 1083 1696 apostolus
1189 1628 1216 1672 et
1232 1613 1269 1672 ub
1289 1614 1444 1673 Abrahamo
1454 1615 1540 1675 lsrae-

79 1690 125 1750 τδν
144 1696 305 1773 χαρακτῆρα
325 1699 373 1772 τῇς
397 1695 538 1762 εθσεόείας.
553 1694 606 1757 Καὶ
630 1706 740 1775 σημεῖον
792 1691 920 1768 lemnon
934 1694 1114 1753 habentemfi
1135 1693 1161 1753 ei
1173 1692 1380 1774 proprietatem
1393 1694 1540 1774 conjungat

61 1791 95 1828 πε
123 1769 223 1847 τομὴν,
234 1773 349 1852 οραγῑδα
369 1773 548 1848 δικαιοσύνης,
568 1779 604 1842 εἰς
620 1774 650 1834 τδ
668 1778 740 1856 γενί-
792 1785 883 1833 autem
893 1773 944 1854 ipsi
956 1789 1058 1853 gentes,
1069 1772 1233 1833 othalrentcs
1244 1772 1423 1832 characterem
1431 1773 1482 1853 piae
1493 1794 1541 1832 re-

61 1851 93 1906 θτ
134 1848 236 1948 πατέρα
247 1855 300 1910 τῶν
314 1853 490 1912 πιστευόντων
501 1855 534 1913 δι’
556 1854 740 1935 ἀκροὸυοτίας.
792 1852 911 1933 ligionis.
927 1856 1215 1934 Etsignumaccepit
1229 1856 1489 1924 circumcisionem,
1502 1858 1540 1912 si·
1612 1838 1624 1858 ’

72 1932 130 1995 πῶς
149 1932 163 1987 ό
181 1953 263 1996 τυπος
274 1933 322 2001 τῆς
336 1930 500 2004 Ἐκκλησίας
519 1936 549 2001 ἀν,
566 1938 605 1992 τῶ
619 1934 741 2017 {tepere
791 1933 951 2013 guaceium
954 1936 1089 2014 justitie,
1099 1945 1130 1991 ut
1142 1937 1180 1992 sit
1190 1945 1276 2011 puter
1283 1935 1414 1991 omnium
1425 1933 1541 1991 creden·

61 2006 147 2080 ιύιτο,
161 2009 215 2069 Καί
229 2014 243 2068 ὁ
257 2009 353 2091 Σωτὴρ
368 2010 396 2069 δδ
416 2014 572 2091 βουλόμενος
586 1993 685 2090 δεῖξαι,
700 2016 740 2075 ότι
795 2015 867 2070 tium
887 2033 939 2093 per
959 2016 1143 2093 praeputium.
1169 2011 1271 2073 Viden'
1294 2010 1431 2089 quomodo
1452 2011 1541 2090 figura

61 2087 152 2164 γελικὴ
176 2088 339 2156 κατάστασις
359 2114 379 2149 π
436 2091 485 2163 τὴν
511 2093 625 2175 ἀρχαίαν
647 2095 740 2175 ἀγεται
794 2090 964 2151 Ecclesiaein
984 2091 1138 2150 Abrahamo
1155 2091 1246 2150 esset?
1261 2092 1388 2151 Servatur
1406 2103 1496 2149 airtcm
1512 2105 1543 2150 ut

61 2187 139 2241 ιασιν,
147 2166 277 2245 λεγόντων
287 2168 375 2229 ’ίουδα
399 2172 741 2254 ιν,Μωύο·ἠςίγραψεν,ἐάν
794 2170 916 2230 ostendat
926 2170 1111 2249 evangelicum
1121 2169 1265 2229 statumad
1279 2169 1396 2249 priscum
1408 2169 1485 2228 illam
1499 2170 1542 2229 iu·
1712 2219 1717 2228 .

61 2269 81 2325 ῃ
104 2248 237 2307 ἀπολῦσαι
258 2245 307 2320 τλν
329 2257 441 2326 γυναῖκα
467 2254 562 2324 αὐτοῦ,
583 2252 651 2311 δότω
674 2257 740 2328 αὐτῇ
774 2250 960 2310 stitutionem
978 2249 1080 2324 reduci,
1094 2271 1157 2308 cum
1170 2249 1291 2309 dicerent
1310 2247 1398 2310 Judaei
1413 2273 1420 2305 ε
1433 2251 1543 2330 Moyses
1554 2261 1641 2308 staret.
1659 2275 1694 2320 ιη.

61 2326 264 2400 ιάποατασίου,
277 2331 292 2385 δ
307 2328 404 2408 Σωτὴρ
417 2329 507 2402 πάλιν,
522 2332 555 2391 ea
569 2334 596 2390 ἐν
613 2336 652 2392 τῶ
668 2322 741 2413 νόμω
792 2330 912 2420 scripsit,
926 2329 957 2390 si
1008 2330 1029 2388 is
1039 2329 1156 2389 voluerit
1218 2328 1313 2389 udiare
1326 2348 1440 2387 uxorem
1454 2342 1578 2406 suam‚7·

61 2403 197 2482 idipsum,
211 2409 261 2486 οὐχ
270 2409 305 2473 ὡς
323 2407 434 2479 ἐκλύων,
447 2408 574 2484 struem
596 2393 682 2486 ἀληθῆ
703 2391 741 2472 δι’·
792 2407 838 2467 det
851 2409 892 2468 illi
906 2408 926 2469 l'
984 2430 1031 2467 um
1051 2350 1321 2500 repudiii‘dcrvatcr
1339 2421 1431 2465 contra
1450 2408 1541 2468 missis

61 2482 109 2543 »ίαν
124 2484 258 2565 ἐμφαίνων
272 2484 360 2564 λέγει·
375 2490 493 2561 Music-71:
509 2489 553 2550 διδι
564 2492 613 2565 τλν
630 2494 742 2572 ακληρα
793 2486 937 2567 legalibus,
948 2509 1001 2548 uon
1012 2510 1090 2567 quam
1105 2487 1194 2547 solvat
1215 2487 1273 2562 illa,
1287 2485 1334 2546 sed
1348 2501 1378 2545 ut
1392 2508 1483 2546 veram
1493 2486 1542 2547 do·

61 2587 75 2621 ν
89 2567 163 2640 ὑμῶν
176 2555 248 2624 εἶπεν
258 2589 264 2602 ·
276 2569 323 2625 ἀπ’
339 2568 426 2646 ἀρχῆς
436 2566 464 2627 δί
473 2572 524 2649 αύχ
532 2569 615 2639 ούτως
629 2571 741 2652 ἐγίνετο,
794 2567 909 2629 cuium
916 2567 1044 2643 declaret,
1052 2566 1136 2627 dicii:
1147 2569 1269 2642 Moyses
1279 2567 1320 2625 od
1328 2566 1470 2625 duritiam
1479 2587 1543 2626 cot*-
1555 2581 1615 2628 tta'd.
1624 2579 1646 2626 8.
1656 2579 1680 2627 8.

61 2648 138 2716 ,πῶς
156 2646 193 2711 εἰς
205 2644 237 2703 τδ
250 2647 361 2726 ἀρχαῖον
372 2651 445 2724 ἡμᾶς
460 2650 679 2723 ἀποκαθίστησιν.
758 2669 775 2715 ε
794 2649 840 2707 dis
853 2652 947 2708 vestm
965 2649 1104 2728 ίοριιιιειιε
1123 2660 1165 2706 est
1188 2649 1251 2704 :ab
1265 2649 1351 2705 initio
1363 2658 1463 2705 autem
1482 2667 1544 2707 non

791 2729 852 2806 fuit
865 2731 919 2787 sic.
933 2727 1006 2788 Vide
1018 2724 1154 2806 quomodo
1165 2723 1199 2784 ad
1213 2725 1301 2804 prisca
1315 2745 1363 2782 nos
1378 2723 1499 2784 reducat.

61 2798 242 2878 αναλαμόοίνω
261 2800 292 2860 τδ
313 2805 402 2881 ῥῆμα·
418 2804 487 2863 ἀλλὰ
510 2809 660 2884 παρακαλῶ
682 2832 741 2868 συν-
833 2808 861 2864 ὅ.
873 2805 985 2865 Dictum
998 2819 1105 2886 τορείας
1117 2803 1166 2863 sed
1178 2823 1256 2882 rogo,
1267 2824 1315 2884 per
1325 2803 1463 2863 silentium
1474 2804 1542 2865 mihi

61 2883 145 2938 ασθαι
163 2883 228 2957 ἡμῖν
247 2879 291 2939 διὰ
309 2887 358 2954 τῆς
377 2887 496 2959 σιωτιῆς,
517 2885 560 2945 ίνα
581 2886 619 2964 μὴ
633 2887 741 2968 θόρυύος
790 2884 917 2961 faveatis,
930 2885 1107 2944 netumultus
1121 2882 1263 2965 oppositus
1275 2882 1434 2942 senteutiam
1446 2882 1542 2943 dissol-

61 2956 221 3026 ἰντιπνεύσας
238 2960 348 3041 διαλύση
368 2962 399 3022 τδ
411 2961 507 3041 νόημα.
522 2964 557 3024 Ὁ
571 2966 669 3049 Σωτήρ
689 2992 741 3047 μον
793 2979 849 3024 vat.
880 2964 983 3027 Volens
1011 2964 1138 3024 Servator
1169 2960 1327 3036 ostendere,
1357 2961 1541 3042 euangelicam

61 3060 123 3104 ενος
134 3037 231 3111 δεῖξαι,
245 3042 286 3098 ότι
299 3045 316 3111 ἡ
329 3043 484 3121 εὐαγγελικὴ
499 3045 658 3106 διδασκαλία
675 3051 740 3128 πρὸς
792 3044 943 3104 doctrinam
957 3043 993 3103 ud
1012 3042 1134 3135 priscum
1147 3041 1273 3101 reducere
1288 3055 1404 3117 statum,
1420 3064 1483 3101 cum
1498 3041 1541 3101 di-

61 3117 141 3197 χαίαν
150 3117 208 3196 ἄγει
219 3117 391 3194 κατάστασιν,
401 3121 530 3199 λεγόντων
540 3130 592 3184 τῶν
604 3132 739 3202 μαθητῶν,
793 3139 882 3184 cercnt
892 3123 1036 3204 discipuli,
1047 3123 1102 3182 imo
1112 3121 1203 3203 potius
1215 3120 1344 3181 Pharisaei
1357 3145 1363 3178 :
1380 3123 1440 3181 Cur
1452 3124 1540 3197 Moy·
1554 3135 1623 3178 neor.
1645 3137 1681 3192 τη.

61 3221 66 3251 ν
86 3195 112 3256 δὲ
126 3201 178 3256 τῶν
190 3197 358 3276 Φαρισαίων,
370 3200 406 3259 Τί
422 3203 462 3261 ότι
482 3206 598 3276 Music-Ze
611 3206 740 3285 προσότα-
792 3224 838 3264 ses
849 3208 998 3286 precipit,
1014 3203 1045 3263 Si
1058 3207 1125 3284 quis
1138 3204 1281 3273 dintiserit
1300 3221 1420 3260 uxorem
1435 3222 1521 3259 suum
1527 3246 1538 3274 ,
1557 3210 1576 3239 ¹·

61 3274 137 3344 ἷθτῑς
149 3276 271 3357 ἀπολύσῃ
286 3277 334 3350 τὴν
346 3289 459 3356 γυναῖκα
475 3284 569 3357 αὐτοῦ,
585 3283 652 3343 δότω
673 3289 739 3360 αθτῆ
792 3286 841 3342 det
862 3284 910 3343 ilii
924 3284 1056 3342 libellum
1075 3282 1215 3362 repudii?
1236 3280 1365 3339 Servatur
1380 3301 1432 3339 nou
1453 3281 1541 3359 legem

61 3381 67 3412 ν
95 3356 260 3415 ἀποστασίου
267 3378 276 3432 3
297 3361 312 3418 δ
330 3359 617 3443 Σωτηρούκατηγορεῑ
632 3369 678 3423 τοῦ
696 3354 740 3428 νό-
792 3361 981 3443 reprehendit,
1003 3361 1051 3421 sed
1071 3361 1147 3419 illam
1166 3359 1290 3419 defendit
1311 3362 1458 3434 :Moyses
1477 3363 1541 3420 hoec

61 3435 115 3493 ἀλλ’
137 3437 307 3514 ἀπολογεῖται
335 3437 402 3520 ὑπὲρ
423 3448 468 3500 τοῦ
496 3440 594 3519 νόμω·
623 3446 740 3516 Μωῦσῆε
792 3444 868 3502 dixit
884 3446 921 3503 ob
943 3441 1296 3500 duriticmccrdisoestri
1308 3462 1316 3495 .·
1329 3443 1367 3498 ab
1385 3443 1470 3499 initio
1486 3461 1539 3499 ou-

69 3504 127 3572 εἷπε
143 3515 187 3573 διδ
201 3515 250 3586 τὴν
265 3517 475 3598 σκληροκαρδίαν
492 3523 575 3598 ὑμῶν,
598 3525 644 3582 ἀπ’
656 3528 740 3605 ἀργῆς
792 3535 850 3581 tem
861 3525 992 3604 nonfuit
1004 3518 1131 3594 sic(vide
1142 3517 1279 3597 quomodo
1291 3517 1326 3577 ad
1338 3520 1424 3599 prisca
1440 3540 1488 3578 uos
1499 3542 1541 3578 rc-

61 3617 69 3672 '.
93 3592 176 3660 ούτως
195 3594 298 3674 ἐγένετο
316 3596 417 3675 (βλέπε
442 3604 499 3666 πῶς
523 3603 558 3668 είς
575 3602 605 3661 τὸ
630 3594 739 3683 ἀργαῗον
792 3602 911 3680 mittat);
927 3601 975 3662 sed
996 3604 1053 3679 Qui
1057 3602 1137 3681 fecit
1152 3601 1318 3670 hominem,
1334 3600 1498 3659 masculum
1512 3614 1637 3660 sterant.
1654 3631 1689 3677 ¹9·

62 3672 266 3747 ποκαθίστησιν)
276 3697 282 3711 ·
293 3675 353 3734 ἀλλ’
364 3675 398 3734 Ὁ
409 3678 522 3750 ποιήσας
534 3681 578 3740 τὸν
591 3672 739 3760 ἄνθρωπον,
789 3683 935 3761 seminam
942 3683 1022 3763 secit
1036 3700 1093 3739 eos.
1114 3681 1185 3757 Quos
1199 3699 1266 3758 ergo
1280 3680 1362 3737 Deus
1374 3682 1537 3759 conjunxit,
1549 3677 1598 3738 4⁶·

61 3752 102 3811 ιαὶ
117 3754 182 3824 θῆλυ
200 3751 323 3824 ἐποίησεν
338 3755 440 3824 αύτούς.
455 3756 486 3816 Ἃ
501 3750 544 3818 cdv
559 3765 573 3819 ό
586 3761 654 3830 Θεὸς
667 3761 740 3830 ἔζευ-
792 3763 879 3821 homo
894 3783 954 3822 uou
967 3781 982 3820 s
1019 3772 1091 3820 aret.
1106 3768 1194 3835 Atque
1216 3757 1242 3816 in
1259 3757 1352 3816 multis
1366 3756 1539 3837 deprehendo

61 3837 164 3910 θρωπος
178 3833 216 3909 μὴ
229 3833 374 3937 γωριζότω.
391 3836 443 3895 Καὶ
453 3838 497 3895 διδ
507 3840 613 3899 πολλῶν
627 3841 739 3922 εὑρίσκω
747 3857 783 3897 tos
792 3843 962 3903 servatorem
973 3783 1017 3898 ad
1039 3839 1139 3898 riscum
1155 3851 1182 3895 et
1195 3835 1298 3895 bonum
1316 3849 1427 3926 statum.
1444 3837 1538 3925 Eccle-

61 3916 133 3993 ιιῆρα
144 3913 209 3993 πρὸς
220 3936 268 3984 την
280 3915 395 4015 ippodes
408 3916 570 3978 κατάστασιν
584 3917 632 3990 την
646 3924 740 3994 ἐκκλη-
756 3915 774 3959 A
791 3920 860 3979 siam
872 3919 1008 3980 reducere.
1020 3861 1125 3997 ligura
1138 3916 1222 4053 igitur
1236 3914 1363 3974 Ecclesiae
1377 3929 1465 3994 viguit
1477 3930 1538 3975 ante

61 3989 104 4062 τὴν
122 3990 264 4069 εὐκοσμίαν
280 3995 418 4073 ἀναγοντα.
433 3995 641 4058 Ἐπολιτεύσατο
653 4001 739 4062 τοίνυν
791 3999 1031 4059 circumcisionem.
1065 4001 1144 4056 Atten
1165 3994 1201 4053 ite
1227 3992 1380 4073 diligenter.
1407 3995 1477 4066 Quis
1502 3995 1538 4054 ab

61 4093 80 4136 >t
102 4074 150 4141 τῆς
174 4070 337 4143 Ἔχκληῦῖαι
361 4077 413 4156 πρὸ
433 4079 481 4147 τῆς
504 4083 659 4158 περιτομῆς.
686 4082 739 4142 Καὶ
791 4078 867 4138 initio
883 4079 972 4160 figura
986 4076 1113 4136 Ecclesiae
1127 4074 1276 4213 eligimur
1289 4072 1460 4154 postmodum
1476 4096 1537 4133 rur-

61 4150 361 4229 percucurrerit
386 4159 433 4214 ἀπ’
457 4159 542 4237 ἀγῆς
562 4157 670 4227 θτύπος
691 4165 739 4233 τῆς
790 4180 836 4218 sus
857 4159 917 4240 ipsa
940 4155 1067 4217 Ecclesiae
1093 4175 1138 4233 reg
1208 4166 1306 4213 statuta
1332 4166 1380 4226 est,
1406 4152 1451 4212 lex
1472 4174 1537 4214 vero

61 4228 128 4298 ησίας
152 4230 333 4306 ἐπολιτεύετο,
357 4234 402 4292 καὶ
426 4179 601 4312 μετδταῒντα
624 4238 705 4299 nediu
726 4246 740 4301 ό
791 4237 880 4298 media
897 4235 1054 4318 interposita
1067 4234 1136 4309 luit3
1157 4247 1187 4292 ut
1203 4231 1324 4293 ostendat
1336 4232 1473 4311 apostolus
1488 4254 1535 4292 ec-

62 4310 112 4378 τῆς
123 4308 298 4384 Ἐκκλησίας,
309 4311 387 4389 μίσος
399 4314 426 4374 δὲ
438 4317 541 4392 ὁνόμος
554 4322 739 4397 παρεισῆλθεν,
790 4318 969 4378 clesiasticum
983 4317 1085 4376 bonum
1099 4327 1198 4373 statum
1212 4312 1239 4371 in
1254 4311 1320 4370 serie
1333 4326 1484 4393 temporum
1497 4334 1537 4373 se·

61 4387 137 4454 wite
158 4389 315 4468 βουλόμενος
329 4392 409 4461 δεῖξαι
426 4398 458 4474 τῇ
474 4397 613 4478 ἀκολουθία
627 4398 740 4479 τρέχου-
790 4399 838 4477 qui
849 4412 875 4457 et
886 4417 1007 4469 currere,
1019 4396 1105 4474 legem
1119 4415 1183 4452 vero
1198 4391 1383 4472 interpositam
1393 4412 1466 4470 csse,
1480 4390 1536 4453 aits

61 4464 77 4523 d
96 4472 142 4525 τοῦ
163 4468 258 4551 χρόνου
282 4469 327 4544 τὴν
348 4474 571 4546 ἐκκλησιαστικὴν
587 4478 740 4556 εὐκοσμίαν,
792 4481 855 4537 Lex
864 4477 1155 4538 autemsubiutruvit.
1167 4474 1228 4531 Nou
1238 4470 1328 4542 dixit,
1343 4471 1401 4530 Lex
1411 4469 1535 4545 intravit,
1545 4485 1687 4538 Itomae.

66 4544 189 4626 διέκυψε,
214 4547 294 4626 λέγει·
316 4551 404 4628 Νόμος
428 4552 455 4613 δύ
475 4558 660 4632 παρεισῆλθεν.
682 4562 741 4619 Οὐκ
793 4557 854 4633 sed,
872 4558 1065 4618 Subintravit.
1083 4553 1143 4611 Alia
1159 4550 1231 4610 enim
1242 4551 1288 4610 lex
1303 4562 1344 4611 est
1397 4548 1537 4627 reintrat,

61 4622 129 4723 itm<
143 4627 272 4699 Εἰσῆλθεν,
289 4630 367 4701 ἀλλὰ,
381 4633 572 4710 necessarus.
584 4633 676 4705 Ἄλλος
688 4638 740 4720 γὰρ
791 4638 845 4696 alia
858 4658 918 4717 quae
932 4634 1074 4695 subintrat.
1097 4630 1212 4692 intravit
1224 4631 1260 4689 nb
1273 4629 1351 4690 initio
1375 4652 1411 4691 ex
1423 4651 1538 4712 evange·

61 4709 113 4762 θων
125 4703 221 4783 νόμος,
235 4708 281 4766 καί
293 4709 372 4779 ἄλλος
381 4716 395 4770 ὁ
405 4712 594 4793 παρεισελθών.
608 4717 738 4788 Εἰσῆλθεν
791 4717 860 4794 lica,
871 4737 925 4776 ncn
947 4715 1006 4774 dies
1021 4714 1181 4787 observans,
1198 4731 1250 4769 non
1270 4709 1394 4770 ciborum
1411 4709 1538 4770 differen-

61 4784 200 4862 χῆινόμος
214 4791 229 4845 ό
243 4790 426 4867 εύαγγελικδς,
440 4793 602 4874 ούχήμίρας
616 4819 737 4876 παρατη-
792 4797 859 4856 tiam
880 4814 1044 4876 agnoscens,
1066 4811 1120 4852 nou
1143 4789 1373 4851 circumcisionem
1395 4790 1538 4869 accipiens.
1576 4802 1580 4809 '

63 4885 104 4936 ος,
126 4864 185 4924 0ὗᾶ
200 4866 349 4945 βρωμάτων
364 4871 489 4950 διαφορὰς
501 4875 690 4954 ἐπιστάμενος,
710 4881 739 4938 ού
793 4877 857 4935 Haec
869 4877 914 4935 lex
929 4875 965 4934 ab
978 4873 1055 4933 initio
1069 4884 1085 4931 a
1099 4869 1195 4960 priscis
1208 4869 1264 4928 illis
1276 4868 1450 4944 servabatur,
1464 4883 1490 4929 et
1504 4868 1539 4929 ad

61 4941 113 5018 μὴν
139 4944 289 5024 δεχόμενος.
316 4941 402 5017 Οὗτος
430 4954 476 5009 ἀπ’
500 4955 586 5033 ἀρχῆς
613 4955 666 5014 ἀπδ
686 4961 740 5016 τῶν
792 4970 940 5048 postrernos
952 4952 1073 5035 pervenit
1080 4974 1089 5026 ;
1105 4948 1263 5009 intermedia
1274 4971 1339 5008 vero
1353 4948 1399 5007 lex
1409 4946 1537 5023 intravit,

61 5045 86 5081 νν
105 5024 318 5087 ἐπολιτεύσατοό
331 5027 427 5106 νόμος,
448 5029 493 5090 καὶ
514 5036 550 5098 είς
572 5029 631 5101 τούς
649 5036 740 5096 τιλιυ-
795 5058 850 5096 imo
864 5033 954 5117 potius
972 5029 1136 5093 subintravit
1152 5053 1159 5085 :
1175 5027 1379 5119 apostolumque
1392 5025 1487 5085 audire
1501 5040 1538 5087 cet

67 5101 231 5177 milvum·
248 5104 327 5182 μύσος
340 5107 393 5167 iii
408 5109 486 5188 νόμοι
506 5113 623 5186 εἰσῆλθε,
640 5117 740 5192 μᾶλλον
759 5129 776 5175 u
795 5117 865 5175 clare
874 5113 1024 5188 dicentem,
1035 5124 1066 5169 ut
1079 5130 1127 5169 nos
1136 5107 1271 5183 diximus,
1283 5110 1345 5166 Les
1354 5107 1537 5167 subintravit.

61 5184 183 5252 εισῆλθε·
198 5184 304 5243 καὶτοῦ
320 5187 467 5248 ἀποστολαυ
487 5191 558 5249 ἔστιν
575 5196 685 5254 ἀκοῦσαι
699 5196 741 5256 λε’-
796 5195 848 5256 Vis
860 5193 963 5254 discere
976 5211 1031 5271 quo
1050 5187 1236 5248 subintravit?
1251 5185 1400 5245 Historiam
1412 5183 1486 5243 audi.
1502 5187 1540 5244 Ut

79 5265 188 5341 σαφῶς,
208 5261 299 5343 ὥσπερ
319 5267 471 5346 εἰρήκαμεν,
485 5269 574 5348 Νόμος
585 5273 613 5332 δὲ
635 5296 741 5353 παρεισ-
796 5275 880 5336 Jacob
894 5285 1004 5356 propter
1014 5267 1159 5330 Rachelem
1174 5265 1283 5327 Labano
1296 5262 1420 5402 serpgvit,
1434 5276 1461 5323 at
1474 5277 1541 5325 tem-
