3750 5940
225 406 259 454 1tt
286 405 401 470 lubun,
429 404 542 454 stultat
566 406 629 454 nst
654 405 794 454 REGNUM
819 405 948 453 CAELOR·
970 404 1123 469 tamt„
1147 407 1227 454 ETC.
1438 388 1509 482 739

47 528 198 612 ιυνηγόρως
208 528 330 609 ίχοοσιν·
345 518 416 588 οὗτοι
429 526 592 610 δίίσχατοι,
608 529 715 588 πάντων
767 526 813 586 llli
824 525 944 604 quidem,
953 525 1027 606 qtria
1042 547 1119 586 mane
1130 526 1221 587 statim
1233 548 1295 588 eum
1304 527 1366 604 die,
1377 548 1440 587 eum
1452 530 1510 610 pri-

60 608 159 690 όρημοι
180 612 362 681 καθεατῶπες,
376 607 442 688 πρὸς
459 607 541 686 μόνην
560 607 716 711 meptiar-
768 627 812 664 ma
824 605 887 665 luce
897 606 1001 666 labores
1015 606 1186 685 inchoarunt,
1200 607 1273 667 diem
1285 607 1376 688 ipsum
1389 622 1416 667 et
1428 607 1510 668 horas

47 711 61 746 υ
82 686 132 761 τλν
154 685 221 765 όμὴν
246 686 449 747 δπούλίπουσιν.
469 685 580 756 Τούτοις
599 710 644 747 ουν
662 694 716 754 τοῖς
768 698 795 745 et
803 684 1106 745 virtutesetcertamina
1116 700 1142 746 et
1150 701 1228 768 pacta
1243 701 1372 747 conventa
1373 699 1509 825 patronos

47 764 716 918 secuturis
769 764 1379 905 substat

47 892 85 996 its
99 872 181 1006 ὦρίιν,
195 869 290 985 bel-lv
302 871 353 985 iil
368 925 499 1007 δηνάριον.
513 871 567 984 ltin
580 870 656 984 τοῶτρο
670 948 715 984 πε-
726 881 761 983 ¹lt2
770 937 838 982 tunt.
848 865 1435 1017 fluergonovissimisprimisllpraemiaet
1444 938 1509 984 utne

47 1005 100 1072 ςίν
108 1015 167 1072 ταῖς
177 1008 277 1064 ἑαυτῶν
286 1004 363 1087 χερσὶ
374 1003 590 1087 περιστρίφοντες
613 1003 715 1084 ἔλεγον·
768 1003 891 1083 largieris
906 1005 1001 1085 primis
1013 1006 1260 1064 remunerationem.
1274 1007 1394 1063 Etcum
1406 1008 1508 1064 uenis·
1519 1025 1580 1069 tntu.
1600 1042 1619 1069 ι.
1633 1037 1656 1083 9·

47 1082 159 1159 ιύσαμιν
178 1087 299 1143 ἀπιστεῖν
317 1092 371 1151 τοῖς
398 1088 518 1163 ἀγαθοῖς·
532 1083 641 1160 ᾔδεισαν
663 1083 698 1163 pl
768 1095 832 1141 sent
842 1088 894 1164 qui
902 1089 983 1143 circa
998 1087 1183 1144 undecimam
1192 1087 1509 1154 boramoenerant‚ac·

47 1161 103 1231 ξιον
118 1154 157 1222 ὧν
174 1162 299 1223 ἔλαύονί
334 1162 472 1241 ασοίμενοι.
485 1162 617 1246 Ὁρῶντες
638 1108 715 1224 utel
768 1177 904 1241 ceperunt
913 1165 1044 1245 singulos
1052 1166 1198 1223 denarios.
1214 1165 1250 1223 Et
1264 1164 1316 1222 hos
1327 1182 1433 1222 summa
1446 1182 1510 1222 cum

47 1250 102 1308 τοῖς
120 1245 279 1322 όφθαλμοῖς,
291 1189 338 1302 april
349 1252 407 1309 ταῖς
420 1242 559 1320 παλάμαις
572 1242 621 1314 τὴν
634 1242 672 1323 χό
691 1267 713 1302 ιν
767 1239 860 1300 latitia
871 1243 898 1302 in
913 1243 1039 1302 mnibus
1051 1244 1107 1305 suis
1117 1257 1251 1304 versantes
1260 1242 1398 1303 dicebaut:
1408 1243 1509 1301 Parum

47 1344 114 1394 ιτις,
125 1321 256 1461 w,
271 1320 459 1403 ίπανηχύριζον
471 1321 515 1382 lrrl
528 1331 582 1389 τοῖς
594 1325 659 1404 παρ’
673 1267 715 1382 ll·
766 1318 869 1398 abfuit,
879 1322 944 1401 quin
953 1322 988 1381 de
996 1323 1075 1382 bonis
1089 1323 1275 1382 diffideremus
1283 1334 1425 1383 :noverant
1436 1320 1509 1380 euim

47 1402 151 1468 αλοῖς.’
193 1401 279 1469 θόνιες
303 1400 330 1460 dl
353 1405 496 1482 clepsisse
521 1401 654 1479 ἐνόμισαν,
672 1401 713 1461 δτι
767 1402 925 1480 seeoquod
937 1423 998 1461 acce
1017 1415 1091 1461 eraut
1105 1401 1174 1461 nibil
1183 1403 1272 1485 operis
1283 1400 1505 1481 dignumlecisse.

47 1481 97 1551 ιλί,
133 1503 206 1552 νται,
218 1480 264 1540 καὶ
274 1480 368 1541 ἕλαόον
377 1481 423 1540 καλ
434 1482 507 1540 αὐτοὶ
521 1480 568 1540 ίνα
581 1481 648 1553 δηνοί
667 1505 712 1541 ιον.
767 1478 837 1538 Cum
846 1494 935 1541 autem
945 1424 1031 1541 oculs
1040 1481 1142 1540 douttm
1151 1481 1325 1554 intuerentur,
1331 1480 1510 1558 manibusque

47 1561 102 1629 εςδ
156 1557 612 1640 όγγυζονκατδιτοῦοίκοδεαπότοι,
626 1505 713 1641 λόγον·
766 1579 865 1619 munus
876 1574 1030 1636 tractarent,
1043 1560 1341 1642 exsultabanttgaudio
1355 1559 1508 1640 triumpha·
1546 1630 1548 1634 y

47 1638 127 1700 τοτοῖ
151 1638 301 1720 οχατοι.Ὁ
314 1639 491 1712 δεσπότκςτῶ
504 1640 576 1720 λόγῳ
588 1642 712 1720 παρήγα-
764 1639 841 1714 bant,
856 1641 929 1719 quod
951 1642 1019 1700 bona
1045 1640 1097 1699 sibi
1118 1656 1214 1721 praeter
1235 1644 1310 1722 sptem
1328 1639 1506 1703 obvenissent.

47 1742 68 1799 χ
88 1718 131 1778 ἵνα
144 1729 199 1787 τοῖς
224 1719 384 1798 τιμωμένοις
402 1700 551 1800 φθονιίσωσι
571 1720 713 1821 (χαίρουσι
766 1721 920 1780 Venientes
942 1733 1041 1779 autem
1057 1725 1146 1800 primi
1166 1724 1304 1780 arbitrati
1324 1736 1402 1795 sunt,
1426 1721 1576 1798 quodum,
1591 1754 1658 1787 ¹0,-

47 1801 98 1858 αθκ
132 1800 308 1877 ἀγανακτοῦσι
345 1797 450 1857 πάντων
491 1801 646 1878 σωζομενων
687 1804 712 1859 οῖ
762 1799 833 1877 plus
851 1813 946 1858 essent
967 1804 1131 1879 accepturi;
1158 1814 1330 1881 aeceperunt
1354 1815 1453 1862 autem
1478 1813 1554 1859 etta·

47 1878 161 1937 ἀλλ’ἵνα
172 1876 242 1955 δείξῃ
255 1877 303 1951 τὴν
314 1877 412 1938 οἰκείαν
421 1878 617 1960 φιλανθρωπίαν
625 1880 712 1940 τοιού·
731 1895 748 1942 Β
765 1882 821 1957 ipsi
844 1880 974 1959 singulos
998 1880 1144 1939 denarios.
1164 1882 1205 1938 Et
1233 1885 1407 1959 accipientes
1428 1899 1505 1938 mur-

47 1954 177 2031 ·αν,ὣοτι
190 1955 236 2017 καὶ
251 1966 307 2026 τοῖς
318 1955 485 2038 ἀφθόνοις,ιί
498 1957 636 2038 ἐνεχώρει,
650 1959 712 2038 φθό·
764 1960 923 2016 mutabant
956 1960 1096 2016 adversus
1125 1960 1374 2040 patremfamilias
1410 1962 1507 2018 dicen·

47 2044 89 2096 ιῖν.
764 2048 807 2095 tes
818 2061 827 2092 .·
839 2039 882 2095 Ili
902 2040 1062 2096 novissimi.
1081 2036 1214 2096 Dominus
1235 2039 1381 2099 narrationi
1395 2038 1507 2116 adjecit,

765 2136 817 2175 nou
829 2136 884 2194 qtro
897 2116 961 2191 illis,
974 2117 1021 2194 qui
1035 2116 1184 2176 honoribus
1198 2118 1287 2176 allecti
1299 2114 1508 2195 erant,'invide-

764 2209 823 2255 rent
835 2201 846 2269 (
857 2195 975 2274 gaudent
996 2195 1084 2271 euim,
1108 2216 1161 2255 non
1178 2196 1353 2277 indignantur
1369 2199 1464 2272 saneti,
1482 2203 1506 2261 si

764 2296 856 2334 ornnes
870 2275 1036 2351 salventur),
1051 2274 1099 2335 sed
1110 2288 1140 2333 ut
1155 2275 1237 2335 talem
1246 2298 1302 2336 esse
1314 2278 1508 2370 benignitatem

764 2373 842 2413 suam
863 2352 1036 2432 demonstret,
1051 2367 1082 2413 ut
1099 2355 1178 2414 ούοιο
1196 2371 1318 2437 expertes
1336 2358 1506 2437 invidiam-si

766 2432 824 2493 lieri
837 2432 936 2514 posset,
944 2433 981 2493 ad
990 2433 1123 2494 invidiam
1136 2434 1266 2516 impellat.
1438 2503 1441 2509 ,

47 2511 306 2652 Ἕλλίίόίίεῖί
319 2509 390 2650 &til
402 2513 713 2653 {iliwii‘ilw'sl'
784 2515 906 2651 ,iffi
927 2517 1101 2652 “iiiiii
1122 2517 1352 2652 luillm'l·
1366 2520 1507 2657 “ltetgt

47 2696 64 2740 ,ς
79 2616 132 2744 elil
146 2616 363 2742 οὴνσδίόποίείαν
379 2615 570 2750 laetititiae,
590 2617 713 2751 ol'plo'lll
763 2615 838 2730 lenio
861 2594 988 2746 adalbeti,
999 2614 1038 2730 slei
1060 2614 1255 2751 lplinvisxdum¹
1270 2614 1507 2755 tilddlsllglloberri

47 2773 86 2809 ιτα
102 2750 168 2833 πρὸς
183 2750 231 2820 τὴν
248 2749 297 2821 σὴν
316 2748 493 2830 προσκύνησιν
508 2750 674 2831 κάμψαντος,
688 2759 712 2814 οῖ
763 2750 949 2825 dominatum,
965 2751 1013 2829 qui
1032 2751 1148 2811 vixdum
1167 2771 1255 2830 genua
1272 2772 1362 2810 coram
1380 2768 1426 2813 tua
1446 2762 1517 2816 ma-'

47 2841 89 2898 οῖς
107 2829 265 2908 θποτρόμοις
285 2828 421 2896 δακτύλοις
442 2834 488 2888 τοῦ
514 2831 644 2911 σωτηρίαν
665 2852 721 2893 σου·
760 2831 858 2909 jestate
884 2830 1033 2905 flexerunt,
1058 2830 1105 2908 qui
1132 2830 1249 2890 vixdum
1269 2832 1392 2892 tremulis
1411 2833 1507 2915 digitis

47 2910 97 2969 ίτδ
113 2908 245 2987 σύμύολον
264 2916 319 2975 τοῖς
343 2908 476 2986 μετώποις
489 2909 712 2989 ίπιχαρόξαντες,
762 2910 819 2968 suis
831 2908 957 2968 salutams
968 2907 1055 2967 crucis
1066 2909 1235 2988 tuaesiguum
1246 2910 1380 2971 frontibus
1393 2912 1506 2995 impres-

47 2989 208 3056 αστοίσαντες
218 2987 339 3068 κοφίνους
351 2992 517 3067 πειρασμῶν,
528 2993 552 3048 ol
564 2988 602 3067 μὴ
611 2991 710 3072 xpus-l-
762 3002 868 3059 serunt,
882 2982 933 3066 'qui
947 2987 1123 3047 tentationum
1137 2988 1267 3068 cophinos
1281 3011 1335 3049 nou
1349 3005 1502 3073 gestarunt,

56 3068 178 3135 δικόλλας
206 3072 362 3167 συμφορῶν·
383 3059 466 3128 Οὗτοι
483 3070 509 3128 οἱ
525 3068 634 3147 ἔσχατοι
647 3071 710 3148 μίαν
762 3067 809 3145 qui
823 3067 1007 3127 calamitatum
1018 3065 1120 3146 ligones
1136 3073 1506 3134 tenuemtnt:Hinovissimi

47 3147 157 3219 ιοίησαν.
172 3137 250 3205 Εἶδον
266 3169 344 3224 μονον
364 3146 410 3206 τὸν
429 3147 473 3207 σὸν
485 3149 642 3225 ἀμπελῶνα,
656 3159 710 3220 τοῖς
762 3167 823 3206 una
834 3149 908 3207 liora
917 3149 1061 3228 fecerunt.
1077 3147 1193 3207 Vineam
1206 3162 1280 3208 tuam
1293 3162 1398 3210 tautum
1418 3155 1504 3216 oculis

47 3234 82 3295 οῖς
93 3232 159 3304 ἡμῖν
170 3224 259 3304 μόνοις
267 3224 441 3294 ἐκοινώνησαν
454 3232 503 3300 τῆς
515 3227 708 3307 ίργασίας,τὰς
762 3239 947 3307 usurparunt:
961 3226 1040 3285 nobis
1048 3224 1106 3284 solo
1117 3225 1179 3284 visu
1191 3247 1239 3287 suo
1250 3244 1384 3289 consortes
1394 3235 1503 3294 exstite-

47 3307 108 3366 ’πῶν
122 3304 269 3376 teteritas,
280 3308 310 3364 ού
321 3304 499 3386 κατώρθωσαν
508 3306 616 3384 πράξεις
626 3309 708 3375 τινός·
760 3319 838 3364 runt:
850 3305 1011 3387 operationis
1023 3325 1078 3366 suae
1088 3303 1328 3383 ostenderunt,uon
1339 3311 1505 3392 perfecerunt

47 3410 68 3453 ες
87 3390 140 3444 τῶν
163 3383 281 3487 μόχθων,
299 3384 465 3466 οὔμερισταλ
503 3386 639 3466 εγόνασεν·
655 3390 708 3448 Καί
726 3401 744 3449 c
761 3384 877 3444 actiones
894 3383 1013 3463 aliquas:
1035 3398 1113 3445 testes
1133 3386 1269 3461 laborum,
1284 3409 1336 3448 non
1359 3391 1503 3474 participes

47 3474 84 3524 ιῑν
97 3462 329 3536 adtentissima<
342 3467 572 3541 τοῖςβαστασασιν
584 3466 616 3525 τὸ
630 3469 709 3548 βάρος
760 3465 882 3524 suerunt:
896 3466 938 3524 Et
951 3486 1038 3545 pares
1052 3468 1135 3525 nobis
1150 3467 1218 3527 illos
1231 3468 1351 3548 fecisti,
1372 3475 1424 3551 qui
1435 3494 1502 3553 por·

47 3546 96 3624 ρας
108 3544 209 3603 καὶτὸν
221 3542 358 3616 tudanum
372 3542 466 3620 Ἡμεῖς
477 3544 641 3624 ίφλίχθημιν
651 3557 709 3615 ταῖς
761 3548 891 3604 ταοίιιειισ
902 3545 1016 3634 pondus
1030 3546 1089 3603 diei
1098 3552 1257 3605 stastum?
1269 3548 1325 3608 Nos
1343 3549 1504 3613 libidinibus

47 3669 56 3699 ,
79 3626 138 3683 ἀλλ’
161 3625 209 3683 οὐκ
231 3621 465 3700 trilaterarum<
490 3628 611 3725 ἀρετριῖς·
631 3631 709 3725 ἠμῖς
761 3622 861 3683 incensi
870 3623 1042 3698 fuimus,sed
1049 3624 1257 3719 yirtutibtrsnon
1266 3647 1359 3689 sumus
1367 3631 1502 3711 exstincti,

47 3700 709 3863 tt?&stitit‘ttttltl‘tttttttt
760 3716 1503 3864 ttcttttdbbttffdllttttabttott?

47 3860 192 3926 νλαύόντες
209 3858 317 3936 μισθοδς
331 3859 436 3938 ὁμοίους
449 3870 504 3929 τοῖς
518 3860 556 3940 μὴ
577 3865 710 3940 κεκμηκό-
761 3861 939 3921 substantiam
952 3863 1194 3942 amplificaremus:
1215 3878 1241 3923 et
1253 3867 1370 3946 acceptis
1385 3870 1502 3947 praemiis

47 3940 96 4006 ίως
119 3944 199 4018 ἡμῖν·
219 3943 234 3998 ό
252 3939 330 4006 πόνος
351 3938 399 3999 όνό
420 3963 487 4012 οιος,
504 3943 550 4001 καὶ
570 3942 601 4001 τδ
619 3943 710 4023 κέρδος
760 3939 897 4000 similibus
918 3940 963 4016 iis,
984 3944 1031 4020 qui
1055 3963 1107 4001 non
1131 3942 1302 4019 laborarunt,
1326 3945 1390 4003 hinc
1415 3947 1501 4007 disce-

47 4041 95 4079 τιον
107 4042 114 4055 ·
129 4025 143 4078 ό
156 4017 236 4085 κόπος
250 4019 352 4090 όνιαος,
366 3965 456 4079 aelel
469 4019 544 4089 κλέος
554 4022 708 4102 ἐφάμιλλον.
760 4020 866 4079 dirnus:
880 4019 958 4079 labor
974 4019 1116 4080 dissimilis
1128 4034 1180 4096 est,
1192 4036 1218 4081 et
1232 4023 1369 4083 consimile
1377 4024 1500 4086 lucrum:

47 4097 107 4158 tte
119 4120 179 4157 ατοι
191 4096 254 4174 μίαν
265 4096 336 4178 ὥραν
348 4098 483 4171 ἐποίησαν.
493 4097 552 4158 Ἵνα
561 4101 623 4177 μίαν
637 4103 708 4184 ὥραν
760 4098 900 4177 inaequalis
912 4097 1051 4173 molestia,
1069 4114 1100 4159 et
1109 4100 1193 4180 gloria
1207 4102 1327 4179 aequalis.
1344 4106 1388 4162 Hi
1401 4111 1500 4166 novis-

47 4201 72 4237 νε
83 4121 185 4255 κλαύσῃ
197 4175 263 4254 γυνὴ
280 4176 381 4257 πόρνη,
396 4179 441 4237 καλ
454 4177 519 4258 λύσῃ
537 4179 585 4247 τὰς
597 4180 708 4261 τρίχας,
760 4183 827 4237 simi
846 4199 906 4237 una
920 4180 1154 4261 leorasecerun't.
1178 4184 1215 4240 lit
1231 4200 1283 4239 tina
1298 4182 1364 4241 hora
1378 4199 1501 4266 prepete

47 4255 135 4336 νιεπρδ
147 4255 240 4316 τούτου
253 4259 357 4330 κακῶς,
370 4259 416 4316 καί
426 4257 524 4339 φιλήσῃ
537 4259 597 4326 τοὺς
610 4261 708 4340 ἀχρόν·
761 4257 859 4316 mulier
870 4259 1000 4317 meretrix
1012 4259 1116 4339 ploret,
1129 4274 1155 4319 et
1164 4259 1273 4341 capillos
1284 4261 1417 4342 resolvat,
1434 4286 1500 4343 quos

47 4336 151 4402 ιπόδας
162 4333 279 4416 σώφροσι
290 4335 411 4416 χείλεσι,
425 4337 472 4397 καὶ
489 4337 651 4441 προσενέγκῃ
667 4364 709 4400 σοι
761 4352 838 4395 antea
861 4337 932 4396 male
957 4338 1145 4413 concinnabat,
1166 4353 1192 4398 et
1211 4340 1397 4401 immaculatos
1420 4343 1501 4423 pedes

47 4414 104 4496 ινίῳ
116 4415 216 4496 Ιμύρον
235 4415 279 4475 leri
297 4439 359 4489 ειον,
380 4415 479 4485 ίδωκας
493 4423 558 4497 aut-fi
581 4417 709 4500 πρίσόεια
761 4429 821 4474 tuos
835 4417 914 4475 castis
925 4416 1008 4476 labris
1018 4418 1171 4493 osculetur,
1185 4439 1216 4477 ac
1230 4419 1391 4480 tibieaelesti
1406 4423 1502 4482 offerat

47 4518 61 4563 ς
74 4493 120 4554 καὶ
129 4494 271 4573 παρθένου.
295 4496 342 4553 lue
354 4494 417 4572 μίαν
427 4494 499 4577 ὥραν
513 4499 709 4578 ἐσταυρωμένος
726 4512 745 4558 Ι)
761 4510 928 4573 unguentum
949 4509 1083 4573 terrestre,
1097 4497 1162 4556 liliae
1176 4519 1207 4557 ac
1225 4498 1341 4579 virginis
1360 4501 1402 4560 illi
1416 4502 1501 4564 hono-

53 4574 98 4634 ίπλ
119 4580 165 4633 τοῦ
184 4580 297 4653 σταυροῦ
315 4598 356 4634 σοι
379 4573 517 4656 προσφόγῃ
534 4577 580 4635 καὶ
604 4578 706 4657 βοήσῃ,
760 4577 862 4633 narium
880 4575 1009 4634 detulisti.
1031 4578 1069 4634 Ut
1086 4597 1139 4635 una
1152 4577 1218 4636 hora
1231 4578 1305 4638 cruci
1320 4581 1421 4640 affixus
1433 4583 1502 4642 latro

48 4652 77 4712 τί
87 4674 148 4730 μου,
159 4652 257 4734 Κύριε,
271 4652 333 4712 όταν
345 4653 421 4734 ἔλθῃς
431 4656 459 4712 ἐν
471 4660 504 4734 τῇ
518 4658 639 4736 βασιλείᾳ
652 4680 707 4730 σου,
760 4675 776 4712 a
788 4676 866 4713 onice
874 4655 908 4714 ad
917 4669 943 4714 te
955 4654 1103 4733 confugiat,
1116 4669 1142 4714 et
1152 4657 1259 4734 elamet,
1273 4662 1422 4723 Memento
1433 4667 1498 4733 mei,
1513 4674 1566 4716 tus.
1586 4674 1623 4717 τι.

47 4731 98 4802 ὐης
107 4736 154 4804 τῆς
167 4734 257 4812 φωνῆς
269 4732 366 4804 ταύτης
380 4733 495 4813 ἀνέῳξας
510 4738 583 4814 αὐτῷ
594 4736 639 4795 τὸν
655 4760 707 4795 πα·
761 4736 902 4807 Domine,
916 4755 983 4793 cum
996 4739 1113 4794 ueneris
1129 4740 1160 4793 in
1173 4758 1206 4794 re
1227 4759 1296 4796 num
1311 4751 1408 4798 tuum:
1423 4738 1549 4799 iniustu-

47 4836 62 4871 ν.
76 4808 136 4871 Ἵνα
159 4810 223 4888 μίαν
243 4809 315 4892 ὥραν
333 4813 482 4891 μετανοήσῃ
498 4816 603 4881 Παῦλος
617 4815 706 4875 όδιώ-
761 4812 843 4893 liujus
854 4813 928 4872 vocis
940 4814 1025 4893 gratia
1036 4814 1192 4894 paradisum
1204 4758 1245 4875 lli
1258 4820 1387 4877 reserasti.
1400 4823 1439 4879 Ut
1448 4842 1501 4879 uuo

52 4889 194 4968 πολέμιος,
210 4891 395 4970 εύαγγελιστὴς
416 4894 605 4954 θναδίδεικται.
625 4887 708 4954 Obrue
760 4893 826 4950 hora
837 4892 1020 4973 poeniteutiam
1030 4907 1092 4973 agat
1101 4894 1202 4954 Paulus
1210 4912 1398 4977 persequutor,
1408 4900 1502 4968 bostis,

47 4994 80 5029 :ot
96 4970 158 5047 μίαν
168 4969 242 5049 ὥραν
253 4971 388 5046 ίποίησαν,
399 4972 446 5034 καὶ
456 4970 524 5040 ἴσως
538 4978 603 5050 ἡμῖν
615 4973 708 5040 αὐτοὺς
761 4972 921 5051 evangelista
937 4986 1041 5033 creatus
1055 4988 1103 5034 est.
1121 4977 1162 5035 lli
1177 4980 1332 5036 novissimi
1355 4999 1415 5037 una
1430 4980 1503 5037 bora

47 5199 83 5246 'tt'
96 5175 186 5240 &Vll-l
