3750 5940
48 472 52 486 .
83 417 301 493 murts-al.
330 443 460 493 ιιιιιι.
780 417 845 493 56ι

103 584 212 643 quoque
233 563 382 627 intraturus
403 566 512 644 fuisset,
532 566 557 626 si
568 564 607 646 tid
626 564 667 626 ilii
687 564 853 648 permissum

104 657 222 738 inisset,
253 679 289 718 ex
312 659 486 740 sequentibus
511 658 656 740 signifieat.
681 660 753 720 Cum
779 660 853 721 enim

104 747 230 826 exiisset,
250 763 276 809 et
295 751 433 813 ostiariam
445 750 570 833 jussisset
591 749 672 810 illum
689 749 853 811 intromitte·

104 859 152 916 re,
176 839 267 899 statim
290 840 402 904 intrarit
425 845 529 903 Petrus.
543 842 600 901 Cur
618 862 673 902 nou
695 840 774 902 illum
796 840 855 924 ipse

105 931 278 993 introduxit?
295 935 403 997 Christo
415 935 544 1012 haerelut,
557 949 584 996 et
600 933 760 1015 sequebatur
770 954 851 1011 eum,

49 1022 218 1103 ideoque
237 1020 346 1086 muh'eri
365 1027 506 1088 mandavit
525 1040 556 1086 ut
579 1025 759 1087 introduceret
777 1046 849 1086 eum.
860 1074 919 1132 gato

50 1117 183 1191 cQuid
207 1140 271 1198 ergo
291 1120 432 1180 mulier?
438 1122 491 1181 ll.
522 1119 678 1202 dumquid
702 1131 731 1179 et
759 1132 792 1179 tu
816 1141 853 1180 ex

50 1265 51 1276 ,
108 1208 262 1289 discipulis
277 1233 307 1270 cs
331 1214 458 1272 hominis
480 1214 587 1294 hujus?
607 1213 690 1272 Dicit
706 1211 770 1290 ille,
786 1212 855 1271 Νοιι

50 1333 52 1349 ›
107 1319 183 1360 sum.
206 1300 280 1373 Quid
297 1301 385 1380 dicis,
407 1303 503 1364 Petro?
523 1324 610 1363 nonne
628 1301 738 1362 dicebas
754 1323 856 1385 nuper,

50 1445 53 1465 ,
108 1390 131 1450 si
152 1405 286 1473 oporteret
314 1417 363 1476 pro
382 1394 431 1456 illo
448 1394 569 1455 animam
590 1415 708 1476 ponere,
732 1408 759 1455 te
778 1395 856 1476 posi-

50 1514 54 1555 ;
109 1496 202 1545 turum
213 1487 370 1567 eamiquid
384 1488 580 1570 igituriactum
593 1501 643 1564 est,
655 1500 685 1547 ut
702 1507 736 1546 ue
747 1487 858 1567 quidem

51 1608 53 1631 t
109 1576 225 1637 ostiariae
245 1579 482 1660 interrogationem
496 1581 565 1640 serre
579 1578 685 1662 possis?
700 1600 767 1639 num
780 1580 859 1640 miles

51 1708 55 1719 ·
110 1684 167 1729 erat
180 1671 227 1749 qui
238 1672 447 1734 sciscitabatur?
461 1696 528 1734 num
544 1673 605 1754 quis
616 1695 651 1734 ex
665 1673 699 1733 iis
708 1662 857 1753 qui'Jesum

51 1774 56 1787 ·
111 1764 364 1844 apprehenderant?
377 1767 451 1829 Vilis
460 1780 517 1828 erat
526 1767 647 1845 ostiaria,
665 1787 751 1846 neque
764 1788 858 1848 aspera

51 1896 55 1905 ·
111 1858 292 1937 interrogatio.
304 1861 363 1919 Non
379 1860 452 1920 enim
464 1860 546 1938 dixit,
557 1859 749 1942 Deceptorisne
761 1873 788 1919 ιι
798 1881 856 1920 sce-

51 1987 56 1996 ·
110 1948 170 2008 lesti
192 1950 268 2011 illius
286 1950 438 2035 discipulus
455 1955 507 2014 es?
520 1953 577 2031 soal,
598 1956 735 2014 Ilomiuis
757 1955 855 2036 hujus,

52 2092 54 2104 .
110 2043 182 2120 quod
196 2043 348 2106 miserantis
360 2046 451 2127 potius
472 2062 537 2107 erat
552 2049 658 2110 Verum
669 2045 740 2107 nihil
758 2046 857 2107 horum

52 2171 54 2180 ι
110 2134 221 2213 pettulit
245 2137 349 2196 Petrus.
365 2136 439 2197 lllud
459 2153 571 2214 autem,
591 2139 747 2220 Numquid
764 2151 794 2199 ιι
812 2151 855 2211 tu,

52 2230 54 2248 '
73 2233 93 2281 b
110 2225 170 2286 ideo
186 2227 262 2304 dicit,
276 2229 340 2308 quia
349 2231 465 2292 loannes
478 2230 550 2290 intus
564 2244 641 2309 erat;
655 2229 722 2290 adeo
735 2252 859 2291 mansue-

52 2371 54 2384 ,
110 2331 135 2377 ιι
150 2319 248 2379 mulier
259 2320 429 2400 loquebatur.
445 2321 500 2383 Sed
513 2322 582 2382 nibil
594 2322 693 2382 hortum
706 2321 856 2402 sentiebat,

52 2420 54 2430 '
108 2411 153 2471 ιιι
165 2412 343 2494 intelligebat,
350 2437 398 2474 nec
409 2416 508 2496 primo,
516 2434 564 2476 nec
575 2415 841 2493 secundo,nectertio
846 2441 856 2497 ς

53 2553 55 2561 ,
108 2502 156 2562 sed
170 2503 279 2582 quando
292 2505 380 2585 gallus
400 2506 541 2568 cantavit:
557 2528 645 2587 neque
660 2507 712 2568 hoc
730 2507 858 2580 advertit,

53 2627 54 2639 .
108 2594 192 2654 donec
214 2595 339 2657 Christus
358 2597 449 2678 ipsum
472 2599 568 2658 acerbe
590 2598 720 2681 respexit.
739 2599 776 2660 Et
802 2601 859 2682 ipse

53 2737 55 2747 .
108 2689 219 2768 quidem
230 2691 317 2750 stabat
328 2712 356 2751 se
365 2690 521 2751 calefaciens
532 2713 595 2752 cum
605 2692 691 2753 serris
700 2692 857 2775 pontificis5

53 2815 55 2834 ·
110 2783 233 2842 Christus
247 2805 311 2844 tero
322 2784 430 2844 vinctus
443 2784 615 2844 detinebatur
627 2785 711 2845 intus.
723 2785 787 2846 Haec
797 2806 859 2867 por-

110 2897 140 2934 ro
153 2875 286 2952 dicimus,
299 2897 353 2936 non
368 2879 480 2938 Petrum
493 2878 713 2954 accusantes,sed
726 2892 756 2937 ut
766 2877 858 2938 dicto-

53 3001 56 3022 .
107 2989 169 3026 runr
183 2968 285 3028 Christi
299 2968 441 3030 veritatem
451 2969 638 3030 exhibeamus.
653 2972 703 3030 19.
716 2972 859 3052 Princeps

107 3073 206 3119 autem
230 3062 415 3121 sacerdotum
437 3065 628 3142 interrogavit
650 3063 800 3122 Christum
822 3063 861 3122 de

109 3154 260 3234 discipulis
272 3165 299 3212 ιι
308 3154 344 3213 de
352 3155 497 3214 doctriua.

889 1009 950 1054 Petri
967 1024 1007 1053 ue·

73 3361 91 3407 n
149 3336 177 3395 3.
199 3337 224 3395 0
236 3333 386 3398 malitiam!
404 3336 474 3396 Cum
488 3356 559 3418 saepe
577 3332 696 3395 audisset
709 3333 738 3394 in
756 3335 859 3417 templo

110 3429 310 3488 concionantem
331 3444 357 3489 et
372 3430 462 3511 palam
476 3428 636 3505 docentem,
655 3449 726 3489 nunc
748 3426 780 3488 id
797 3427 859 3490 vult

108 3521 220 3583 discere.
232 3522 304 3594 Quia
318 3522 391 3584 enim
411 3522 481 3583 nibil
499 3523 645 3601 habebant,
662 3521 698 3583 de
711 3543 764 3602 quo
779 3543 859 3582 aecu-

108 3629 208 3690 sarent,
222 3614 256 3675 de
269 3613 412 3697 disciptdis
426 3614 645 3696 interrogabant:
659 3615 728 3675 forte
749 3613 859 3674 minam

109 3721 185 3782 esset,
200 3722 287 3787 etqua
302 3706 336 3766 de
352 3729 431 3767 causa
442 3706 591 3787 collegisset
608 3707 679 3782 illos,
690 3705 756 3786 quid
767 3706 858 3781 vellet,

109 3797 253 3878 dequibus
268 3814 400 3881 ageretur.
413 3800 471 3860 ιιοι
484 3814 573 3859 autem
583 3800 699 3876 dicebat,
712 3798 785 3877 quod
796 3798 858 3859 vel-

109 3892 145 3952 let
155 3893 234 3952 illum
243 3907 273 3952 ut
284 3892 442 3954 seditiosum
453 3907 479 3952 ιι
490 3907 646 3953 novatorem
656 3889 858 3994 uguergquasi

64 3959 100 4061 ιζ’
110 4006 188 4043 nemo
206 3984 298 4044 alius
290 4007 342 4066 ipsa
336 3983 477 4043 crederet
491 3998 605 4066 preter
600 3983 675 4058 illos,
689 3981 766 4060 quasi
785 3980 859 4041 scili·

109 4092 150 4136 cet
170 4077 240 4135 mala
254 4077 379 4155 quadam
395 4090 463 4136 esset
478 4075 595 4135 cilicina.
609 4073 685 4149 Quid
698 4074 858 4155 ergoCbri-

108 4170 185 4228 stus?
201 4169 264 4229 ilaec
276 4171 416 4228 contutans
432 4169 489 4228 ait:
503 4170 552 4228 20
564 4170 628 4249 Ego
639 4168 742 4248 palam
755 4167 858 4248 loquu-
900 4199 903 4210 ·

110 4277 155 4321 tus
181 4284 244 4322 sum
262 4265 382 4336 mundo,
406 4283 458 4321 non
478 4261 608 4342 privatim
631 4259 793 4342 discipulis,
808 4282 862 4342 ego

108 4354 211 4435 palam
223 4356 311 4413 docui
322 4359 354 4412 in
373 4354 491 4434 templo.
508 4352 585 4424 Quid
598 4351 682 4432 ergo?
693 4350 798 4412 nihilne
815 4374 859 4412 se·

111 4461 184 4506 creto
200 4446 293 4505 dixit?
308 4446 388 4506 Dixit
404 4444 532 4524 quidem:
556 4457 585 4503 at
600 4465 666 4521 non,
680 4457 711 4503 ut
722 4441 766 4502 illi
781 4458 860 4525 puta-

110 4539 176 4599 bant
186 4584 195 4616 ,
216 4540 313 4599 timens
329 4554 355 4599 et
376 4539 521 4599 seditiones
540 4559 652 4598 movens
659 4560 670 4617 5
685 4536 732 4598 sed
744 4558 806 4598 caim
828 4560 859 4598 ea

111 4651 171 4706 qnu
187 4631 314 4709 dicebat,
331 4654 414 4714 supra
437 4630 622 4690 multitudinis
641 4643 751 4713 captum
774 4645 858 4691 erant.

110 4724 158 4780 ut.
177 4727 256 4803 Quid
267 4747 312 4783 me
320 4728 482 4804 interrogas
492 4730 505 4782 Ρ
515 4727 670 4807 interroga
681 4744 729 4783 cos
741 4728 794 4804 qui
805 4746 860 4784 au·

102 4816 235 4876 dierunt.
251 4819 311 4876 b'on
335 4818 490 4895 arrogantis
504 4815 562 4874 haec
584 4829 665 4890 sunt,
687 4814 735 4875 scd
751 4813 860 4885 fidenti,

107 4908 243 4971 dictorum
264 4909 380 4969 veritati.
397 4907 481 4983 Quod
495 4908 579 4988 igitur
591 4907 620 4966 in
634 4908 769 4990 principio
784 4909 856 4969 dice·

108 5002 155 5061 bat
169 5027 175 5059 ε
190 5004 221 5064 Si
239 5023 291 5087 ego
309 5005 507 5061 testimouium
523 5001 661 5081 perhibeo
677 5001 713 5059 de
728 5005 836 5081 meipso
843 5022 930 5078 ,loen
942 5024 1009 5072 531,

72 5097 308 5157 Brestimonium
331 5115 427 5154 meum
451 5114 556 5153 verrem
584 5115 644 5151 uon
669 5106 736 5152 est:
758 5093 809 5153 hoe
831 5108 857 5154 et

111 5212 181 5248 ιιιιιιι
196 5186 359 5264 subindicat,
372 5186 427 5247 fide
443 5185 553 5267 dignius
569 5185 660 5245 rolens
676 5184 858 5248 testinnonium
