3750 5940
366 399 404 448 ru
430 399 590 449 roruuru
616 400 738 448 uoaun.
765 400 851 447 χιιι.
878 373 925 446 al.
952 397 1021 445 xm.
1409 400 1472 473 29¹

61 546 85 581 ιν
107 522 212 597 τοίνυν,
225 523 371 604 ἀγαπητοὶ,
386 528 432 596 τῆς
445 529 525 602 τιμῆς
544 527 591 597 τῆς
610 523 683 606 παρὰ
778 523 806 581 5.
823 521 965 582 Diseamus
990 541 1065 601 ergo,
1087 517 1192 594 dilecti,
1212 520 1344 580 humanos
1365 519 1480 581 bonores

66 622 247 696 καταφρονεῖν
257 614 304 674 καί
318 613 356 694 μὴ
370 616 496 695 ἐρύεσθαι.
509 616 683 695 Τιτιμήριδα
735 634 870 694 spernere,
884 633 938 673 non
954 612 1116 673 desiderare.
1134 612 1240 673 Honore
1253 632 1368 691 namque
1383 634 1480 693 magno

64 704 210 785 μεγίστην,
229 706 275 766 καί
293 708 360 786 πρὸς
372 706 405 779 ἣν
427 705 494 780 αὕτη
513 708 684 789 παρούσλλο·
734 706 938 783 afficimur,oui
961 718 1131 786 comparatus
1150 702 1286 764 bumauus
1316 704 1402 765 honor
1415 726 1478 765 eou-

61 797 140 865 ςιιαί
154 797 237 876 γε’λονς
259 798 305 857 καὶ
327 795 472 879 ’νεορρδία
492 799 573 867 ὄντος
596 798 682 859 amto-
736 797 1480 879 tumdiaestrisusetcomoedia3utetdivitiaeterreuae

68 889 120 949 καὶ
140 893 280 959 δπλοῦτος
292 881 366 959 οὗτος
386 892 452 974 πρὸς
472 895 569 953 ἐκεῖνον
588 889 791 972 calamidis
804 906 964 976 comparata
987 905 1131 973 paupertas
1145 904 1219 970 sunt,
1233 905 1259 949 et
1272 891 1329 951 rita
1346 891 1403 951 linc
1423 892 1480 951 sine

61 994 69 1053 r
98 979 167 1054 αὕτη
187 983 271 1065 χωρὶς
289 981 389 1056 ἐκείνης
411 982 537 1063 νίκρωσις
554 981 682 1063 (·Ἂρες,
699 990 719 1035 Δ
735 985 784 1044 illa
806 1006 879 1046 mors
900 997 940 1045 est
962 984 1055 1058 (Sine,
1077 981 1175 1061 inquit,
1204 995 1333 1043 mortuos
1357 983 1478 1063 sepelire
1489 999 1574 1042 traua
1606 1000 1631 1046 8.

68 1071 181 1155 νεκροὺς
190 1073 342 1154 δύψαιτοδς
351 1077 452 1134 ἑαυτῶν
463 1074 568 1157 νεκρούς
580 1076 602 1153 )·
615 1074 683 1135 οὕτω
736 1083 956 1153 mortuosruos)
971 1100 978 1134 τ
991 1076 1030 1136 sie
1043 1075 1135 1156 gloriae
1151 1075 1219 1153 liae,
1231 1076 1254 1135 si
1265 1076 1301 1135 ad
1320 1075 1397 1135 illam
1414 1097 1477 1135 oon·
1488 1076 1525 1107 ²²·

70 1164 142 1238 αὕτη
157 1167 223 1249 πρὸς
231 1166 333 1239 ίαείνην
345 1166 457 1247 αἰσχύνη
467 1168 514 1227 καί
524 1168 607 1249 γίλονς
618 1167 682 1228 ἐστί.
735 1169 847 1248 seratur,
861 1168 950 1251 pudor
963 1180 1043 1227 estet
1061 1166 1141 1226 risus.
1154 1168 1194 1227 Ne
1215 1166 1299 1247 igitur
1311 1166 1382 1226 bane
1395 1188 1478 1227 aucu-

61 1257 141 1330 εὐτῆν
151 1256 296 1339 διώκοιμεν.
304 1259 397 1341 Εἰγδιρ
405 1264 430 1320 oi
438 1259 595 1343 παρύγοντες
603 1260 684 1334 αὐτὴν
737 1282 840 1342 ρετινετ.
857 1262 927 1321 Nam
952 1259 977 1319 si
994 1259 1014 1318 ii
1034 1258 1082 1339 qui
1100 1258 1166 1319 dant
1187 1258 1263 1318 illam
1287 1260 1384 1318 umbra
1399 1271 1426 1319 et
1438 1280 1481 1317 so-

61 1350 168 1432 ’miporr
189 1351 255 1412 εἰσὶν
275 1350 466 1433 ιύτελίσττροι,
479 1354 570 1435 πολλῷ
584 1355 684 1432 μᾶλλον
738 1352 819 1413 mniis
843 1366 908 1413 suut
928 1351 1048 1425 viliores,
1076 1352 1163 1411 multo
1182 1350 1268 1431 magis
1292 1350 1350 1432 ipsa
1371 1349 1479 1431 gloria:

61 1465 89 1501 α·
99 1440 173 1510 Δόξα
193 1441 248 1525 γὰρ
271 1443 410 1526 ἀνθρώπου
433 1448 470 1512 ὥς
485 1445 559 1512 ἄνθος
578 1444 684 1526 χόρτου.
740 1445 845 1507 Gloria
854 1449 933 1506 enim
943 1447 1068 1504 hominis
1079 1457 1230 1527 tamquam
1245 1441 1301 1529 flos
1303 1445 1394 1526 sorni.
1405 1442 1480 1515 Quid
1491 1461 1550 1506 [τοι.
1560 1458 1631 1522 tort.

61 1557 90 1601 κ
107 1533 208 1615 χόρτου
227 1533 406 1617 εὐτελίστερον
425 1534 520 1616 γένοιτ’
541 1537 589 1608 ύν;
613 1540 646 1598 El
657 1536 684 1597 δδ
737 1536 803 1597 llore
816 1538 880 1597 loeni
898 1536 982 1599 vilius
994 1536 1094 1597 luerit?
1109 1536 1164 1597 Sed
1179 1535 1284 1596 etiamsi
1297 1534 1426 1595 diuturna
1440 1557 1481 1595 es·
1494 1561 1513 1591 ι.
1528 1548 1592 1593 rur.
1610 1562 1630 1597 r.

61 1616 136 1699 ςῆν,
145 1627 173 1685 τί
184 1625 234 1699 τὴν
250 1627 338 1708 ψυχὴν
362 1627 499 1708 ὠφελῆσαι
515 1627 623 1710 ίσγνσεν
638 1631 685 1705 ἄν,
738 1643 786 1704 set,
798 1629 867 1710 quid
876 1630 940 1690 hinc
950 1630 1047 1691 anima
1057 1629 1126 1689 lueri
1137 1629 1151 1688 δ
1161 1628 1250 1706 Nihil,
1264 1628 1320 1688 imo
1333 1627 1482 1688 admodum
1491 1613 1529 1670 ’δ’

61 1716 95 1777 td
117 1717 166 1777 καί
187 1717 370 1779 καταύλάπτει
390 1718 426 1779 al
441 1719 564 1800 pipere,
581 1722 686 1792 δούλους
739 1735 825 1797 nocet,
845 1735 871 1781 et
885 1743 977 1783 servos
985 1721 1079 1798 efficit,
1094 1720 1207 1781 emtitiis
1221 1720 1307 1781 servis
1324 1719 1480 1798 deteriores,

61 1806 164 1878 ὀύλυνς
179 1812 371 1892 ἀργυρωνήτων
384 1813 503 1896 χείρους,
518 1813 623 1884 δούλους
637 1819 686 1898 σύγ
738 1816 853 1893 quinon
867 1815 915 1876 uni
930 1815 1052 1890 domino,
1071 1814 1119 1874 sed
1135 1814 1254 1891 duobus,
1279 1813 1378 1892 tribus,
1394 1814 1480 1874 milli-

61 1902 320 1983 „promultam
339 1907 398 1967 δυσί
409 1908 456 1967 καλ
474 1907 546 1989 τρισί
571 1908 617 1968 καί
637 1934 685 1988 μυ-
738 1906 799 1983 bus,
808 1906 917 1967 diuersa
927 1905 1119 1966 mandantibus
1127 1906 1253 1967 serviant.
1261 1906 1371 1979 Quanto
1384 1907 1482 1966 melius

61 1995 300 2077 pelusinorum
321 1998 509 2067 ὑπακούοντας.
526 2000 607 2082 Πόσῳ
620 2000 685 2080 βίλ-
702 2008 718 2055 n
737 2013 778 2059 est
790 1999 908 2058 liberum
921 2020 987 2072 esse,
1000 2019 1083 2077 quam
1095 2020 1206 2059 serrum
1221 1998 1358 2058 :liberum
1371 1997 1482 2077 quidem

61 2110 109 2170 ρον
123 2078 347 2163 circumditur,
358 2089 491 2171 ἐλεύθερον
506 2091 555 2169 μὲν
570 2095 617 2164 τῆς
630 2099 683 2154 τῶν
738 2091 773 2151 ab
792 2088 935 2152 bominum
954 2089 1092 2166 servitute,
1107 2111 1217 2151 serrum
1239 2089 1382 2172 imperanti
1404 2091 1481 2149 Deo?

61 2181 308 2251 δωλείας,δοο”λον
331 2181 480 2256 &liquot
499 2188 570 2247 Θεοῦ
592 2186 685 2246 διαπο-
738 2179 826 2240 Siris
844 2177 956 2239 tandem
973 2201 1064 2239 amare
1082 2177 1209 2259 gloriam,
1224 2176 1481 2250 ama‚redimmor-
1500 2204 1632 2248 cuam„

61 2296 103 2340 νος
121 2271 153 2333 δὲ
174 2276 198 2333 εί
221 2273 308 2352 βονλιι
329 2273 405 2348 δόξης
429 2279 500 2359 ipro,
523 2277 572 2360 ίρα
593 2278 685 2353 δόξης,
739 2271 828 2331 talem.
845 2272 916 2331 llam
927 2272 986 2352 ejus
999 2285 1026 2331 et
1038 2270 1223 2352 spectaculum
1245 2269 1416 2352 splendidius
1430 2286 1480 2342 est,
1491 2267 1563 2340 lm·
1584 2269 1632 2373 ,315¹

63 2365 212 2425 aman.
225 2366 278 2425 ra
292 2365 345 2448 γορ
359 2368 468 2446 raaa‘
498 2392 542 2449 ,τι
558 2372 639 2443 τινες,
656 2373 687 2433 τι
738 2378 765 2424 a
778 2365 883 2424 rreum
896 2363 1040 2446 majam
1053 2379 1080 2425 ο
1089 2363 1188 2446 juant
1201 2362 1402 2444 apiastro
1417 2344 1634 2444 ipsu.¹‚‡.'¹.‘;¹32‚⁴¹¹

61 2453 92 2517 αδ
112 2454 223 2534 ’μεῖζον
236 2458 267 2517 τὸ
286 2459 388 2541 ιε’ρδος.
412 2392 496 2521 (liiii
516 2461 564 2541 μὲν
583 2463 635 2544 γάρ
657 2487 687 2524 σς
738 2457 845 2538 placere
859 2480 866 2514 τ
881 2456 1005 2518 Christus
1029 2479 1094 2520 vem
1116 2470 1209 2517 eontra
1224 2457 1381 2539 centuplum
1395 2454 1481 2517 douo·
1663 2454 1668 2463 ’

65 2547 262 2623 δαπανώμενον
278 2547 399 2630 ἀρίστοιν
422 2553 592 2621 «aructat
616 2557 686 2639 Χρι-
740 2570 802 2609 rum
820 2548 871 2609 tibi
884 2548 1021 2624 retribuit,
1035 2563 1061 2610 et
1080 2549 1124 2609 his
1145 2548 1232 2610 vitam
1255 2561 1382 2609 aeteruam
1395 2548 1483 2609 addit.

61 2638 139 2701 ντίον
149 2638 228 2701 ἅπαν.
240 2640 295 2703 Καὶ
306 2639 360 2723 γδρ
372 2645 633 2708 ἑκατονταπλασίονα
646 2672 688 2709 σοι
740 2641 815 2715 Quid
832 2662 898 2721 ergo
910 2642 1018 2720 melius,
1036 2642 1064 2703 in
1085 2655 1154 2702 terra
1169 2663 1203 2700 an
1218 2640 1246 2700 in
1267 2641 1351 2721 caelis,
1367 2639 1483 2701 bomini-

61 2730 321 2815 νδιδορίνοινπαρδ
342 2740 405 2808 σοῦ,
427 2735 473 2795 καὶ
492 2726 562 2810 (belo
583 2738 688 2803 αἰώνων
739 2734 839 2794 busan
863 2734 920 2793 Deo
936 2733 1111 2793 admirationi
1134 2733 1210 2793 esse?
1228 2731 1329 2792 damno
1352 2754 1385 2792 an
1408 2734 1484 2793 lucro

61 2821 202 2897 torridum.
213 2823 251 2883 Τί
269 2823 354 2885 τοίνυν
376 2826 488 2905 βίλτιον,
504 2832 531 2890 δν
548 2833 581 2909 τῇ
598 2835 649 2910 γῇ,
670 2830 687 2903 ἢ
740 2825 805 2886 tuo?
824 2824 948 2885 coronari
967 2824 1102 2884 adunam
1119 2824 1203 2899 diem,
1216 2845 1250 2884 an
1262 2823 1299 2883 ad
1312 2824 1418 2883 infinita
1432 2847 1485 2884 sa·

61 2923 150 2988 wis,
165 2915 385 2999 ύπδύνδρύπων,
398 2918 416 2990 ἢ
431 2922 483 2981 berb
500 2925 569 2984 Θιῶ
588 2925 688 3004 θαυμαί-
739 2917 819 2977 cula?
832 2919 875 2977 Da
894 2917 992 2998 egenti,
1006 2938 1060 2977 uon
1076 2916 1248 2998 tripudianti‚
1265 2939 1298 2976 ue
1320 2938 1383 2976 cum
1400 2939 1482 2999 pecu-

61 3005 190 3087 δζημίρ,
204 3007 222 3079 ἢ
236 3008 281 3069 tat
299 3008 399 3092 νίρδει,
414 3021 604 3093 στεφανοῦσθαι
624 3019 689 3099 πρὸς
739 3010 792 3070 niis
813 3009 867 3069 tuis
886 3008 1005 3070 animam
1027 3009 1102 3069 illius
1127 3008 1232 3091 perdas.
1247 3010 1292 3069 Tu
1316 3009 1389 3069 enim
1411 3010 1485 3091 quod

61 3122 108 3172 αν,
121 3097 142 3169 ἢ
154 3100 220 3182 πρὸς
235 3100 358 3181 ἀπείρους
380 3106 492 3179 αἰῶναςς
507 3106 560 3174 Δὸς
573 3110 612 3188 τῷ
627 3109 687 3168 διο·
739 3104 797 3164 baec
808 3102 928 3163 studiose
940 3114 966 3161 et
975 3102 1164 3184 intempestive
1177 3101 1258 3177 colas,
1268 3102 1485 3182 perniciei-illius

72 3189 113 3269 μὴ
128 3191 181 3271 δῷς
199 3195 238 3274 τῷ
255 3194 478 3276 ὀργυιριίνῳ,ίνο
492 3195 529 3276 μὴ
547 3196 615 3276 μετὰ
634 3205 687 3260 τῶν
702 3223 721 3270 c
739 3209 878 3255 auctores.
891 3194 923 3255 si
941 3194 1038 3255 scireut
1050 3195 1123 3254 enim
1132 3193 1185 3271 illi,
1198 3195 1246 3274 qui
1261 3193 1404 3255 orchestra
1418 3195 1484 3256 dant
1554 3220 1635 3264 cunr..

61 3280 131 3344 ἐστιν
146 3283 193 3343 καλ
205 3284 253 3358 elo
268 3286 357 3366 δορὴν
372 3288 504 3370 ἀπολέσῃς
516 3290 565 3362 τὴν
578 3291 687 3353 ἐκείνου.
739 3311 859 3371 operam,
871 3294 906 3349 ex
919 3300 976 3347 arte
990 3286 1060 3347 nihil
1074 3287 1126 3347 sibi
1138 3288 1194 3348 lore
1213 3287 1291 3365 lucri,
1301 3289 1360 3370 jam
1377 3290 1484 3372 pridem
1493 3284 1623 3345 ⁸t00¹³⁰⁰¹²·

61 3397 116 3442 τιος
137 3365 163 3434 εἶ
179 3379 228 3447 τῆς
241 3379 375 3448 ἀπωλείας
392 3382 439 3450 τῆς
454 3382 553 3443 ἐκείνου
575 3383 618 3444 διδ
641 3389 689 3456 τῆς
739 3380 903 3443 destitissent
919 3405 926 3439 ε
941 3402 1004 3441 eum
1025 3395 1116 3442 autem
1137 3395 1163 3442 te
1184 3381 1280 3443 vident
1299 3383 1483 3463 plaudentem,

61 3466 206 3546 τὶοτιμίας.
228 3470 262 3528 El
282 3467 335 3552 γδρ
358 3475 382 3531 οί
406 3470 450 3531 ἐπὶ
472 3476 520 3545 τῆς
541 3474 689 3557 ὀρχήστρας
740 3488 933 3551 accurrentem,
947 3486 1053 3533 sumtus
1075 3472 1292 3554 profundentem,
1313 3488 1359 3534 tua
1383 3476 1486 3535 exhau-

61 3558 129 3619 ττδ
148 3559 312 3638 ίπιτίδευμα
335 3566 423 3630 αὐτοῖς
446 3563 554 3646 ἀκερδὲς
580 3566 689 3643 ἔμελλεν
741 3567 862 3643 rientem,
875 3566 981 3626 etiamsi
1000 3567 1101 3626 nollent
1125 3588 1247 3647 pergere,
1265 3569 1335 3628 lucri
1359 3568 1486 3651 cupidine

61 3649 138 3711 roa·
155 3648 187 3709 δν
201 3651 351 3712 ἐπαύσαντο
374 3662 459 3715 ταῦτα
481 3657 688 3728 ἐπιτηδεύοντες·
741 3675 873 3720 tenentur.
888 3659 918 3719 Si
942 3660 1053 3738 seirent,
1078 3661 1212 3720 neminem
1237 3684 1285 3722 sua
1311 3663 1485 3725 laudaturum

61 3761 92 3801 αι
117 3749 276 3822 κροτοῦντα,
290 3744 483 3825 συντρέχοντα,
499 3747 690 3820 ἀναλίσκοντα,
740 3773 806 3828 esse,
825 3752 878 3811 cito
891 3751 1048 3811 desisterent
1061 3773 1077 3810 a
1092 3752 1242 3831 laboribus,
1259 3756 1334 3815 luero
1349 3772 1484 3816 cessante:

61 3830 79 3891 l
102 3841 201 3894 σαυτῶ
225 3836 384 3896 δαπανῶντα
402 3837 563 3913 διοίσονται,
577 3840 626 3900 κᾶν
651 3841 689 3919 μὴ
741 3865 804 3902 curn
823 3865 886 3903 vero
909 3866 966 3904 rem
993 3843 1165 3906 admirationi
1183 3847 1276 3906 multis
1300 3870 1356 3908 esse
1379 3850 1483 3925 vident,

61 3931 154 3985 τοῦτο
178 3926 357 4008 μιτιέναι,ιῇ
378 3936 424 3990 τοῦ
438 3931 544 4013 κέρδους
564 3933 690 4017 ἐπιθυμίᾳ
741 3936 894 3996 inescantur
909 3936 1047 3996 laudibus.
1063 3938 1203 3998 Cessemus
1230 3939 1360 4000 inutiliter
1382 3940 1485 4022 impen-

61 4040 85 4075 ;ι.
98 4019 136 4077 Εἰ
154 4017 182 4078 δδ
195 4019 322 4097 ἔγνωσαν,
342 4019 383 4079 ὅτι
397 4024 479 4092 οὐδεὶς
495 4023 526 4082 διν
547 4026 690 4085 ἐπαινέσειε
741 4026 804 4087 dere
819 4052 825 4085 :
843 4028 980 4088 discamus
995 4049 1050 4106 qua
1067 4028 1094 4087 iu
1111 4050 1139 4087 re
1170 4043 1196 4088 et
1206 4031 1315 4108 quando
1333 4031 1487 4113 impendere

61 4130 80 4181 ν,
92 4108 197 4188 ταχίους
213 4108 244 4168 ἂν
267 4112 421 4184 ἀπέστησαν
431 4116 484 4173 τῶν
502 4114 589 4176 πόνων
602 4116 645 4176 διδ
659 4119 691 4178 τδ
742 4133 885 4200 oporteat:
910 4141 943 4179 ne
957 4119 1082 4198 utrinque
1100 4122 1188 4180 Deum
1211 4121 1245 4181 ad
1267 4123 1336 4184 iram
1358 4146 1486 4205 provoce-

61 4198 119 4259 ίταν
131 4198 159 4258 δδ
169 4200 244 4260 ίδονσι
254 4202 285 4261 τδ
295 4213 407 4284 πρᾶγμα
421 4206 496 4286 παρὰ
507 4209 611 4267 πολλῶν
628 4215 689 4268 beu·
743 4234 812 4287 urus,
826 4227 852 4270 et
876 4211 1062 4292 congregando
1085 4213 1158 4272 uude
1178 4235 1230 4273 uon
1247 4214 1320 4293 licet,
1334 4230 1361 4275 et
1377 4215 1485 4299 disper·

61 4314 73 4365 ν,
86 4290 188 4369 γίνεται
200 4292 293 4376 δέλεαρ
311 4298 398 4363 αὐτοῖς
412 4301 426 4354 ὁ
439 4301 491 4355 τῶν
511 4298 598 4358 ἄλλων
612 4301 690 4360 irar—
743 4303 830 4382 gendo
845 4303 872 4361 in
884 4325 945 4382 quae
960 4324 1012 4363 nou
1023 4317 1164 4383 oporteret.
1177 4305 1237 4377 Qua
1249 4306 1371 4367 vindicta
1383 4329 1435 4368 non
1445 4310 1487 4369 di·

61 4384 155 4460 πῶμεν
170 4383 256 4442 τοίνυν
276 4388 324 4455 τῆς
340 4388 464 4468 ἀκερδοῦς
488 4390 622 4464 δαπάνης·
639 4393 724 4470 pri-1)
743 4416 811 4475 gnus
835 4416 871 4470 es,
888 4415 948 4454 curn
966 4416 1111 4475 pauperem
1133 4411 1339 4478 praetercurrens
1353 4402 1486 4462 meretrici

61 4472 157 4533 ίτίσιν
180 4475 329 4535 ἀναλίσκειν
345 4478 391 4537 καί
413 4479 477 4538 πότε
500 4481 563 4561 χρή.
588 4482 633 4555 Μὴ
658 4484 689 4556 δὴ
743 4487 870 4567 largiris?
889 4485 1007 4546 Etiamsi
1021 4486 1094 4546 euim
1119 4510 1154 4548 ex
1172 4489 1254 4570 justis
1264 4491 1403 4553 laboribus
1427 4517 1487 4575 eru-

61 4568 105 4624 δτν
118 4566 303 4647 παροξύνωμεν
317 4570 362 4628 τὸν
376 4572 456 4645 Θεὸν,
469 4573 515 4631 καί
537 4575 690 4653 συνάγοντες
744 4599 829 4658 gares,
842 4600 930 4641 aunon
942 4578 1023 4659 culpa
1033 4592 1109 4655 esset,
1119 4581 1244 4660 nequitia
1253 4584 1402 4645 mercedem
1413 4586 1486 4663 dare,

61 4655 153 4732 τλ,νια“ι
168 4659 350 4741 σκορπίζοντες
365 4663 521 4744 ιίςύπεροῦ
537 4667 584 4724 δεῖ.
601 4666 691 4737 Πόσης
744 4684 770 4730 et
791 4693 840 4752 pro
861 4671 956 4731 merita
980 4691 1058 4752 poena
1077 4671 1207 4732 honorem
1231 4673 1484 4756 impenderelssum

62 4745 92 4807 δν
113 4749 184 4818 ἄξιον
206 4750 247 4823 είη
261 4755 356 4834 ὀργῆς,
370 4753 482 4834 δταντῇ
502 4757 585 4838 πόρνῃ
605 4759 691 4839 διδῷς,
746 4786 810 4824 vero
834 4764 956 4845 spoliatis
976 4763 1098 4844 pupillis,
1113 4765 1205 4826 viduis
1217 4768 1359 4847 fraudatis,
1373 4772 1488 4834 lascivos

61 4841 157 4917 ριντδν
172 4841 291 4917 πένητα,
306 4845 402 4928 Είγδρ
421 4846 467 4905 καί
484 4848 693 4910 retinetene&
747 4854 809 4932 alis,
824 4856 911 4937 cogita
935 4856 996 4935 quis
1023 4855 1093 4936 iguis
1109 4871 1182 4919 tauto
1202 4859 1294 4920 sceleri
1310 4862 1345 4920 sit
1368 4879 1488 4944 paratus.

61 4939 130 5010 ῑγις,
145 4933 205 5014 αἰγὶ
223 4934 345 5014 ίγνιλημα
358 4929 390 5010 ἦν
405 4937 436 4997 rb
456 4947 583 5020 πρᾶγμα,
600 4944 691 5021 μισθὸν
750 4944 822 5004 Audi
839 4943 907 5024 quid
919 4944 992 5004 dicat
1014 4943 1133 5005 Paulus:
1148 4950 1217 5007 Nou
1239 4962 1354 5009 tantum
1364 4955 1415 5030 qui
1427 4954 1565 5011 δουλων.
1576 4966 1629 5009 ιιι

61 5115 146 5179 :urebar
159 5116 214 5165 εἶναι
226 5117 293 5167 δοκεῖ.
763 5126 776 5162 t,
794 5122 880 5176 llorcl.
892 5136 972 5190 μεῖζον
983 5134 1010 5180 τὸ
1026 5131 1110 5196 κέρδος·
1131 5141 1190 5193 πῶς,
1209 5136 1243 5182 ὅτι
1260 5128 1321 5183 οὗτοι
1335 5139 1379 5196 μιν
1395 5152 1432 5191 σι,
1443 5134 1490 5182 mi·

61 5187 139 5258 lipara
151 5202 195 5262 ’γὰρ
205 5198 256 5252 τοὺς
267 5199 361 5263 νεαροὺς.
731 5217 777 5250 trus
790 5211 865 5253 recle.
