3750 5940
151 420 211 467 xtv
851 419 1009 468 stout'rutt

151 545 272 623 ignauia
284 561 382 602 eorum
395 545 447 622 qui
461 545 583 602 aberant
599 564 619 602 a
632 547 780 604 concione.
796 545 843 603 De
854 545 977 622 psalnris
990 540 1144 613 canendis,
1160 550 1189 600 et
1202 539 1283 621 quod
1293 541 1428 599 mulieres
1443 539 1521 599 nihil
1530 559 1616 600 sexus
1628 543 1721 620 irnpe-

153 639 216 696 diat
229 640 385 717 quominus
399 638 521 697 uirtutis
530 656 645 696 cursum
659 637 828 716 suscipiant.

193 734 335 791 Initium:
351 730 398 797 Ὡς
411 731 507 803 ἡδίστη
520 737 538 804 ἡ
551 735 604 790 τῶν
619 733 642 792 Γ
644 735 733 813 ραρῶν
748 730 908 811 ἀνάγνωσις,
925 732 971 793 καὶ
983 733 1110 809 λειμίόνος
1124 727 1222 796 παντὸς
1243 728 1339 803 ἡδίων,
1356 727 1402 788 rial
1416 728 1587 809 παραδείσω.
1608 727 1723 787 Titulus

152 825 287 886 concionis
299 840 490 906 argumentum
502 825 567 887 satis
579 827 666 887 affert.

907 1007 963 1069 vt.

192 1193 305 1272 Ὁμιλία
323 1197 432 1274 ῥηθιῖσα
445 1193 471 1252 ἐν
487 1199 542 1260 τοῖς
554 1189 712 1259 ἀποστόλοις
727 1188 901 1272 όντῇὴμίρᾳ
915 1187 1061 1251 Θεοδοσίου
1079 1187 1219 1269 βασιλέως,
1232 1188 1297 1271 πρδς
1310 1188 1371 1258 τοὺς
1383 1190 1529 1257 καλοῦντας
1542 1189 1650 1257 ῖαυτοθς
1664 1192 1720 1249 Κα-

152 1287 260 1368 θαροὺς,
275 1285 407 1369 ίτίροινέ
422 1287 574 1349 ἐπισκόπου
588 1286 743 1368 εἰρηκότων.
765 1286 898 1346 Romilia
909 1286 1013 1345 habita
1023 1288 1056 1343 in
1065 1283 1192 1345 molesia
1204 1286 1431 1364 Apostolorum,
1443 1289 1476 1343 in
1498 1286 1546 1345 die
1567 1286 1723 1346 Theodosii

151 1385 349 1462 Imperatoris,
362 1384 503 1444 aduersus
512 1402 561 1442 eos
573 1385 627 1464 qui
638 1401 701 1443 sese
712 1382 856 1444 Catheros
864 1385 926 1443 sire
939 1381 1065 1440 mundos
1075 1393 1194 1440 uocant.
1210 1382 1324 1441 Habita
1339 1394 1498 1463 postquam
1509 1382 1569 1441 duo
1583 1383 1649 1460 jam
1663 1386 1725 1460 epi·

153 1479 232 1556 scopi
246 1480 415 1537 concionati
427 1487 533 1536 essent.

192 1575 332 1632 initium:
349 1569 427 1642 Καλή
441 1574 495 1631 τῶν
506 1568 677 1651 etquattuor
688 1568 807 1651 ξυνωρίς,
822 1573 868 1630 τοῦ
883 1566 932 1648 μδν
943 1566 988 1628 διδι
996 1570 1050 1627 τῶν
1065 1568 1134 1648 βοῶν
1147 1565 1196 1639 τήν
1210 1565 1324 1627 κιόωτδν
1336 1567 1467 1643 ἵλαοντος,
1482 1572 1529 1629 ταῖ
1541 1568 1626 1638 etet<
1638 1573 1725 1654 irrep-

152 1668 203 1750 χὰς
212 1669 265 1726 τῶν
274 1665 360 1744 λόγων
375 1663 547 1730 ἀνατιθέντος.
559 1661 625 1722 Erat
635 1661 759 1742 quasdam
769 1662 913 1723 constituta
921 1660 979 1721 dies
987 1662 1023 1719 ad
1033 1659 1220 1720 celebrandam
1231 1660 1389 1721 memoriam
1400 1659 1548 1720 Theodosii
1563 1664 1658 1742 Magni
1666 1666 1725 1725 Im-

151 1761 291 1844 peratoris,
302 1760 380 1840 cujus
397 1757 490 1817 laudes
500 1756 630 1839 praelicat
640 1757 718 1817 initio
729 1756 864 1818 concionis
878 1756 1098 1838 Chrysostomus.
1118 1756 1151 1815 In
1167 1754 1258 1816 medio
1276 1769 1367 1816 autern
1378 1755 1468 1816 hiatus
1486 1769 1536 1833 est,
1550 1757 1620 1836 proh
1635 1758 1726 1838 dolor,

151 1856 260 1917 duobus
271 1854 367 1915 excisis
378 1853 555 1935 manuscripti
570 1852 651 1913 loliis.
663 1852 769 1913 Deinde
780 1867 872 1912 eontra
882 1851 1020 1912 haereticos
1030 1850 1092 1911 illos
1101 1849 1214 1932 agitqui
1230 1871 1259 1911 se
1273 1851 1405 1911 Catharos
1423 1872 1470 1911 seu
1479 1851 1726 1934 mundosappella-

151 1951 225 2012 bant.
239 1949 316 2030 Saepe
325 1947 465 2010 eveniebat
472 1962 511 2022 ut,
528 1961 672 2028 antequam
684 1947 898 2030 Chrysostomue
920 1946 1064 2007 homiliam
1073 1967 1150 2006 suam
1160 1946 1271 2006 haberet
1282 1945 1319 2006 ad
1334 1947 1479 2028 paniolum,
1493 1946 1564 2007 alius
1579 1948 1725 2031 episeopus

152 2045 360 2107 concionaretur.
373 2043 424 2104 llic
434 2064 498 2104 vero
506 2042 562 2105 duo
576 2043 695 2127 episcopi
705 2043 860 2105 concionem
871 2041 1058 2125 Chrysostomi
1068 2055 1260 2124 prevenerant.

902 2314 977 2377 VII.

192 2497 305 2577 Ὀμιλία
317 2500 444 2579 λεχθεῖσα
457 2501 485 2559 ir
497 2501 536 2580 τῷ
549 2500 606 2579 ναῷ
616 2499 665 2570 τ’ής
677 2496 754 2578 ἁγίας
768 2495 948 2563 Ἀναστασίας.
960 2497 1093 2556 nomilia
1113 2498 1217 2556 hahita
1230 2499 1263 2554 in
1284 2494 1391 2575 templo
1412 2507 1521 2556 sancta
1542 2494 1725 2557 Anastasia.

194 2596 340 2654 Initium:
356 2592 463 2675 Βραχὺς
481 2592 530 2672 μὲν
544 2596 598 2653 τῶν
610 2591 748 2674 παρόντων
762 2592 928 2673 όσόλλογος,
943 2591 1027 2673 μίγας
1040 2590 1068 2652 δὲ
1079 2596 1093 2651 δ
1105 2590 1197 2658 πόθος·
1212 2590 1302 2672 διόπερ
1315 2588 1375 2649 οὐδὲ
1390 2594 1404 2649 δ
1420 2589 1546 2669 σόλλογος
1566 2591 1676 2672 βραχύς.
1694 2592 1727 2650 ln

151 2689 205 2751 hoc
219 2702 310 2748 autem
318 2701 476 2768 argumento
485 2709 534 2770 per
543 2701 628 2748 totam
644 2687 799 2747 concionem
817 2685 934 2763 insistit,
944 2700 1065 2747 nontam
1081 2683 1253 2768 spectandam
1266 2705 1323 2745 esse
1334 2683 1490 2744 auditorum
1502 2683 1724 2764 multitudinem,

94 2864 102 2879 ι
153 2805 237 2865 quam
247 2783 358 2844 illorum
370 2782 513 2863 fervorem,
526 2803 656 2862 amorem,
669 2780 791 2844 fflooendi
800 2781 977 2843 desiderium.

895 3034 990 3098 VIII.

194 3217 307 3299 Ὁμιλία
318 3221 443 3298 λεχθεῖσα
456 3220 526 3298 Ire-'fi
538 3214 668 3296 όκιιληαίᾳ
679 3219 713 3297 τῇ
728 3216 772 3276 inl
788 3217 910 3290 Παῦλον,
920 3215 1027 3277 Γότθων
1041 3218 1220 3297 ἀναγνόντων,
1231 3217 1278 3278 καί
1291 3218 1470 3299 πρεσόυτίρου
1480 3220 1579 3281 Γότθου
1590 3246 1725 3304 προσομι-

95 3302 99 3309 ’
154 3314 284 3387 λήσαντος
297 3311 381 3387 (sorte
389 3310 645 3394 προομιλήσαντος).
657 3311 789 3370 Homilia
801 3312 906 3371 hahita
922 3316 955 3372 in
968 3313 1093 3372 ecclesia
1105 3313 1216 3386 Pauli,
1239 3314 1359 3375 Gottliis
1383 3315 1554 3396 legentibus,
1569 3333 1727 3400 postquam

157 3409 286 3470 Gotthus
297 3409 452 3489 presbyter
461 3409 651 3467 concionatus
657 3405 773 3485 suerat.

193 3504 333 3563 Initium:
346 3500 516 3578 Ἐόουλόμην
529 3507 653 3580 παρεῖναι
664 3498 802 3571 Ἕλληνας
815 3499 941 3581 τήμερον,
956 3499 1025 3560 ὥστε
1042 3503 1096 3560 τῶν
1118 3501 1323 3583 ἀνεγνωσμένων
1342 3503 1456 3563 ἀκοῦσαι
1473 3501 1519 3563 καὶ
1539 3510 1631 3583 μαθεῖν
1654 3508 1728 3583 πόση

155 3600 202 3657 τοῦ
215 3595 437 3677 σταυρωθέντοςὴ
452 3593 537 3676 ῖσχός.
552 3593 697 3675 Comparat
706 3593 859 3653 doctrinam
870 3594 1028 3654 Graecorum
1038 3593 1252 3672 idololatrarum,
1263 3596 1398 3675 etiamque
1414 3597 1648 3679 philosophorum,
1661 3624 1730 3681 quos

155 3689 252 3749 acriter
262 3688 375 3763 mordet,
388 3686 582 3748 cumdootrina
596 3687 710 3748 Christi.
727 3687 853 3766 Dicitque
870 3686 946 3746 illam
957 3687 1039 3746 ctiam
1054 3687 1127 3768 apud
1141 3690 1252 3749 Graecos
1269 3691 1341 3771 ipsos
1352 3711 1419 3771 ponc
1437 3691 1582 3771 interiissc,
1597 3693 1665 3754 dum
1674 3695 1728 3755 do-

157 3781 242 3840 ctrina
256 3779 359 3841 Christi
368 3779 442 3860 viget
454 3779 536 3840 etiam
547 3777 622 3860 apud
634 3779 765 3839 barbaras
777 3792 804 3838 et
820 3778 899 3860 longe
911 3793 1026 3841 remotas
1037 3780 1158 3841 nationes
1165 3805 1174 3860 ;
1186 3782 1325 3865 occasione
1341 3783 1443 3843 scilicet
1457 3785 1623 3846 Gotthorurn
1642 3788 1669 3846 in
1686 3811 1730 3849 ec-

158 3873 238 3934 clesia
249 3873 396 3957 legentium
405 3886 431 3933 et
445 3871 669 3933 concionantium.

922 4058 978 4121 tx.

201 4254 257 4314 Τοῦ
272 4255 367 4327 αὐτοῦ,
387 4255 507 4335 περὶτοῦ
522 4252 560 4332 μή
582 4254 634 4312 δεῖν
657 4255 695 4320 είς
715 4252 907 4334 ἱπποδρομίας,
922 4254 991 4330 μηδὲ
1005 4256 1043 4324 τίς
1055 4254 1154 4338 θόατρα
1169 4256 1332 4316 ἀναόαίντιν.
1347 4257 1401 4317 Καί
1414 4257 1537 4330 λυπήσας
1550 4259 1655 4335 αὐτοὺς,
1672 4252 1730 4321 εἶτα

160 4354 194 4431 τῇ
209 4349 359 4429 revetere-q
374 4352 431 4428 μετ’
445 4348 547 4422 ἐκείνην
558 4347 608 4421 τήν
623 4349 766 4430 κυριακὴν,
781 4350 980 4432 παραχωρήσας
993 4353 1077 4410 εἰπεῖν
1091 4350 1229 4433 intudem
1240 4352 1293 4412 ἄπδ
1312 4353 1446 4422 Γαλατίας
1466 4355 1619 4435 ἀφιγμένῳ,
1633 4355 1678 4414 καὶ
1690 4380 1732 4415 σι-

160 4445 246 4524 γήσας
256 4445 301 4506 καὶ
315 4447 343 4505 ἐν
354 4443 439 4524 τούτῳ
449 4442 586 4518 λυπήσας,
599 4443 698 4516 ταύτην
715 4444 804 4526 είρηιιε
817 4445 866 4520 τήν
880 4445 987 4529 ὁμιλίαν
997 4448 1024 4506 ἐν
1036 4448 1070 4527 τῇ
1084 4445 1188 4528 μιγόλῃ
1205 4447 1335 4528 ἐκκλησία
1348 4451 1384 4517 εἰς
1397 4448 1444 4520 τὸ,
1457 4447 1491 4509 Ὁ
1508 4449 1606 4531 Πατήρ
1618 4473 1668 4528 μου
1684 4450 1734 4518 ἕως

161 4541 223 4622 ἄρτι
236 4539 384 4621 ἐργάζεται,
398 4537 473 4619 κάγὼ
485 4539 640 4620 ἐργάζομαι.
657 4542 813 4621 Ejusdem,
825 4543 907 4622 quod
926 4543 1064 4601 accedere
1082 4562 1142 4600 non
1158 4554 1289 4621 oporteat
1303 4544 1345 4601 ed
1360 4543 1508 4603 Circenses
1524 4545 1622 4617 ludos,
1638 4566 1734 4624 neque

161 4637 203 4694 ad
214 4638 339 4696 theatra.
356 4636 488 4714 Cumque
501 4633 571 4693 illos
590 4655 712 4694 moerore
722 4638 891 4718 affecisset,
905 4637 951 4710 (in
963 4638 1139 4716 precedenti
1151 4637 1291 4697 videlicet
1304 4641 1459 4711 concione)
1470 4638 1634 4719 deindeque
1644 4643 1676 4698 in
1690 4660 1734 4698 se-

162 4733 267 4812 quenti
277 4734 428 4801 concione,
443 4750 509 4809 qua
525 4728 688 4807 postillam
702 4730 888 4790 Dominicam
903 4732 1006 4789 hahita
1012 4732 1076 4812 suit
1084 4775 1092 4806 ,
1114 4732 1210 4791 locum
1225 4731 1421 4790 concionandi
1448 4734 1576 4791 cessisset
1601 4727 1733 4812 episcopo

162 4829 215 4907 qui
223 4846 260 4884 ea
271 4825 395 4885 Galatia
407 4836 547 4901 uenerat,
563 4828 681 4904 ipseque
695 4827 843 4900 tacuisset,
856 4839 945 4903 atque
958 4831 991 4884 in
1010 4829 1066 4885 hoc
1085 4829 1174 4885 etiam
1193 4826 1295 4886 dolore
1312 4827 1475 4909 affecisset,
1489 4828 1567 4885 lianc
1578 4831 1610 4884 in
1623 4848 1734 4907 magna

163 4919 301 4978 Ecclesia
312 4919 414 4977 habirit
433 4917 587 4976 homiliam
598 4921 630 4976 in
641 4917 739 4976 titud.-
753 4919 834 4978 Pater
848 4939 1019 4998 mensusque
1031 4918 1112 4979 modo
1123 4933 1257 5001 operatur,
1271 4934 1298 4979 et
1307 4940 1358 5001 ego
1367 4942 1472 5003 operor.

201 5013 343 5073 Initium:
358 5010 465 5092 Σρόδρα
482 5009 644 5092 καθηψάμην
656 5014 730 5090 ὑμῶν
745 5012 839 5095 πρῴην
853 5011 914 5094 πιρί
928 5012 1044 5093 θιᾶτρων
1057 5014 1104 5074 uel
1118 5013 1297 5096 ἱπποδρομίας
1315 5016 1475 5098 διαλεχθείς·
1490 5015 1534 5076 διὰ
1548 5019 1627 5074 τοῦτο
1644 5015 1733 5097 χαίρω

163 5107 209 5168 καί
223 5106 396 5188 εὐρραίνομαι
410 5103 478 5164 κατὰ
488 5103 537 5178 τήν
548 5104 728 5179 ἀποστολικήν
741 5104 840 5188 φωνήν.
856 5106 924 5179 Quae
934 5106 964 5167 iu
975 5106 1055 5169 titulo
1070 5108 1194 5171 feruntur
1204 5108 1249 5171 hic
1261 5108 1389 5191 pluribus
1409 5109 1541 5193 explicat,
1562 5108 1734 5189 ostenditque

162 5220 246 5278 quam
255 5219 359 5259 necesse
367 5199 403 5258 sit
413 5196 560 5276 aliquando
569 5196 706 5260 auditores
713 5199 804 5261 acrius
815 5199 953 5261 incessere.
