3750 5940
138 381 150 472 i·
177 413 271 505 v616
467 458 471 467 ·
928 449 985 502 tro

197 579 393 641 Ascensorem
426 578 521 647 asini,
557 585 586 633 et
611 590 793 634 ascensorem
821 573 938 635 comen.

198 659 373 716 Astensorcm
382 654 453 714 enirn
467 652 537 713 asini
549 652 617 712 dicit
630 653 785 731 Christum
800 667 941 736 propterca

197 735 272 816 quod
293 736 368 795 asino
389 732 508 793 insidens
530 732 632 795 lerosol
682 733 767 792 aluit
780 735 939 813 ingressus:

197 835 366 876 ascensorem
383 826 476 873 autem
496 813 591 873 cameli
612 813 630 872 il
644 834 704 890 um,
726 813 775 892 qui
794 813 823 873 in
843 813 941 873 ultimo

198 895 329 968 dierum,
351 893 484 954 efficiente
503 891 626 965 diabolo,
645 892 673 952 in
692 892 826 953 mundum
845 908 938 955 ventu·
958 901 980 951 n

198 997 246 1036 rus
263 989 303 1035 cst
320 973 515 1033 Antichristus.
533 974 671 1032 Habebat
690 985 789 1032 autem
808 975 941 1034 loannes

197 1058 405 1115 uestimentum
418 1072 504 1112 suum
516 1053 553 1111 de
563 1052 634 1131 pitis
648 1054 765 1112 eoooelr'.
785 1054 856 1113 Cum
869 1054 941 1114 enirn

151 1137 154 1144 ’
199 1134 254 1194 ‘am
292 1132 381 1193 ietatis
396 1132 532 1213 praeconio
552 1130 690 1208 ethnicos,
712 1133 833 1213 pilorum
856 1133 942 1194 instar

194 1155 339 1274 &tholum
360 1210 553 1293 cooperientes,
573 1210 610 1271 ad
628 1232 656 1271 se
679 1213 865 1289 convertisset,
879 1213 940 1274 illo-

215 1313 249 1354 uc
272 1289 409 1353 denudato
430 1303 458 1350 et
479 1289 600 1350 Ecclesia
621 1289 793 1368 condensata,
820 1293 940 1374 ejusdem

263 1371 325 1433 etiae
344 1390 443 1452 corpus
455 1391 515 1451 per.
527 1367 590 1429 fidei
607 1370 738 1430 unitatem
762 1371 836 1431 velut
851 1386 940 1433 oonte-

196 1452 315 1529 xuisset,
327 1450 423 1511 salutis
442 1449 501 1531 ipse
512 1447 564 1509 sibi
581 1449 772 1511 vestimentum
782 1452 940 1512 coniecerat.

197 1533 335 1592 Habebat
349 1542 447 1590 autem
468 1548 576 1588 zonam
592 1529 748 1609 pelliceam
766 1535 847 1591 circa
866 1534 941 1592 lum·

197 1606 250 1672 bos
261 1630 339 1672 suos.
355 1610 526 1670 Lumborum
538 1621 564 1667 et
577 1628 648 1667 mne
661 1609 780 1691 pellicea
799 1611 940 1692 Scriptura

142 1710 149 1725 ‘
196 1689 320 1752 meminit
332 1714 340 1748 ι
353 1704 384 1749 ιιι
401 1710 450 1772 per
461 1709 556 1748 zonam
574 1709 609 1748 cx
623 1688 736 1749 mortuis
747 1690 866 1770 pellibus
878 1713 941 1752 con-

195 1771 311 1846 fectam,
332 1769 399 1830 foris
414 1770 581 1850 singem,
597 1789 704 1828 omnem
722 1768 749 1828 in
769 1770 828 1852 ipso
846 1770 940 1832 libidi-

196 1849 239 1911 nis
251 1850 379 1911 alfmtum
389 1847 519 1909 castitatis
528 1845 619 1909 studio
629 1847 780 1908 edomitum
791 1865 941 1912 mortuum·

195 1950 249 2009 qne
271 1927 355 1990 fuisse
368 1926 498 1989 ostendat.
519 1929 578 1988 Hoc
590 1928 663 1987 enim
677 1927 861 2008 virginitatis,
879 1953 939 2010 qum

195 2008 269 2070 intus
283 2009 470 2084 occulebatur,
482 2007 593 2067 minime
609 2007 727 2068 mendax
741 2026 938 2088 argumentum.

194 2088 362 2151 vescebatur
371 2101 480 2163 autern,
494 2087 597 2167 inquit,
607 2087 718 2147 locustis
727 2102 753 2148 et
763 2091 843 2149 melle
851 2092 939 2172 sylve
957 2103 977 2151 n

194 2169 254 2229 stri.
278 2169 331 2230 llic
348 2167 459 2232 Judaeos
478 2189 495 2227 a
514 2168 573 2247 lege
589 2180 615 2226 ct
657 2189 725 2227 rece
744 2168 779 2227 tis
794 2171 940 2231 resilientes

45 2274 150 2323 mm,
161 2246 312 2325 3,tlenotat,
323 2262 354 2308 ut
367 2247 435 2307 alibi
445 2247 603 2329 Scriptura:
618 2189 723 2307 prsilie
760 2262 810 2308 tut
820 2251 941 2311 bruchus

49 2336 85 2384 16.
96 2351 134 2400 ¹7·
196 2328 369 2411 promiscuus
384 2340 448 2386 tuus
464 2351 471 2383 ι
488 2326 533 2386 rel
546 2339 576 2385 ιιι
590 2324 693 2385 locusta
709 2326 741 2386 in
757 2350 835 2409 sepe,
850 2330 878 2390 in
895 2330 941 2391 die

195 2407 302 2487 glaciei.
330 2406 451 2466 Exortus
473 2418 513 2464 cst
537 2405 593 2484 sol,
614 2419 640 2465 et
660 2405 820 2486 absilicbat;
842 2424 868 2469 et
887 2431 940 2469 non

195 2486 323 2568 cognorit
335 2485 453 2567 amplius
468 2485 559 2545 locum
572 2506 664 2544 suum.
681 2485 737 2545 Mel
750 2502 862 2547 autems
883 2490 940 2550 lve-

195 2579 265 2643 ειη,
293 2578 434 2659 propterea
462 2563 537 2645 quod
559 2563 646 2626 ludaei
673 2563 740 2646 legis
768 2510 940 2629 dolcednem

46 2677 160 2727 maram
195 2658 404 2727 transgressione
413 2659 611 2728 praceptorum
618 2647 829 2706 exacerbassent.
845 2651 936 2722 Tunc,

48 2713 172 2792 13.-15.⁸
195 2724 298 2807 inquit,
312 2729 397 2786 venit
406 2727 449 2785 ad
461 2728 557 2805 ipsum
565 2726 652 2785 Iesus
665 2729 698 2783 in
711 2726 891 2802 Iordanem,
906 2743 939 2788 ut

195 2807 669 2886 baptizareturobeosr'pseautem
676 2807 849 2885 prohibebat
860 2830 935 2883 eom,
961 2819 974 2856 ⁷

192 2887 294 2946 AEcerrs
309 2910 317 2945 ι
330 2886 395 2967 Ego
407 2906 428 2946 a
443 2897 472 2944 te
484 2885 574 2943 debeo
589 2887 751 2965 baptizari,
768 2900 796 2946 et
811 2900 843 2947 tu
854 2893 940 2949 venis
957 2874 977 2920 Α

193 2965 237 3029 ad
246 2987 293 3026 me
300 2972 314 3025 Ρ
322 2967 509 3047 despondens
519 2977 618 3044 autem
629 2965 717 3026 Iesus
727 2968 804 3025 dixit
814 2973 842 3026 ei
852 2992 860 3023 :
871 2970 940 3028 Sine

194 3047 281 3105 modo
291 3073 302 3116 ;
317 3059 344 3106 te
361 3058 467 3129 oportet
481 3065 538 3104 esse
554 3057 650 3104 testem
664 3045 737 3132 ejus,
760 3068 820 3125 qua
841 3048 875 3107 de
897 3071 940 3107 me

124 3121 130 3133 '
195 3145 260 3184 mox
278 3125 430 3202 emittetur,
446 3124 520 3184 vocis
536 3147 542 3181 ι
557 3128 600 3184 sic
619 3129 699 3183 enim
722 3127 804 3184 decet
824 3131 866 3186 im
886 3129 940 3187 leri

195 3225 311 3265 omnem
322 3209 480 3288 justitiam.
496 3206 541 3262 Mc
554 3218 658 3285 oportet
673 3204 782 3282 docere,
802 3152 938 3284 quodnisi

162 3330 176 3377 5
195 3285 256 3364 quis
271 3300 378 3345 renatus
391 3285 472 3344 suerit
485 3304 519 3342 ex
530 3305 599 3362 aqua
611 3298 637 3343 ct
651 3285 772 3364 Spiritu,
785 3308 836 3344 non
856 3289 939 3369 possit

180 3363 295 3424 'intrare
312 3367 340 3425 in
355 3386 469 3445 regnum
489 3364 624 3422 calorum.
643 3366 696 3423 Par
719 3380 759 3423 est
780 3366 878 3445 igitur,
897 3391 939 3427 rnc

194 3441 315 3524 primurn
328 3445 428 3520 facere,
443 3458 468 3503 ct
478 3457 543 3502 tunc
553 3443 647 3502 doecre
660 3468 666 3500 :
680 3466 712 3503 nc
723 3445 810 3506 lodari
825 3450 939 3507 occasio

44 3543 256 3604 nemeaeum
270 3523 321 3585 hoc
336 3524 405 3585 mihi
419 3522 618 3605 improperandi
632 3523 747 3583 habeant
762 3550 768 3581 z
784 3526 872 3586 Alios
888 3531 938 3586 do-

195 3623 278 3676 cens,
296 3608 418 3685 teipsum
431 3625 490 3662 reon
504 3605 611 3662 doces?
626 3604 693 3662 Sine
707 3607 792 3662 modo
810 3631 817 3663 .·
835 3622 940 3688 oportet

44 3715 97 3760 Joo.
118 3715 155 3774 ,4⁶
195 3683 267 3742 enim
278 3683 383 3743 dictum
393 3683 519 3775 patientis
528 3683 581 3744 lob
591 3681 696 3742 adstrui
706 3708 711 3739 :
723 3686 806 3743 Nemo
822 3688 939 3746 mundus

43 3794 68 3852 4,
86 3793 108 3839 5⁸
128 3808 174 3842 ,αι
195 3763 315 3839 asordc,
336 3784 368 3823 nc
382 3785 404 3823 sr
419 3762 500 3822 unius
514 3762 568 3821 diei
584 3763 670 3843 ipsius
683 3764 719 3822 sit
734 3765 791 3823 vita
810 3790 816 3821 :
835 3782 939 3846 oportet

43 3860 158 3917 nepem.
195 3864 238 3903 me
245 3844 381 3925 detergere
390 3844 532 3922 antiquum
544 3843 663 3923 corporis
669 3859 821 3924 peccatum:
834 3862 939 3926 oportet

195 3944 238 3982 me
248 3924 352 4005 Spiritu
363 3945 492 3984 renovare
500 3922 630 4000 animam,
639 3937 664 3981 et
673 3945 741 4002 aqua
752 3946 859 4005 corpus,
872 3929 940 3986 Sine

44 4033 185 4097 Romam.
195 4005 281 4063 modo
296 4018 422 4084 :oportet
439 4024 482 4062 me
496 4002 600 4083 aperire
618 4025 694 4082 aquae
707 4019 733 4062 ct
748 4004 865 4085 Spiritus
878 4009 939 4066 vul-

193 4105 273 4161 vam,
287 4098 317 4142 ut
337 4084 402 4142 fiam
414 4082 611 4165 primogenitus
625 4083 718 4141 multis
737 4085 875 4143 fratribus.
896 4088 939 4144 Ab

193 4162 240 4222 illa
254 4164 326 4223 enim
341 4164 424 4223 vulva
443 4164 490 4241 qui
516 4163 720 4234 aberraverant,
741 4164 850 4224 Judaeos
871 4189 936 4246 pro-

43 4242 275 4331 p„1,57‚p‚pheta
302 4265 437 4323 accusans¹
450 4241 603 4315 convincit,
629 4242 696 4301 dum
717 4243 756 4301 ait
780 4244 939 4304 :Alienati
957 4272 975 4319 Β

193 4337 262 4382 sunt
278 4337 444 4403 peccatores
460 4344 480 4380 a
494 4322 597 4380 vulva.
627 4324 707 4380 Tunc
727 4325 837 4382 dimisit
858 4348 934 4384 crem.

193 4402 263 4460 Cum
279 4417 369 4461 autem
385 4407 463 4464 lesus
478 4400 658 4460 descendisset
672 4403 698 4460 in
713 4403 858 4462 Jordancm
867 4451 875 4479 ,
893 4405 938 4463 di-

191 4480 269 4556 lecti,
283 4482 376 4541 videre
390 4495 447 4540 crat
462 4503 590 4561 magnum
604 4481 782 4555 miraculum,
797 4484 896 4543 fontem
911 4486 937 4543 in

192 4560 304 4620 flumine
317 4562 421 4633 lotum,
436 4576 462 4619 et
479 4562 578 4621 flumen
593 4561 619 4619 in
635 4562 747 4620 flumine
760 4563 934 4643 baptizatum.

43 4664 94 4707 Jer.
110 4675 133 4708 2,
148 4660 184 4708 13,
193 4641 265 4699 Fons
276 4640 347 4699 eninr
366 4642 490 4700 Christus
499 4687 507 4717 ,
522 4655 552 4698 ut
571 4641 627 4720 ipse
644 4641 681 4700 ait
691 4666 697 4696 :
707 4645 757 4699 Me
772 4644 937 4726 derelique-

195 4733 264 4779 runt
276 4723 390 4798 sontem
401 4743 486 4806 apum
498 4726 531 4781 oi
535 4726 637 4779 ventis.
651 4721 686 4779 Et
696 4743 807 4800 sponsa,
825 4746 884 4801 qua
900 4740 938 4783 cst

44 3334 116 3376 toan.
128 3332 152 3378 3.

45 4826 114 4872 cm,
120 4829 187 4888 pn,
196 4790 316 4859 Ecclesia
336 4800 370 4859 ad
394 4801 503 4940 ipsum:
520 4804 599 4859 Fons
626 4805 775 4880 signatus,
805 4805 935 4863 emittens.

43 4927 104 4972 pm,
130 4926 159 4976 6,
195 4882 379 4960 lsequoque
424 4902 519 4956 umen,
540 4894 570 4938 ιιι
591 4880 628 4937 ait
646 4881 935 4961 prophota:Flumcrr

47 5000 83 5033 10,
106 4962 111 4973 ’
128 5008 139 5027 ,,
149 4948 170 4991 l'
226 4965 254 5020 ei
266 4963 407 5043 repletum
418 4974 461 5020 est
471 4965 565 5042 aqrtis.
575 4961 657 5019 Venit
674 4961 700 5018 in
711 4982 793 5041 aqrras
805 4976 830 5020 ct
840 4966 935 5023 stricti-

125 5043 137 5125 J
178 5039 281 5102 *ficum
297 5054 380 5119 strnt,
396 5054 421 5100 ct
438 5040 542 5099 sanavit
558 5061 610 5098 cas.
631 5040 659 5098 Si
677 5041 738 5119 quis
750 5056 872 5101 vestrum
885 5059 937 5118 cst,

226 5263 236 5286 ⁸
256 5247 331 5296 Putat
342 5242 448 5296 Savilius
459 5239 591 5306 legendum
604 5258 688 5309 τριχῶν
699 5249 773 5295 noros.

225 5333 238 5371 ¹³
257 5330 304 5381 llic
315 5327 445 5395 legendum
457 5323 583 5376 existimat
595 5323 701 5376 Sacilius
712 5337 740 5390 τῇ
752 5333 837 5388 ἀγνοίᾳ.
