3750 5940
157 422 225 466 220
506 421 536 470 s.
563 421 703 472 solunte
729 417 924 494 cantenor„

153 562 205 621 que
218 541 370 623 reprobatio
383 541 448 603 bine
461 558 552 604 ortum
568 544 673 622 babuit,
689 564 791 605 necnon
805 556 831 604 et
842 543 896 603 alin
903 588 933 628 Μ

153 633 242 692 omnin
253 631 389 714 dogmata,
398 646 424 693 et
438 648 527 695 vester
544 635 634 696 cultus
650 636 712 696 licet
733 656 788 707 non
808 645 931 694 reclusa

152 725 202 799 sit;
217 748 233 784 a
248 729 266 788 J
269 725 350 786 udaeis
360 727 432 786 enim
453 736 544 788 ortum
558 728 671 805 habuit)
682 753 689 786 ε
700 728 810 790 velhaee
822 748 895 808 ergo,

151 817 196 878 rel
203 817 351 878 adventum
359 840 439 879 suum
448 820 563 880 salutem
580 835 670 882 vocat.
686 823 821 882 imovero
840 841 894 880 non

151 911 316 975 aberraverit
322 913 459 995 quispiam
466 914 489 974 si
496 914 721 975 dicatbaecnmbo
731 915 894 980 salutamen

152 1006 819 1086 se,eamseilioetquamexludaeisessedieit.Qnod
826 1010 895 1068 Parr-

1 1100 70 1146 Rom.
82 1117 106 1164 9·
117 1100 142 1150 5.
151 1096 195 1156 los
212 1096 385 1158 subindioens
393 1097 509 1174 dicebat,
521 1103 569 1160 En·
580 1103 685 1181 quibus
703 1103 837 1162 Christus
849 1122 894 1162 se·

151 1193 279 1250 cundum
289 1212 418 1265 caram,
431 1198 483 1273 qui
493 1206 628 1274 estsuper
636 1198 736 1264 omnia
744 1196 834 1254 Deus.
842 1194 893 1257 vi-

150 1282 211 1343 den'
218 1282 443 1363 quomodoVetus
451 1286 579 1366 predicet
585 1288 799 1363 Testamentum,
806 1287 893 1346 aebo-

149 1371 371 1436 norum'radicem
383 1398 438 1438 esse
447 1378 573 1455 declaret,
583 1394 608 1439 et
617 1380 728 1439 senullo
735 1379 816 1440 modo
831 1402 893 1440 eon-

149 1468 265 1528 trarium
279 1489 335 1529 esse
351 1469 424 1550 legi?
444 1472 577 1551 siquidem
589 1493 624 1532 ex
640 1475 656 1535 J
660 1471 744 1533 ndaeis
759 1474 892 1535 bonomrn

150 1581 258 1621 cansam
271 1562 392 1622 omnium
404 1585 462 1624 esse
474 1564 551 1624 dicit.
565 1567 615 1625 25.
634 1566 692 1626 Sed
707 1569 794 1625 venit
806 1568 890 1642 liora,

149 1666 179 1711 et
189 1674 267 1712 nunc
275 1666 327 1726 est,
341 1657 460 1736 quando
470 1661 536 1716 veri
546 1659 716 1717 adoratores
726 1660 894 1718 adorabant

149 1745 282 1804 Patrem.
306 1746 395 1807 Vobis
416 1748 612 1827 prestantiores
631 1769 734 1825 sumus,
754 1744 926 1829 οιιιιιΙίιτιν,Β

149 1832 246 1913 inquit,
261 1836 287 1894 in
301 1834 431 1897 adorandi
442 1836 540 1921 modo:
554 1860 649 1898 rerum
662 1839 708 1899 hic
716 1841 806 1901 cultus
818 1841 893 1903 dein-

148 1946 210 2007 oeps
224 1926 305 1986 finem
320 1926 438 1988 hebebit.
450 1931 510 1988 Non
529 1929 600 1990 enim
618 1930 694 1990 locus
714 1945 826 2011 tantum,
846 1933 893 1994 sed

147 2018 229 2078 etiam
242 2018 338 2079 modus
346 2020 450 2080 colendi
461 2023 626 2083 mutabitur:
638 2038 664 2083 et
672 2023 771 2086 baeead
784 2028 892 2108 januam

147 2124 219 2169 sunt.
231 2114 316 2189 Venit
329 2113 400 2173 enirn
414 2117 498 2191 liora,
511 2130 539 2176 et
551 2138 628 2176 nunc
637 2130 689 2176 est.

186 2762 216 2820 n.
230 2760 302 2832 Quia
311 2760 383 2819 enim
400 2759 535 2841 prophetae
545 2760 631 2821 multo
640 2775 701 2821 ante
714 2777 833 2844 tempore
844 2765 888 2825 lo-
904 2771 923 2821 c

147 2852 305 2930 quirinum,
319 2850 347 2911 id
358 2852 409 2911 hoe
422 2851 481 2911 lou>
495 2851 591 2912 tollens
600 2850 678 2931 dicit,
695 2857 824 2915 Etanna
837 2871 889 2918 est.

149 2945 286 3025 Nepotes,
304 2945 402 3023 inquit,
421 2945 492 3004 hanc
509 2945 679 3026 prophetiam
692 2961 752 3028 post
773 2948 890 3009 multum

147 3050 253 3119 tenpus
267 3037 433 3120 implendam
444 3059 518 3098 esse:
533 3058 575 3097 res
584 3037 754 3114 eniminstnt,
768 3042 833 3102 etin
848 3043 890 3125 jn-

148 3131 209 3192 nuis
227 3146 278 3208 est,
302 3134 427 3211 Quando
446 3135 512 3191 ueri
530 3133 701 3193 adoratores
723 3135 891 3194 adorabunt

148 3226 268 3284 Patrem
279 3229 311 3283 in
329 3229 434 3304 spiritu
444 3238 473 3283 ct
483 3228 618 3283 veritate.
633 3225 703 3284 Cum
717 3225 790 3285 dixit
802 3249 889 3302 veros,

147 3338 210 3375 cunr
219 3317 394 3377 samaritanis
404 3317 514 3379 Judaeos
524 3316 637 3397 repulit,
650 3318 754 3377 etiamsi
768 3321 839 3379 enim
849 3320 891 3380 illi

146 3408 199 3467 sint
208 3409 251 3468 his
264 3409 398 3487 meliores,
413 3408 534 3470 venturis
546 3423 634 3468 tamen
648 3409 728 3490 longe
743 3425 806 3471 sunt
820 3413 889 3472 infe-

145 3499 239 3576 riores,
260 3514 287 3559 et
306 3515 438 3579 quantum
454 3501 552 3563 veritas
567 3502 655 3581 ligura
669 3503 764 3562 melior
782 3518 829 3564 est.
849 3509 890 3567 De

146 3591 268 3652 Ecclesia
279 3613 344 3653 vcro
358 3593 488 3672 loquitur,
498 3592 638 3671 quievero
658 3596 768 3675 Deoque
780 3617 889 3657 consen·

145 3698 222 3745 tnnm
241 3684 363 3745 odoratio
380 3685 429 3744 illa
445 3685 505 3766 ipsa
524 3699 572 3745 est.
596 3688 677 3746 Nam
700 3689 794 3747 Pater
814 3690 889 3750 tales

36 3837 43 3848 ,
145 3784 249 3861 quierit
266 3781 446 3839 adoratores.
461 3777 535 3857 Ergo
546 3778 569 3838 si
580 3778 646 3838 tales
658 3780 796 3859 querebat
810 3826 819 3858 ,
834 3803 888 3842 non

144 3895 179 3933 ex
192 3871 447 3954 voluntatepropria
459 3870 516 3930 illio
528 3871 595 3931 olim
604 3871 687 3932 talem
695 3875 825 3935 concessit
831 3896 889 3935 rno-
904 3875 923 3920 ὓ

144 3964 221 4042 dum,
233 3964 281 4024 sed
293 3985 329 4024 ex
341 3962 519 4043 indulgentia,
529 3976 559 4021 ut
578 3963 628 4022 bos
639 3964 720 4023 etiam
736 3965 889 4028 introduce·

15 4064 125 4137 nonum
145 4072 194 4118 ret.
203 4057 323 4130 Quinam
333 4076 397 4136 ergo
406 4053 530 4116 suntveri
538 4053 776 4128 adoratoresilQoi
784 4059 888 4120 cultum

8 4141 98 4183 ‘nim'
145 4172 198 4209 non
207 4150 267 4210 looo
279 4147 511 4224 circumscribunt,
532 4167 564 4206 ae
586 4149 675 4207 Deum
689 4148 717 4207 in
730 4149 828 4230 spiritu
842 4173 887 4211 co-

6 4253 119 4307 orn-ro
145 4241 330 4321 lun13sicutet
351 4240 454 4299 Paulus
466 4239 523 4298 ait:
541 4240 597 4299 Cui
616 4243 710 4299 servio
730 4244 762 4299 in
784 4247 888 4322 spiritu

8 4341 55 4385 bid·
68 4352 103 4385 ¹2·
116 4353 135 4386 ¹·
145 4356 218 4407 naen,
229 4340 261 4393 in
271 4335 423 4415 evangelio
434 4334 508 4392 Filii
518 4335 596 4414 ejus,·
607 4344 633 4391 et
643 4332 752 4408 iterum,
761 4336 886 4395 Obsecro

144 4448 209 4501 vos,
223 4441 255 4486 ut
265 4429 431 4486 exhibeatis·
441 4446 564 4506 corpora
583 4437 685 4484 vestra
695 4428 823 4486 bostiam
840 4433 886 4486 oi-

145 4514 269 4592 ventem,
300 4520 365 4578 Deo
392 4519 566 4599 placentem,
598 4520 776 4578 rationabile
807 4523 887 4579 obse·

142 4616 245 4693 quium
256 4622 396 4675 vestrum.
413 4609 483 4668 Cum
495 4622 586 4668 etitem
602 4609 678 4687 dicit,
692 4610 741 4670 24.
762 4611 885 4692 Spiritus

142 4704 285 4774 estDeus,
297 4700 367 4760 nibil
376 4698 452 4758 aliud
465 4719 547 4778 quam
567 4700 754 4781 incorporeum
775 4701 884 4781 signifi-

142 4811 195 4859 cat.
213 4799 326 4878 Oportet
338 4793 423 4874 igitur
433 4792 583 4873 incorporei
593 4792 698 4852 cultum
705 4793 786 4852 etiam
804 4793 884 4853 talem

141 4914 207 4969 esse,
220 4905 246 4952 et
257 4911 307 4973 per
321 4887 349 4947 id
363 4885 437 4967 quod
451 4886 638 4967 incorporeum
649 4887 684 4946 in
701 4887 778 4948 nobis
793 4902 832 4948 est
843 4890 884 4948 os·

141 4993 203 5055 ferri
209 5016 219 5072 3
233 4991 262 5052 id
274 5005 322 5069 est,
332 5011 381 5072 per
392 4987 512 5047 animam
524 5000 550 5046 et
563 5009 611 5068 per
619 4989 717 5048 mentis
726 4989 880 5069 puritatem.

173 5174 187 5213 (Ι
199 5170 285 5224 Morel.
298 5174 336 5226 abo
347 5177 453 5238 λογισμὸν
463 5177 528 5228 riae.

172 5270 183 5294 ¹
195 5249 241 5307 Alli
253 5260 327 5320 clrior,
338 5257 432 5318 ἀληθιὶᾳ
443 5253 468 5304 oi
480 5251 616 5326 aureiliale.
