3750 5940
255 402 290 451 ru
315 403 542 453 cnsuaunau
569 404 613 452 nr
638 403 672 450 ιν
702 403 925 473 nnuaaonnu,
953 407 1030 456 arc.
1354 382 1425 476 845

61 524 124 586 ίστιι
138 526 242 585 ἐνεκεντ
258 525 343 596 ίσθην.
358 530 461 594 Καλῶς.
483 526 530 599 Μὴ
543 524 632 606 όψηλδ
686 544 762 601 nans,
775 539 801 585 et
813 525 863 587 hos
873 526 978 608 pudore
990 526 1119 588 afficiens.
1133 529 1172 587 Ne
1181 527 1328 594 extollaris.
1341 529 1427 607 Quod
1437 549 1497 596 lusu.
1510 567 1530 596 ,,
1542 548 1579 598 ,8,

62 603 152 685 potat.
166 607 201 665 Et
220 549 300 685 γδρθ
317 605 385 673 Θεδς
400 611 452 664 τῶν
470 606 539 665 κατα
555 603 633 685 φόσιν
686 607 713 661 si
722 604 870 684 gloriaris,
882 627 942 666 ποιι
955 607 1128 666 turudicem
1165 619 1254 679 ortas,
1270 609 1323 666 sed
1338 608 1427 666 mdix

61 683 167 754 ιείσατο,
175 683 271 761 μήπως
281 684 340 745 οόδὲ
353 691 398 744 σοῦ
427 685 537 758 είαηται.
547 681 634 743 Βλέπε
687 695 725 740 tc.
738 684 810 754 Quia
821 685 933 764 gentiles
944 685 1090 746 adversum
1099 688 1116 747 J
1118 628 1209 745 udieos
1219 686 1427 758 extollebantur,

61 762 150 842 φωνὴν,
167 763 248 842 βλέπε
263 708 440 834 ἀποστολικδν
454 762 557 844 νευράν,
573 761 632 840 βλέ-
687 761 762 839 quod
775 762 816 821 illi
832 777 861 822 ut
884 763 984 824 Christi
1006 764 1109 824 inimici
1119 764 1225 824 'exsecti
1244 779 1341 840 essent,
1360 764 1427 823 dum

61 841 306 979 τειὶπρόρριζονδτὴν
318 841 485 981 φγλωεγγιίαιγ,
499 841 634 979 κγἰκείνοέφ
685 840 732 977 {sti
749 863 797 932 per
815 842 997 981 clpgniitionem
1008 845 1066 923 ejus
1084 843 1309 982 vociilcswm'
1323 842 1378 902 illis
1390 843 1429 980 it}

63 944 80 978 κ
359 944 382 977 V·
579 966 585 979 .
963 946 969 979 2

61 944 361 1080 ffli‘aiiiii
374 922 632 1078 ωιέαέἶῖέὲλη
686 933 823 1058 ,ttt‘tl
839 925 1129 1061 ’ὲὲιλῖ-Ξείίῦόλῖ
1138 935 1528 1082 suniiaii‘li'220u...
1543 1026 1578 1072 1..

61 1078 85 1150 δὴ
95 1084 119 1138 οἱ
130 1079 157 1147 ἐξ
167 1081 246 1138 ἐθνῶν
252 1083 454 1159 κατεκαυχῶντο
463 1085 508 1138 τοῦ
516 1079 635 1160 Ἰσραὴλ,
686 1081 810 1136 inserar.
823 1079 943 1159 Benigne
954 1080 1085 1140 assentior
1100 1079 1160 1152 tibi,
1172 1080 1287 1160 probam
1299 1079 1374 1138 tdam
1388 1101 1428 1139 ie

61 1181 74 1214 ν
88 1156 131 1216 διδ
150 1156 198 1228 τὴν
215 1160 252 1224 είς
269 1158 384 1240 Χριστὸν
397 1156 543 1236 θεομαχίαν
557 1162 632 1218 ἐκκο-
686 1156 854 1236 sponsionem
867 1159 981 1240 accipio,
1003 1159 1086 1218 Bene.
1103 1159 1158 1218 Sed
1171 1160 1243 1218 Noli
1261 1159 1357 1233 altum
1376 1179 1427 1218 sa·

61 1261 71 1292 ν
86 1235 114 1296 δέ
127 1236 171 1296 διὰ
184 1236 232 1309 τὴν
249 1239 345 1316 γνῶσιν
360 1237 570 1309 ἀνακλῃθέντων,
587 1236 634 1296 λέ·
685 1256 763 1315 pere,
781 1238 834 1295 scd
845 1241 922 1296 tinec.
934 1238 966 1297 Si
977 1242 1060 1306 enim,
1075 1240 1156 1298 Deus
1176 1239 1363 1297 naturalibus
1377 1258 1427 1296 ra·

61 1313 93 1382 θς
111 1321 232 1375 τοσοῦτον
247 1315 468 1397 θρασυνομένους,
487 1318 528 1375 ot
539 1314 571 1374 σὺ
584 1315 633 1388 τὴν
687 1319 742 1374 mis
752 1336 812 1373 non
820 1320 959 1395 pepercit,
972 1338 1008 1375 ne
1014 1319 1094 1396 forte
1105 1337 1158 1376 nee
1170 1320 1224 1375 tihi
1231 1330 1344 1395 parcat.
1357 1315 1429 1375 Eum

61 1417 108 1466 εις,
123 1396 181 1454 ἀλλ’
193 1399 209 1466 ἡ
223 1394 281 1475 ῥίζα
295 1417 334 1452 σε.
350 1393 418 1454 Ἀλλ’
432 1398 511 1474 ἐρεῖς,
526 1393 633 1463 ἐξεκλά-
687 1394 735 1471 qui
748 1407 891 1453 ex‘natura
901 1395 1001 1455 nobilis
1007 1386 1080 1471 erat,
1095 1409 1203 1476 propter
1213 1394 1429 1455 incredulitatem

61 1472 106 1551 ίγιλ
120 1477 301 1554 ἐγκεντριαθῶ.
316 1473 352 1533 Ε’
388 1472 527 1554 ωμονοόσῃ
542 1473 631 1533 συντί-
650 1487 670 1534 lt
687 1472 780 1553 ejecit,
793 1487 819 1531 et
834 1487 859 1532 te
878 1474 1076 1554 superbientem
1099 1496 1146 1554 pio
1166 1488 1207 1534 ter
1227 1475 1297 1533 bane
1324 1474 1428 1554 impro-

63 1551 279 1690 φωγῇλγξέχομρί
288 1497 393 1688 suptili
404 1551 556 1690 εὐγνώῃρφνα
567 1551 633 1690 &ped
685 1551 795 1642 bitatem
810 1553 914 1644 ejiciet.
923 1553 960 1612 Et
972 1552 1036 1618 'vide
1047 1496 1184 1632 quomodo
1199 1574 1234 1647 εκ
1255 1553 1352 1612 timore
1364 1573 1428 1632 cou-

61 1656 133 1776 ξ’..π
149 1631 633 1791 ...θλάίλιῖίόῐλεῖιφείλίἕζ
687 1632 1150 1782 tltlit‘lttttdttttt
1158 1636 1426 1801 ίάᾚίίἱᾜόέιλῖ,
1439 1651 1578 1700 ¹⁶'‘¹·'·²²

61 1793 90 1847 οῦ
104 1789 237 1869 φείσηται.
247 1790 306 1893 ’Τὸν
321 1793 351 1849 ἐκ
365 1788 466 1892 φόσεως
476 1789 572 1869 ἔχοντα
584 1789 632 1862 τὴν
686 1788 834 1849 bonitatem
852 1789 880 1881 in
893 1803 930 1866 te,
947 1793 970 1882 si
986 1790 1115 1882 manseris
1127 1789 1155 1849 iu
1169 1790 1289 1881 bonitate
1300 1810 1377 1848 :nam
1398 1802 1428 1847 tu

61 1867 389 2026 ,ttttltillltatf
397 1868 632 2027 itltltlt‘lt
685 1889 792 2006 atttt
800 1868 1430 2030 tttllffltl¹lttl⁰lssltl¹¹ttttttt:

61 2025 156 2085 ,θάλλει
167 2026 210 2086 διὰ
222 2033 268 2086 τοῦ
280 2025 369 2106 φόθου.
379 2023 434 2087 Ἴδε
446 2017 489 2086 σόν
510 2027 629 2106 χρηστά·
686 2039 740 2104 get,
755 2025 801 2085 sed
816 2040 846 2085 ut
858 2041 999 2089 concertet.
1017 2030 1075 2094 ¹Cur
1088 2028 1207 2086 alienum
1228 2045 1310 2106 genus
1325 2025 1430 2085 curiose

61 2104 149 2182 τομίαν
171 2108 256 2165 Θεοῦ·
279 2105 323 2164 ἐπί
347 2103 395 2182 μέν
413 2103 472 2172 τοὺς
487 2105 630 2180 πεσόντας,
771 2105 837 2164 iris?
855 2109 907 2166 Pru
923 2107 980 2167 vita
1001 2120 1047 2165 tua
1067 2105 1175 2167 decerta
1186 2130 1193 2164 t
1206 2127 1270 2166 cura
1294 2105 1431 2183 quomodo

60 2182 76 2242 :l
94 2184 122 2242 δὲ
136 2183 179 2257 σὲ,
198 2182 381 2266 χρηστότητα,
396 2183 442 2244 ἐάν
456 2183 630 2266 ἐμμείνηςτῇ
709 2185 852 2243 enelactori
885 2185 982 2260 laceas,
993 2207 1026 2245 ne
1039 2185 1206 2245 nobilitatem
1222 2199 1295 2244 tuam
1309 2183 1431 2243 moribus

61 2261 118 2321 ἐπεὶ
137 2253 227 2321 καίσθ
249 2261 397 2342 ἐκκοπήσῃ.
416 2263 503 2322 Βλέπε
522 2268 579 2332 πῶς
592 2268 631 2323 τῶ
685 2263 847 2323 ementiaris.
905 2264 966 2325 'nde
983 2286 1042 2339 eos,
1062 2265 1109 2342 qui
1129 2286 1164 2325 ex
1184 2263 1330 2344 gentilibus
1343 2276 1429 2337 erant,

61 2341 176 2400 ονεικιάν
195 2341 336 2414 ἐκκόπτει,
353 2341 398 2400 καί
413 2342 568 2414 καθίστησιν
583 2324 631 2402 αό-
685 2341 842 2421 alloquitur.
858 2344 929 2404 Nam
942 2343 994 2402 laoc
1006 2343 1048 2403 illi
1062 2343 1341 2403 'actitabantzPaulus
1355 2340 1432 2400 nobis

61 2445 76 2489 ι,
88 2424 134 2479 οὐκ
143 2423 179 2487 είς
187 2421 218 2480 τδ
228 2423 392 2501 φιλονεικεῖν,
407 2422 466 2480 ἀλλ’
479 2424 515 2489 εἰς
524 2421 555 2482 τδ
563 2425 632 2500 ἀγω-
686 2421 784 2481 missus
793 2434 843 2497 est,
855 2442 909 2482 non
920 2365 1126 2500 vobis-Judaeis,
1138 2420 1186 2482 sed
1194 2442 1282 2502 praeco
1296 2419 1430 2500 gentibus

61 2499 150 2578 ιργάζῃ
166 2499 303 2580 ἀλλότριον
317 2498 405 2578 γένος,
421 2498 507 2580 Ὑπίρ
521 2505 569 2573 τῆς
584 2506 632 2574 σῆς
687 2498 758 2558 Huic
779 2500 840 2560 uoci
864 2500 965 2560 Paulus
983 2500 1092 2582 pietatis
1115 2501 1294 2581 pharmacum
1316 2499 1432 2577 salutare

61 2601 85 2648 ι,
100 2577 247 2638 σπούδασον
257 2582 314 2647 πῶς
326 2578 429 2659 ἀρέσεις
442 2582 481 2658 τῷ
495 2580 631 2660 εὐεργέτῃ,
687 2577 824 2655 admovet,
843 2592 869 2639 et
881 2580 939 2639 ait:
951 2581 1024 2640 Num
1037 2579 1071 2639 de
1084 2601 1127 2639 me
1140 2578 1312 2658 gloriamini?
1329 2576 1430 2653 Etiam,
1519 2620 1521 2627 ·

61 2679 64 2703 ι
77 2656 208 2735 εὐγένειαν
221 2656 265 2715 διδ
277 2660 329 2715 τῶν
343 2657 458 2736 τρόπεον.
478 2648 545 2716 Είτα
560 2659 631 2739 λέγει
648 2675 666 2722 n
685 2656 780 2717 doctor
792 2679 852 2717 sum
864 2672 962 2734 vester,
975 2679 1026 2719 non
1039 2658 1204 2721 ludaeorum.
1219 2657 1274 2717 Sed
1289 2656 1432 2716 discerem

61 2733 90 2794 πδ
105 2739 195 2794 ἐθνῶν.
218 2735 274 2796 Καὶ
295 2735 346 2815 γδρ
360 2743 436 2796 τοῦτο
453 2735 596 2819 προέφερον
607 2743 632 2799 οί
685 2749 809 2796 accurate
821 2760 827 2793 ι
838 2737 908 2796 Nolo
928 2736 1000 2796 enim
1022 2759 1072 2796 vos
1094 2737 1218 2815 ignorare
1242 2735 1337 2794 fratres
1359 2734 1433 2812 quod
1444 2754 1534 2799 πται,
1548 2752 1584 2802 m,

61 2817 112 2881 ίλος
128 2821 190 2891 ἡμῖν
200 2814 352 2887 ἀπεστάλη,
362 2817 409 2894 οὐχ
421 2820 482 2894 όμῑν
498 2824 552 2884 τοῖς
561 2817 629 2877 Ἰου-
688 2817 835 2893 Quamdiu
847 2836 912 2874 sum
924 2820 1053 2896 gentium
1064 2816 1224 2896 apostolus,
1239 2816 1433 2883 ministerium

61 2917 70 2952 ι
123 2891 305 2987 ζτοῐςγέθνισι.
320 2892 392 2975 Πρδς
402 2893 500 2966 ταόιην
515 2895 565 2967 τὴν
578 2919 632 2976 φω·
668 2915 780 2960 ‚mum
794 2895 1005 2985 honorificabo..
1028 2893 1105 2968 Quid
1124 2907 1175 2972 est,
1197 2893 1433 2973 Honorifioabo?

61 2893 124 3040 :dibi
135 2974 244 3052 ἁρμοζει
258 2972 397 3056 φάρμακον
413 2975 542 3112 σωτίιριον
558 2978 630 3035 εὐσε-
685 2973 859 3032 Gonlirmabo
867 2986 1047 3032 ministerium
1058 2994 1159 3047 meum,
1173 2970 1359 3031 confirmando
1369 2991 1433 3049 gen·

61 3074 103 3109 τι·
119 3052 156 3128 μὴ
169 3053 210 3109 ἐπ’
221 3051 280 3128 ἐμοὶ
290 3049 465 3129 σεμνόνεσθες
504 3051 531 3109 αί
539 3077 545 3090 ·
556 3056 629 3131 ὑμῶν
685 3065 736 3113 tes.
750 3052 806 3111 Gur
817 3051 977 3112 confirmat?
987 3052 1018 3116 Si
1029 3054 1174 3132 quomodo
1185 3051 1226 3108 ad
1234 3050 1433 3110 aemulandum
1443 3069 1502 3111 nia.
1512 3083 1533 3111 v.
1546 3065 1583 3128 ια

61 3130 91 3189 ,αλ
104 3131 163 3210 οὐχὶ
176 3128 319 3189 Ἰουδαίων.
334 3129 413 3190 ’litt
428 3130 495 3208 μάθε
507 3131 537 3190 τδ
551 3134 629 3211 ἀκρι-
683 3151 836 3210 provocem
845 3151 964 3189 carrum
974 3151 1078 3201 mam,
1085 3131 1184 3189 salvos
1183 3131 1305 3210 faciam
1315 3128 1358 3188 uli
1379 3148 1432 3187 uos

81 3207 132 3288 γδρ
150 3214 218 3286 ὑμᾶς
238 3211 353 3288 ἀγνοεῖν,
372 3209 494 3288 ἀδελφοὶ,
509 3209 549 3269 ότι
568 3211 629 3291 Ἐφ’
686 3230 723 3267 αα
737 3210 809 3268 illis.
826 3212 884 3270 Vos
893 3208 988 3281 laudo,
1002 3222 1033 3267 ut
1046 3208 1107 3268 illos
1120 3207 1155 3267 ad
1169 3207 1257 3266 zelum
1273 3149 1429 3266 accendam.

61 3312 71 3344 ν
85 3287 243 3361 ἀπόστολος,
252 3287 300 3358 τὴν
311 3288 444 3348 διακονίαν
458 3313 508 3366 μου
523 3288 630 3358 δοξάζω.
689 3287 737 3348 llis
747 3301 824 3349 utens
835 3287 925 3349 verbis
936 3287 1037 3347 Paulus
1050 3287 1188 3346 ardentem
1201 3285 1313 3345 illorum
1324 3299 1432 3344 conten-

61 3365 114 3434 άζω
121 3391 130 3440 ;
144 3368 264 3426 Συνιστῶ
275 3391 324 3445 μου
343 3366 392 3438 τὴν
409 3368 552 3442 διακονίαν,
567 3392 630 3428 συν-
686 3366 785 3426 tionem
798 3366 933 3448 reprimit,
944 3380 970 3425 et
981 3364 1150 3447 splendidam
1164 3365 1304 3426 veritatem
1314 3362 1431 3434 inducit,

61 3491 64 3504 .
80 3444 132 3504 Διά
144 3444 171 3503 τί
184 3451 329 3520 συνεστάθη
343 3437 435 3514 Είπως
445 3447 631 3528 παραζηλώσω
686 3444 820 3506 exscindit
828 3445 1034 3521 contentionem,
1045 3458 1071 3504 et
1082 3465 1240 3505 consensum
1248 3443 1368 3503 adducit.
1377 3441 1432 3503 Sed

61 3549 86 3597 ι,
101 3524 146 3583 καί
160 3523 238 3584 σώσω
249 3525 321 3592 τινας
331 3525 357 3595 ἐξ
366 3529 459 3586 αὐτῶν.
470 3526 557 3606 Ὑμᾶς
569 3533 643 3588 θαυ··
687 3523 725 3584 ad
738 3525 908 3608 propositum
922 3537 1100 3584 revertamur.

61 3603 137 3670 ιίνους
157 3605 193 3669 είς
215 3606 293 3674 ζῆλον
311 3604 418 3685 ἐνέγκω.
441 3606 493 3665 Καὶ
506 3606 632 3676 τοιοότοις

61 3682 189 3760 αίμασινδ
206 3684 329 3757 Παῦλος,
353 3684 525 3745 καταστέλλει
547 3710 630 3746 κατα-

61 3760 632 3922 ⁹diliililissiiidii‘iiiii‘

485 3891 493 3919 ν
589 3871 606 3906 ⁶
624 3880 633 3890 '

61 3919 158 3985 ,ονοίαα
173 3922 219 3987 Εἰς
232 3919 260 3978 δέ
274 3922 305 3980 τὸ
316 3923 487 4001 προκείμενον
502 3923 630 4004 ἔλθωμεν.
641 3968 684 4007 ,,,,,
1016 3964 1019 3973 =

69 3997 126 4075 ςμὴ
138 3998 228 4058 ἀδικία
238 3999 312 4079 παρα
323 4004 361 4059 τῦ
371 4004 434 4061 eeu
444 4026 451 4074 ;
461 4002 508 4075 Μὴ
520 4001 632 4082 γένοιτο.
651 4023 670 4067 a
728 4007 757 4063 ll.
784 4004 862 4081 Quid
879 4004 1033 4064 dicemus?
1044 4021 1113 4060 num
1132 4003 1273 4080 iniquitas
1292 4011 1336 4056 est
1352 4001 1433 4077 apud
1443 4018 1503 4060 riou.
1515 4017 1581 4074 κιο.

61 4082 91 4156 τῇ
103 4077 184 4156 λέγει,
195 4076 295 4148 niteo
305 4078 332 4137 θν
346 4058 376 4138 δν
388 4060 467 4155 θέλω,
481 4081 527 4141 καί
540 4085 634 4143 οἰκτει-
688 4085 806 4143 Deum?
821 4081 1039 4160 Absithoysi
1061 4083 1140 4139 carim
1159 4081 1231 4136 dicit
1246 4102 1255 4133 .·
1271 4079 1432 4136 Miserehor
1445 4077 1480 4124 15.

61 4156 163 4235 κτείρω.
186 4156 243 4227 Τὴν
255 4157 342 4237 φωνὴν
354 4159 452 4232 ταύτην
467 4163 573 4230 Παῦλος
584 4165 632 4222 οόκ
687 4165 771 4243 cujus
782 4163 951 4232 miserebor,
965 4173 994 4219 et
1003 4159 1233 4218 misericordiam
1248 4159 1395 4236 prestabo
1405 4161 1432 4214 ei

62 4235 152 4295 σώπου
163 4243 280 4309 ποεῐται·
297 4237 436 4298 ἀκολουθία
448 4239 499 4320 γάρ
514 4243 570 4300 ἐστι
584 4245 631 4312 τῆς
687 4245 770 4321 cuius
783 4243 945 4300 miserebor.
954 4238 1031 4298 Hanc
1041 4257 1135 4298 vocem
1148 4234 1248 4295 Paulus
1259 4255 1311 4293 non
1322 4254 1357 4292 ox
1371 4256 1432 4314 per-

61 4315 239 4392 ἱωματοποιεῖ
263 4315 348 4375 τοίνυν
371 4318 500 4378 ἀντίθεσιν
525 4321 631 4387 Παῦλος
688 4340 752 4381 sona
765 4340 813 4379 sua
846 4319 927 4377 rofert
941 4341 947 4375 :
963 4338 1025 4377 nam
1040 4329 1081 4375 est
1094 4314 1256 4374 antitheseos
1269 4334 1432 4391 consequen·

92 4398 145 4452 τῶν
175 4393 344 4473 μαχομένων.
377 4398 403 4454 Τ
405 4395 413 4453 ί
440 4401 566 4478 ἐροῦμεν,
592 4398 630 4477 μὴ
686 4399 735 4459 tia.
756 4340 910 4457 Antitltcsin
928 4416 992 4474 ergo
1012 4395 1112 4454 Paulus
1128 4393 1251 4452 efformet
1267 4414 1302 4451 ex
1320 4413 1433 4472 persona

72 4475 111 4550 τῷ
133 4475 196 4531 eeu
216 4472 271 4551 (μὴ
291 4472 409 4551 γένοιτο)
423 4475 534 4557 λέγοντι,
548 4480 630 4538 Ἔλε-
688 4477 862 4558 litigantium.
886 4477 965 4554 Quid
979 4476 1129 4533 dicemus?
1144 4493 1214 4531 num
1230 4474 1373 4552 iniquitas
1391 4486 1433 4531 est

61 4550 123 4624 ιλω,
146 4532 192 4609 καί
214 4552 371 4633 οἰκτειρήσω
394 4554 422 4613 δν
448 4555 479 4614 δν
494 4557 632 4638 οἰκτείρω
689 4558 770 4638 apud
778 4558 875 4615 Deum
884 4555 1076 4629 (Aesimum
1090 4551 1169 4624 dicit,
1182 4553 1434 4632 Miserehorcujus

64 4633 92 4688 οὐ
128 4638 217 4689 πᾶσαν
241 4631 395 4692 ἀκολουθίαν
421 4633 518 4695 ἔλαόε·
541 4637 571 4695 τὸ
593 4637 632 4709 δέ,
690 4638 846 4696 ntisercbor
865 4646 893 4694 ct
906 4633 1136 4694 misericordiam
1149 4633 1295 4710 prestabo
1312 4633 1339 4687 ei
1352 4633 1435 4711 cujus

68 4708 222 4810 παρένθεσίς
244 4713 310 4770 ἐστι.
329 4711 397 4790 Πρλν
418 4713 468 4793 γάρ
484 4714 634 4787 tristitudo
691 4717 867 4775 miserebor?
880 4711 1020 4772 antithesis
1043 4710 1091 4768 illa
1109 4731 1162 4769 uon
1175 4721 1259 4768 totam
1273 4729 1435 4786 consequen·

61 4791 146 4854 ιύθεως
160 4787 292 4850 ἀνέστειλε
304 4790 352 4862 τὴν
371 4793 551 4873 βλασφημίαν.
577 4793 635 4854 Ἵνα
690 4795 756 4854 tiam
766 4789 971 4873 acoepit2illud
985 4802 1086 4862 autem,
1098 4789 1199 4860 Absit,
1231 4788 1434 4848 arentbosisest.

61 4888 88 4946 up
110 4866 216 4947 ἐξετάσῃ
232 4870 263 4930 τὸ
281 4869 377 4946 νόημα,
396 4872 537 4952 προλαόὼν
555 4897 635 4933 κατα·
691 4877 842 4950 Antequam
866 4872 937 4931 enim
965 4867 1161 4930 contentionem
1186 4810 1321 4938 solveret,
1345 4865 1436 4925 statim

61 4953 80 5004 νῦ
102 4948 186 5019 Θεοῦ,
207 4949 395 5030 παρεντίθησιν
409 4955 444 5019 ὡς
455 4953 532 5031 σοφδς
549 4952 637 5032 ἰατρδς
692 4951 847 5032 compressit
855 4948 1062 5031 blasphemiam.
1074 4949 1114 5007 Ne
1122 4947 1194 5025 quis,
1203 4944 1270 5004 dum
1279 4945 1437 5005 sententiam

61 5024 186 5103 γγένοιτο,
197 5025 240 5086 ίνα
251 5031 284 5099 τῆ
297 5028 473 5108 ἀπαγορεύσει
483 5039 528 5091 τοῦ
540 5031 635 5111 δυσφή-
692 5031 870 5106 examinaret,
887 5028 981 5089 interoi
1002 5027 1070 5098 iens,
1084 5028 1174 5084 Deum
1192 5023 1392 5094 condemnaret,
1408 5037 1438 5081 ut

61 5092 332 5184 *daemomonia-lv
354 5110 487 5181 ἀλήθειαν.
510 5109 545 5170 ‘0
561 5114 637 5170 ἀνθι-
693 5111 799 5193 sapiens
819 5107 952 5184 medicus,
966 5049 1049 5183 illud,
1071 5105 1171 5176 Absit,
1197 5101 1306 5177 inserit,
1321 5115 1352 5160 ut
1371 5100 1440 5160 dum

61 5182 173 5262 τόφησι·
189 5186 305 5267 περὶτοῦ
316 5179 568 5250 ’1ακόιῦείπε·Τδν
582 5189 638 5250 Ἰα·
693 5187 891 5270 blasphemiam
919 5185 1024 5267 abjicit,
1048 5184 1189 5246 veritatem
1217 5193 1326 5253 statuat,
1347 5195 1439 5240 contra
