3750 5940
49 501 58 519 .
87 470 229 524 cxxxiii.
256 446 305 522 al.
332 472 462 525 aruir.
773 444 843 521 56³

100 616 146 657 aa.
173 598 321 678 Antequam
335 598 424 681 gallus
442 606 581 675 cautaret,
593 593 630 656 ad
640 593 776 678 caipham
790 593 845 656 dri·

99 687 181 764 citur,
191 710 271 751 mane
284 689 321 751 ad
341 690 469 752 Pilatum.
483 687 567 765 Queis
579 684 696 749 ostendit
708 687 845 768 evaugeli-

99 781 276 861 sta,amadia
285 795 374 860 nocte,
385 780 633 866 semperaCaiplm
641 779 845 861 interrogatum,

47 883 50 927 :
99 875 128 935 in
141 874 218 935 nullo
231 875 386 938 convictum
397 876 496 937 fnisse:
508 872 709 955 ideoquemisit
717 872 797 933 illum
809 870 845 933 ad

47 1002 50 1023 .
100 966 228 1027 Pilatum.
249 966 305 1029 Sed
327 967 376 1030 illa
399 967 460 1029 aliis
481 968 608 1045 mittens,
629 965 690 1049 ipse
707 964 846 1047 sumentia

47 1104 49 1124 .
99 1074 199 1120 narrat·
225 1060 416 1123 Animaduerte
436 1074 527 1123 autem
551 1080 633 1143 mmm
655 1056 767 1119 ridiculi
790 1058 846 1119 sint

47 1183 49 1190 ν
64 1164 83 1210 Β
100 1150 199 1215 Judai.
213 1154 358 1215 innocente
370 1168 458 1237 capto,
473 1152 570 1214 armati
581 1151 610 1213 in
621 1150 778 1235 punitorium
790 1170 845 1211 non

47 1286 49 1306 .
99 1244 210 1325 intrant,
219 1247 259 1306 Ut
270 1250 613 1307 aoncontamiaarentur.
624 1243 708 1324 Atqui
713 1264 844 1325 quaeoou·
852 1274 880 1321 J„

47 1366 50 1377 ·
99 1333 879 1421 taminatio,ingrediinpratoriuminquopoeuasdantvp

47 1456 51 1469 ·
99 1428 225 1488 scelesti?
247 1429 303 1503 Qui
326 1429 497 1491 decimabant
516 1427 653 1489 mentham
668 1417 880 1511 etanetliumffl

47 1540 50 1574 t
99 1523 197 1605 injuste
218 1523 368 1585 occidentes
386 1546 414 1585 se
427 1522 605 1584 contaminari
624 1544 678 1583 nou
692 1522 880 1605 putabantpi

47 1643 50 1652 ·
99 1629 192 1676 eontra
209 1638 274 1678 veru
287 1617 315 1677 in
330 1617 486 1700 qoraetorium
503 1616 640 1677 intrantes.
654 1616 709 1677 Sed
725 1636 775 1677 cur
791 1615 845 1699 ipsi
855 1592 880 1635 ι’

47 1723 51 1769 t
98 1730 161 1769 oum
174 1731 227 1769 non
247 1709 419 1783 occiderunt,
433 1709 481 1771 ned
494 1708 531 1770 ad
549 1710 669 1771 Pilatum
682 1707 846 1770 dumne?

47 1824 49 1834 ·
99 1806 161 1867 Jam
174 1805 291 1865 multum
305 1804 372 1887 ipsis
383 1805 419 1865 de
428 1804 547 1888 potentia
560 1802 634 1865 etde
648 1803 763 1886 imperio
774 1802 846 1863 detri-

47 1918 51 1929 ·
99 1917 160 1956 sum
178 1911 245 1973 crat,
264 1918 328 1957 cum
348 1897 477 1958 Romanis
497 1896 589 1957 omnia
606 1896 727 1979 subjecta
747 1908 844 1957 esseut.

47 2023 49 2036 ι
99 1987 228 2068 Alioquin
241 2009 306 2052 veto
324 1988 456 2050 timebant
469 2011 503 2050 ne
521 2009 613 2072 peenas
626 1987 678 2071 ipsi
694 1986 790 2049 darent
810 1988 847 2050 ab

47 2103 49 2112 ¹
100 2079 148 2140 illo
161 2082 289 2143 accusati.
299 2081 375 2155 Quid
387 2081 440 2143 sibi
454 2082 516 2143 vult
530 2079 612 2160 illud,
628 2084 667 2142 Ut
682 2080 845 2143 manducau-

47 2173 84 2221 ·G
99 2186 165 2232 rent
177 2176 322 2234 Pascha?
332 2174 416 2255 Atqui
435 2171 506 2233 illud
518 2175 577 2255 jam
586 2172 712 2234 Christum
728 2172 847 2233 celebra

47 2282 51 2293 ·
100 2277 174 2324 verat
184 2286 237 2325 una
250 2264 296 2325 die
312 2286 479 2348 azymorum.
488 2264 543 2329 vel
556 2264 660 2327 Pascha
672 2262 752 2328 vocat
761 2276 847 2325 totam

47 2374 53 2386 ·
99 2355 303 2436 solennitatem
329 2356 373 2418 vel
395 2357 449 2439 ipsi
475 2370 535 2417 tum
557 2355 660 2417 Pascha
689 2354 846 2435 iaciebant3

47 2459 52 2503 ἰ
101 2450 225 2511 Christus
237 2471 302 2510 vero
321 2448 411 2533 pridie
425 2450 532 2525 lecerat,
548 2448 649 2510 eadum
662 2468 739 2509 suam
751 2446 780 2509 in
794 2469 846 2531 pa·

47 2576 49 2592 =
99 2563 225 2602 rasceven
240 2562 391 2619 reservans,
406 2561 461 2621 quo
474 2539 519 2601 die
531 2540 599 2601 olim
611 2540 715 2601 Pascha
729 2539 848 2600 celebra·

47 2654 50 2664 ·
99 2635 188 2695 batrrr.
202 2633 258 2716 lpsi
272 2655 336 2695 vero
350 2632 417 2693 dum
430 2655 505 2693 anua
519 2646 631 2712 gestant,
646 2632 721 2713 quod
739 2652 792 2691 non
811 2630 846 2690 li-

47 2736 48 2746 *
100 2727 186 2801 cubat,
196 2741 222 2785 et
237 2725 305 2786 dum
314 2725 473 2805 sanguinem
485 2724 638 2800 effundunt,
648 2722 753 2784 deloco
767 2744 847 2783 accit·

47 2831 51 2860 t
99 2833 156 2879 rate
180 2831 285 2895 cavent,
307 2830 332 2875 ot
355 2817 474 2876 Pilatum
493 2816 530 2877 ad
559 2838 588 2877 sc
615 2827 753 2877 evocant:
775 2814 845 2895 qui,

47 2942 49 2959 .
99 2930 221 2989 egressus
236 2907 294 2967 ait:
309 2910 359 2967 Ἃ).
381 2910 476 2985 Quam
488 2912 705 2969 acematioaem
723 2909 846 2999 asserqis

47 3014 49 3043 ὲ
99 3002 239 3060 adamus
253 3001 401 3058 homiaem
415 3000 514 3060 lunc?

65 3280 87 3328 Ι)

47 3508 49 3520 .
107 3488 112 3497 ·
140 3460 169 3518 l.
186 3454 287 3521 Viden'
299 3456 454 3537 eomlongo
465 3455 502 3516 al>
518 3455 630 3517 illorum
650 3454 798 3535 ambitione
816 3468 845 3516 et

100 3549 205 3610 invidia
220 3550 373 3610 remotum?
386 3548 491 3614 Videas
501 3548 573 3609 enim
582 3548 803 3627 illuminatum,
818 3562 845 3609 et

47 3681 49 3690 ι
100 3644 135 3702 ab
149 3642 376 3720 illisadductum,
397 3663 449 3702 non
472 3640 641 3702 existimavit
662 3640 845 3702 indubitatam

47 3786 48 3795 ,
99 3759 156 3796 esse
165 3737 309 3796 accusandi
324 3758 446 3812 caiusan13
460 3735 508 3795 sed
522 3735 676 3813 intermutat,
695 3735 844 3795 altsiirdunr

100 3850 157 3888 csse
172 3828 264 3889 dicens
283 3828 357 3907 qnod
371 3828 423 3901 illi,
437 3826 577 3909 praemisso
595 3824 713 3905 judicio,
738 3826 844 3906 suppli-

47 3972 49 3988 ,
101 3920 174 3980 cium
184 3920 219 3979 ab
232 3943 260 3980 se
283 3919 456 4000 sinejudioio
478 3915 641 3979 sumendum
667 3915 843 3997 postularent.

47 4043 49 4061 ·
101 4012 176 4088 Quid
189 4033 253 4091 ergo
267 4010 328 4071 illi?
339 4013 389 4070 50.
402 4012 434 4070 St'
444 4031 503 4068 aon
513 4022 586 4069 esset
597 4010 647 4068 tte
654 4008 842 4090 malefactor,

47 4146 49 4154 i
101 4126 161 4162 non
175 4107 228 4163 tibi
240 4104 460 4162 tradidissemus
471 4122 548 4161 eum.
564 4101 590 4159 0
609 4097 767 4160 stultitiam!
789 4100 845 4159 Cur

99 4197 203 4255 lacinus
219 4193 290 4253 illud
300 4214 354 4253 non
367 4192 467 4266 dicitis,
478 4191 531 4251 aed
547 4190 694 4271 obtegitis?
711 4191 778 4271 qnid
790 4213 844 4251 non

99 4288 202 4347 malum
216 4283 346 4367 aperitis?
361 4283 458 4346 Vidcn’
475 4283 538 4343 illos
551 4304 656 4365 semper
668 4302 791 4343 morsare
801 4305 844 4344 re·

65 4394 168 4448 actam
189 4376 334 4438 accusandi
352 4376 435 4450 viam,
459 4395 507 4434 nec
530 4372 672 4455 quidpiam
695 4372 844 4436 dicundum

98 4472 304 4530 halrcrellnna
313 4469 348 4529 de
358 4468 479 4528 doctrina
488 4479 660 4549 qmroonutus
669 4467 845 4543 esuetillum

97 4563 233 4639 auditum,
251 4562 325 4621 misit
349 4561 386 4621 ad
400 4560 543 4642 Ca'ipham.
564 4558 617 4619 llic
639 4558 845 4641 interrogatum,

98 4679 161 4716 cum
180 4656 251 4715 nihil
275 4654 429 4729 inuenisset,
445 4652 520 4712 misit
536 4651 572 4712 ad
588 4652 718 4712 Pilatum.
740 4653 846 4714 Pilatus

96 4751 173 4825 dicit,
186 4753 281 4829 Quam
291 4752 510 4808 accusationem
519 4749 640 4830 affertis
649 4760 753 4808 contra
764 4754 847 4808 mm?

96 4845 189 4921 Neque
206 4842 252 4901 hic
275 4840 377 4900 habent
391 4837 459 4920 quid
481 4837 670 4920 respondeant,
688 4837 737 4899 sed
756 4840 844 4921 conja-

114 5031 128 5071 ἃ
145 5031 293 5096 Suspicatur
310 5024 388 5081 Savil.
408 5024 450 5077 tna
468 5004 601 5094 legendum
618 5033 707 5080 ἐκεῖνον.
720 5024 750 5090 [i
765 5024 803 5079 eis
814 5018 841 5078 t.

82 5120 159 5170 latinos
167 5107 231 5160 Col.
241 5107 312 5174 709]

114 5201 123 5222 ‘
142 5200 262 5259 κέχρηνται
275 5194 342 5242 πάλιν
353 5184 423 5236 deest
435 5186 460 5235 iu
472 5181 631 5251 quiluistlaui.
