3750 5940
12 580 36 655 ἵ,

11 1102 49 1149 ¹9·

228 293 252 337 r·
286 288 287 296 ,

157 422 232 519 ’478
501 445 531 492 s.
558 443 697 493 ioannis
723 440 908 492 cantsos'r.
936 486 937 489 ,

160 567 193 627 lit
221 566 376 644 elationem,¹
395 566 769 645 dioeneruanturncumque
789 572 937 645 magnust]

156 658 207 734 sis,
218 679 272 719 non
285 657 366 718 debes
381 679 443 739 erga
464 659 574 719 fratrem
589 658 675 718 altum
697 678 797 738 sapere.
813 659 905 736 Neque

56 795 59 800 ·
156 751 232 812 dixit
238 748 268 812 id
282 752 356 832 quod
366 754 454 834 majus
463 766 535 812 erat:
556 752 587 811 Si
598 772 647 831 ego
661 750 806 832 prnditoris
823 749 905 832 pedes

159 843 225 920 lavi,
237 844 305 925 quid
318 867 457 926 magnum,
471 845 495 905 si
513 866 564 905 vos
588 844 723 904 sociorum
735 843 818 926 pedes
832 843 904 904 lare·

159 935 216 996 tis?
226 936 274 997 sed
287 959 350 997 cum
360 937 413 998 hoc
427 938 513 1019 reipsa
529 937 706 1010 exhibuisset,
722 936 751 996 itl
771 949 903 1018 spectato·

12 992 99 1075 ³th-
109 1027 134 1076 5·
160 1050 222 1088 rum
229 1028 334 1116 judicio
342 1029 461 1108 reliquit.
476 1029 540 1089 ldeo
554 1028 670 1103 dicebat,
688 1029 745 1105 Qui
748 1029 860 1110 feccrit
875 1040 903 1086 et

156 1123 300 1193 docuerit,
313 1123 494 1202 hicmagnus
507 1124 673 1181 vocabitur.
689 1118 746 1178 Hoc
760 1120 831 1179 enim
840 1141 904 1179 rere

158 1211 255 1272 docere
268 1226 318 1287 est,
333 1234 395 1273 eum
402 1235 450 1295 per
459 1234 539 1295 opera
550 1211 670 1272 docetur.
682 1211 771 1283 Quem
781 1211 853 1270 enirn
862 1213 902 1271 ia·

158 1317 232 1364 stum
244 1304 296 1365 hoe
304 1326 357 1365 non
368 1296 462 1364 tollat?
470 1327 553 1384 qnam
564 1326 617 1365 non
626 1303 806 1383 arrogantiam
819 1317 845 1362 et
855 1326 903 1363 su·

157 1395 280 1477 perbiam
296 1396 450 1477 deprimat?
467 1392 523 1469 Qui
547 1397 620 1457 sedet
640 1416 722 1476 super
744 1395 902 1468 Cherubim,

118 1565 128 1570 ..
157 1487 304 1568 proditoris
312 1489 394 1570 pedes
402 1489 483 1568 lavit3
498 1504 528 1549 tu
538 1511 612 1563 vero,
634 1487 672 1547 mi
689 1488 782 1564 homo,
801 1487 849 1566 qui
866 1487 903 1547 ei·

109 1583 126 1651 j
158 1579 211 1655 nis,
223 1593 293 1641 terra
305 1594 330 1640 et
341 1581 431 1662 pulvis
450 1603 487 1658 es,
509 1582 626 1663 teipsum
642 1579 750 1640 extollis
763 1592 790 1638 et
816 1579 903 1638 altum

96 1673 100 1681 '
157 1670 249 1752 sapis?
264 1662 347 1752 ecqua
358 1673 479 1753 gehenna
492 1673 592 1754 dignus
605 1693 659 1732 non
673 1671 778 1731 fucris?
789 1670 902 1743 Quodsi

87 1770 90 1776 ’
156 1764 226 1823 altos
249 1783 343 1825 sensus
364 1765 463 1847 rapias,
483 1764 598 1846 egotibi
624 1762 781 1824 monstrabo
803 1763 878 1823 viam
894 1785 938 1835 :g

81 1866 86 1882 ⁴
155 1854 225 1934 quid
244 1857 316 1915 enim
336 1858 372 1917 sit
395 1856 511 1937 ignoras.
536 1857 592 1932 Qui
619 1857 701 1916 rebus
727 1854 904 1936 praesentibus

154 1950 235 2029 quasi
250 1952 357 2032 magnis
366 1951 462 2030 haeret,
477 1953 523 2012 hin
533 1952 597 2013 vilis
611 1966 637 2010 et
645 1950 741 2031 abjecti
754 1964 792 2009 est
803 1949 899 2008 animi.

156 2042 252 2123 ltaque
283 2063 369 2124 neque
396 2044 535 2105 humilitas
559 2058 597 2104 est
626 2045 684 2104 sine
715 2042 901 2122 magnitudine

151 2134 240 2194 animi
247 2158 257 2211 ;
291 2156 378 2215 neque
407 2137 558 2218 superbia,
586 2137 642 2197 sine
667 2134 901 2216 pusillanimitate.

153 2228 394 2302 vQuemadmodum
417 2231 490 2289 enim
512 2229 618 2312 pueruli
645 2229 747 2290 vihhus
770 2229 900 2306 inhiant,

156 2323 280 2402 spbaeris,
292 2323 403 2401 trochis,
417 2324 609 2404 talis,'magna
622 2344 685 2384 vero
699 2322 903 2402 recogitatione

155 2411 267 2491 quidem
281 2435 375 2496 capere
384 2429 496 2497 possunt
508 2440 515 2473 :
528 2417 567 2476 sic
581 2429 607 2475 et
620 2434 693 2474 nunc
710 2415 758 2494 qui
779 2414 901 2495 philoso-

94 2564 95 2568 ,
155 2505 265 2586 phatur,
279 2508 419 2588 prasentia
429 2509 499 2569 nihil
512 2508 700 2583 existimabit(
714 2528 766 2566 non
776 2527 840 2586 ergo
854 2508 900 2567 illa
907 2557 937 2599 tt*

155 2597 256 2659 habere
270 2601 313 2662 rel
327 2602 363 2660 ab
373 2601 428 2661 alio
438 2602 545 2682 assequi
558 2601 695 2684 optabit);
710 2599 758 2679 qui
772 2621 836 2659 vero
847 2622 899 2660 non
918 2587 937 2662 ΔΙ

156 2692 372 2776 philosophatur,
401 2709 493 2755 contra
512 2696 636 2773 aflectus,
653 2693 768 2770 araneis,
788 2695 900 2770 umhrae,

104 2864 107 2865 ⁷
152 2785 267 2853 somniis
276 2801 302 2846 ct
313 2787 457 2848 vilioribus
477 2789 559 2848 rebus
584 2787 705 2848 herebit.
723 2790 770 2846 16.
786 2786 897 2859 Amen,

154 2898 242 2936 aaran
251 2880 427 2940 dicooobis:
439 2895 548 2939 nonest
559 2900 659 2939 servus
672 2880 899 2961 major‘domino

143 2982 206 3030 ‘suo
214 2995 226 3041 ,·
244 2992 338 3053 neque
364 2975 516 3053 apostolas
530 2977 627 3055 major
646 2986 689 3032 est
704 2994 737 3031 eo
757 2976 808 3052 qui
822 2976 901 3031 misit

152 3086 229 3125 enm.
244 3068 293 3125 l'l.
305 3067 337 3128 Si
349 3068 412 3128 ltaec
431 3072 522 3139 scitis,
540 3071 618 3126 beati
631 3071 711 3126 eritis
723 3070 749 3126 si
762 3068 900 3148 feceritis

153 3180 198 3218 aa.
225 3159 274 3220 18.
290 3162 410 3220 Nande
424 3164 557 3221 omrribns
583 3165 668 3220 vobis
693 3163 768 3235 dico,
790 3163 843 3220 sed
866 3173 897 3219 ut

152 3254 314 3333 impleatur
338 3255 488 3335 Scriptura
504 3278 513 3310 .·
528 3257 585 3332 Qni
606 3255 765 3312 manducat
790 3276 897 3334 panem

155 3366 281 3419 mecum,
298 3347 408 3404 levavit
423 3348 596 3405 calcaneum
610 3368 695 3405 suam
719 3361 822 3405 contra
839 3369 893 3406 me.

153 3435 187 3494 ld
201 3436 275 3513 quod
287 3437 411 3518 superius
425 3437 506 3513 dixit,
522 3438 679 3516 hicquoque
695 3439 800 3518 repetit,
808 3454 837 3498 ut
855 3462 897 3498 ro·

152 3525 276 3606 darguat.
296 3530 368 3588 Nam
392 3530 416 3588 si
438 3550 490 3588 non
510 3542 549 3588 est
567 3550 662 3589 servus
685 3531 771 3608 major
787 3530 897 3591 domino

152 3641 212 3693 suo,
228 3625 314 3699 nequ'e
326 3622 462 3702 apostolus
476 3623 561 3702 major
574 3643 605 3680 eo
619 3621 666 3699 qui
688 3621 761 3680 misit
787 3623 894 3702 ipsnm;
916 3626 934 3671 Β

148 3728 178 3772 et
191 3714 213 3773 si
228 3715 308 3774 hoca
322 3737 365 3774 me
385 3717 487 3774 iactum
507 3730 545 3775 est
557 3740 563 3772 :
577 3716 760 3796 multomagis
780 3739 796 3776 a
818 3719 897 3778 vobis

151 3806 200 3868 frat
213 3821 326 3888 oportet.
341 3807 457 3884 Deinde,
475 3808 582 3887 nequis
597 3808 841 3869 dice1·ct:Curhoc
854 3811 896 3870 di·

151 3898 210 3959 cis?
230 3921 302 3959 nunc
321 3901 394 3969 enim
422 3901 572 3960 nescimus:
589 3902 641 3961 hoc
664 3902 754 3982 ipsum
774 3903 894 3984 adjecit:

151 3992 212 4051 Non
229 4006 259 4050 ut
267 3993 456 4072 ignorantibus
466 3994 524 4052 haec
538 3994 600 4053 dico
608 4017 616 4069 ;
630 3994 676 4053 sed
693 4009 723 4052 nt
737 4017 786 4075 per
805 4017 895 4076 opera,

150 4105 210 4163 quar
232 4084 304 4144 dicta
328 4099 390 4145 sunt
413 4085 572 4145 exhibeatis.
590 4088 660 4144 Nam
686 4087 754 4145 scire
776 4088 894 4166 quidem,

150 4178 291 4255 omnium,
302 4181 389 4239 iacere
399 4201 473 4251 vero,
484 4200 536 4237 non
548 4179 677 4237 omniurn.
689 4178 753 4237 Ideo
764 4181 836 4238 enim
845 4181 897 4239 hoc

151 4268 317 4345 diciqltean·
328 4276 396 4330 estis
407 4275 433 4331 si
446 4273 508 4328 ltoec
508 4273 655 4352 feceritis.
663 4271 726 4329 ldeo
737 4272 896 4350 frequentis-

152 4360 219 4418 sime
228 4352 436 4442 hoc'repeto,ersi
449 4362 639 4435 vossciatis,ut
653 4383 700 4421 ros
717 4363 752 4420 ad
762 4364 896 4442 agendum

151 4450 896 4529 inducam.NametiamJudaeinorunt,sednonideosunt

151 4542 298 4611 beati,cum
310 4544 368 4603 haec
383 4567 435 4604 non
450 4548 558 4606 faciant.
573 4551 640 4606 Noa
652 4551 688 4607 de
699 4555 833 4610 omnibns
842 4574 894 4610 oo-

151 4638 195 4693 bis
202 4635 275 4693 dico.
283 4638 373 4715 Papae,
382 4652 481 4714 quanta
488 4637 764 4718 patientialNondum
773 4642 894 4722 prodito-

149 4747 206 4785 rem
219 4727 318 4806 arguit,
330 4726 377 4786 scd
393 4749 448 4786 rem
462 4730 572 4809 obtegit,
584 4732 648 4790 hinc
675 4732 715 4791 illi
729 4735 893 4813 poenitcntian
912 4739 930 4785 C

149 4819 239 4878 locum
253 4817 409 4878 concedens.
420 4819 457 4878 Et
472 4823 560 4902 arguit
569 4838 595 4881 et
609 4846 662 4883 non
673 4824 771 4903 arguit,
783 4827 840 4885 hanc
850 4828 892 4886 di·

79 4924 83 4932 '
149 4930 231 4970 cens:
250 4912 307 4990 Qui
334 4913 493 4970 manducat
506 4937 613 4992 panem
639 4936 762 4989 mecam,
779 4919 890 4979 levavit

147 5004 321 5062 calcaneum
337 5024 420 5062 sunm
438 5019 541 5064 contra
562 5030 615 5065 me.
638 5008 755 5069 Videtur
774 5012 840 5070 mihi
858 5013 891 5070 il-

146 5094 205 5172 lud,
217 5099 285 5154 Non
299 5107 341 5154 est
356 5115 454 5154 servus
467 5101 562 5178 major
575 5101 693 5158 domino
709 5123 771 5175 suo,
787 5103 890 5163 adhoc

145 5185 250 5246 dictum
272 5208 342 5261 esse,
357 5202 388 5246 ut
401 5187 425 5246 si
441 5189 581 5270 quidpiam
599 5215 613 5250 a
634 5188 727 5272 seruis,
753 5197 796 5257 vel
825 5197 889 5256 aliis

178 5345 246 5397 ‘Alii
259 5356 278 5400 al
289 5355 333 5418 γὰρ
344 5353 420 5407 ὄντως.
491 5395 493 5398 ⁴
