<?xml version="1.0" encoding="UTF-8"?>
<!DOCTYPE html PUBLIC "-//W3C//DTD XHTML 1.0 Transitional//EN"
    "http://www.w3.org/TR/xhtml1/DTD/xhtml1-transitional.dtd">
<html xmlns="http://www.w3.org/1999/xhtml" xml:lang="en" lang="en">
 <head>
  <title>
</title>
<meta http-equiv="Content-Type" content="text/html;charset=utf-8" />
  <meta name='ocr-system' content='tesseract 3.04.00' />
  <meta name='ocr-capabilities' content='ocr_page ocr_carea ocr_par ocr_line ocrx_word'/>
</head>
<body>
  <div class='ocr_page' id='page_1' title='image "./sanctipatrisnos02chrygoog_0576.png"; bbox 0 0 3750 5940; ppageno 0'>
   <div class='ocr_carea' id='block_1_1' title="bbox 52 422 856 525">
    <p class='ocr_par' dir='ltr' id='par_1_1' title="bbox 52 422 856 525">
     <span class='ocr_line' id='line_1_1' title="bbox 52 422 856 525; baseline 0.002 -30"><span class='ocrx_word' id='word_1_1' title='bbox 52 482 54 487; x_wconf 91' lang='lat'><em>.</em></span> <span class='ocrx_word' id='word_1_2' title='bbox 84 446 206 498; x_wconf 76' lang='lat' dir='ltr'><strong>nutui.</strong></span> <span class='ocrx_word' id='word_1_3' title='bbox 231 423 281 497; x_wconf 86' lang='lat' dir='ltr'><strong>al.</strong></span> <span class='ocrx_word' id='word_1_4' title='bbox 308 448 415 498; x_wconf 81' lang='lat' dir='ltr'><strong>nxxx.</strong></span> <span class='ocrx_word' id='word_1_5' title='bbox 783 422 856 525; x_wconf 74' lang='lat'><strong>549</strong></span> 
     </span>
    </p>
   </div>
   <div class='ocr_carea' id='block_1_2' title="bbox 52 570 956 5110">
    <p class='ocr_par' dir='ltr' id='par_1_2' title="bbox 52 570 859 655">
     <span class='ocr_line' id='line_1_2' title="bbox 52 570 859 655; baseline -0.001 -22"><span class='ocrx_word' id='word_1_6' title='bbox 52 608 56 618; x_wconf 85' lang='lat'><strong>·</strong></span> <span class='ocrx_word' id='word_1_7' title='bbox 109 572 193 633; x_wconf 82' lang='lat' dir='ltr'><strong>verbe</strong></span> <span class='ocrx_word' id='word_1_8' title='bbox 203 585 266 633; x_wconf 84' lang='lat' dir='ltr'><strong>sunt</strong></span> <span class='ocrx_word' id='word_1_9' title='bbox 277 570 397 633; x_wconf 80' lang='lat' dir='ltr'><strong>hominis</strong></span> <span class='ocrx_word' id='word_1_10' title='bbox 407 571 549 655; x_wconf 77' lang='lat' dir='ltr'><strong>simplicis,</strong></span> <span class='ocrx_word' id='word_1_11' title='bbox 558 571 605 651; x_wconf 89' lang='lat' dir='ltr'><strong>qni</strong></span> <span class='ocrx_word' id='word_1_12' title='bbox 615 572 859 654; x_wconf 78' lang='lat' dir='ltr'><strong>perpetuoabiilis</strong></span> 
     </span>
    </p>

    <p class='ocr_par' dir='ltr' id='par_1_3' title="bbox 52 663 858 839">
     <span class='ocr_line' id='line_1_3' title="bbox 52 663 858 839; baseline -0.007 -16"><span class='ocrx_word' id='word_1_13' title='bbox 52 663 858 839; x_wconf 47' lang='lat' dir='ltr'><strong>:lildqlumimtldinisddiiilli-imdheipiliiinifflmffli</strong></span> 
     </span>
    </p>

    <p class='ocr_par' dir='ltr' id='par_1_4' title="bbox 53 848 857 932">
     <span class='ocr_line' id='line_1_4' title="bbox 53 848 857 932; baseline 0 -23"><span class='ocrx_word' id='word_1_14' title='bbox 53 894 58 922; x_wconf 87' lang='lat'><strong>,</strong></span> <span class='ocrx_word' id='word_1_15' title='bbox 110 871 139 909; x_wconf 86' lang='lat' dir='ltr'><strong>se</strong></span> <span class='ocrx_word' id='word_1_16' title='bbox 153 870 189 909; x_wconf 84' lang='lat' dir='ltr'><strong>ex</strong></span> <span class='ocrx_word' id='word_1_17' title='bbox 207 848 282 909; x_wconf 83' lang='lat' dir='ltr'><strong>illius</strong></span> <span class='ocrx_word' id='word_1_18' title='bbox 300 848 441 932; x_wconf 78' lang='lat' dir='ltr'><strong>praesentia</strong></span> <span class='ocrx_word' id='word_1_19' title='bbox 458 848 546 931; x_wconf 76' lang='lat' dir='ltr'><strong>magis</strong></span> <span class='ocrx_word' id='word_1_20' title='bbox 564 849 668 909; x_wconf 90' lang='lat' dir='ltr'><strong>intuto</strong></span> <span class='ocrx_word' id='word_1_21' title='bbox 685 848 762 909; x_wconf 73' lang='lat' dir='ltr'><strong>esse?</strong></span> <span class='ocrx_word' id='word_1_22' title='bbox 775 850 857 923; x_wconf 75' lang='lat' dir='ltr'><strong>Que-</strong></span> 
     </span>
    </p>

    <p class='ocr_par' dir='ltr' id='par_1_5' title="bbox 53 942 936 1025">
     <span class='ocr_line' id='line_1_5' title="bbox 53 942 936 1025; baseline -0.002 -23"><span class='ocrx_word' id='word_1_23' title='bbox 53 967 57 1010; x_wconf 88' lang='lat'><strong>;</strong></span> <span class='ocrx_word' id='word_1_24' title='bbox 110 956 223 1025; x_wconf 86' lang='lat' dir='ltr'><strong>propter</strong></span> <span class='ocrx_word' id='word_1_25' title='bbox 236 942 286 1020; x_wconf 88' lang='lat' dir='ltr'><strong>ait,</strong></span> <span class='ocrx_word' id='word_1_26' title='bbox 305 943 432 1021; x_wconf 80' lang='lat' dir='ltr'><strong><em>Quando</em></strong></span> <span class='ocrx_word' id='word_1_27' title='bbox 452 963 534 1003; x_wconf 64' lang='lat' dir='ltr'><strong>aaut</strong></span> <span class='ocrx_word' id='word_1_28' title='bbox 548 962 616 1003; x_wconf 86' lang='lat' dir='ltr'><strong>cum</strong></span> <span class='ocrx_word' id='word_1_29' title='bbox 632 944 686 1013; x_wconf 85' lang='lat' dir='ltr'><strong>eis,</strong></span> <span class='ocrx_word' id='word_1_30' title='bbox 703 943 889 1001; x_wconf 73' lang='lat' dir='ltr'><strong>smobam&#39;·</strong></span> <span class='ocrx_word' id='word_1_31' title='bbox 900 949 936 984; x_wconf 79' lang='lat'><strong>¹⁸·</strong></span> 
     </span>
    </p>

    <p class='ocr_par' dir='ltr' id='par_1_6' title="bbox 53 1035 947 1116">
     <span class='ocr_line' id='line_1_6' title="bbox 53 1035 947 1116; baseline 0.007 -21"><span class='ocrx_word' id='word_1_32' title='bbox 53 1059 58 1087; x_wconf 73' lang='lat' dir='ltr'><strong>t</strong></span> <span class='ocrx_word' id='word_1_33' title='bbox 111 1037 190 1096; x_wconf 88' lang='lat' dir='ltr'><strong>illos.</strong></span> <span class='ocrx_word' id='word_1_34' title='bbox 208 1036 291 1116; x_wconf 78' lang='lat' dir='ltr'><strong>Atqui</strong></span> <span class='ocrx_word' id='word_1_35' title='bbox 304 1035 382 1113; x_wconf 88' lang='lat' dir='ltr'><strong>dicit,</strong></span> <span class='ocrx_word' id='word_1_36' title='bbox 400 1039 491 1096; x_wconf 83' lang='lat' dir='ltr'><strong>Venio</strong></span> <span class='ocrx_word' id='word_1_37' title='bbox 508 1037 551 1096; x_wconf 82' lang='lat' dir='ltr'><strong>od</strong></span> <span class='ocrx_word' id='word_1_38' title='bbox 563 1056 631 1107; x_wconf 82' lang='lat' dir='ltr'><strong>vos,·</strong></span> <span class='ocrx_word' id='word_1_39' title='bbox 649 1048 687 1114; x_wconf 86' lang='lat' dir='ltr'><strong>et,</strong></span> <span class='ocrx_word' id='word_1_40' title='bbox 703 1037 859 1097; x_wconf 74' lang='lat' dir='ltr'><strong>Vobiscum</strong></span> <span class='ocrx_word' id='word_1_41' title='bbox 869 1054 947 1101; x_wconf 71' lang='lat' dir='ltr'><strong>natat</strong></span> 
     </span>
    </p>

    <p class='ocr_par' dir='ltr' id='par_1_7' title="bbox 53 1128 909 1214">
     <span class='ocr_line' id='line_1_7' title="bbox 53 1128 909 1214; baseline 0 -23"><span class='ocrx_word' id='word_1_42' title='bbox 53 1171 59 1198; x_wconf 82' lang='lat'><strong>,</strong></span> <span class='ocrx_word' id='word_1_43' title='bbox 111 1151 176 1191; x_wconf 86' lang='lat' dir='ltr'><strong>sum</strong></span> <span class='ocrx_word' id='word_1_44' title='bbox 204 1152 296 1214; x_wconf 84' lang='lat' dir='ltr'><strong>usque</strong></span> <span class='ocrx_word' id='word_1_45' title='bbox 324 1132 366 1191; x_wconf 81' lang='lat' dir='ltr'><strong>ad</strong></span> <span class='ocrx_word' id='word_1_46' title='bbox 390 1136 681 1192; x_wconf 73' lang='lat' dir='ltr'><strong>comminationem.</strong></span> <span class='ocrx_word' id='word_1_47' title='bbox 715 1128 860 1207; x_wconf 80' lang='lat' dir='ltr'><strong>Quomodo</strong></span> <span class='ocrx_word' id='word_1_48' title='bbox 869 1130 909 1165; x_wconf 84' lang='lat'><strong>²⁰·</strong></span> 
     </span>
    </p>

    <p class='ocr_par' dir='ltr' id='par_1_8' title="bbox 54 1222 860 1306">
     <span class='ocr_line' id='line_1_8' title="bbox 54 1222 860 1306; baseline 0.001 -24"><span class='ocrx_word' id='word_1_49' title='bbox 54 1245 59 1289; x_wconf 86' lang='lat'>;</span> <span class='ocrx_word' id='word_1_50' title='bbox 112 1243 188 1303; x_wconf 73' lang='lat' dir='ltr'><strong>engo,</strong></span> <span class='ocrx_word' id='word_1_51' title='bbox 201 1237 339 1302; x_wconf 78' lang='lat' dir='ltr'><strong>tamquam</strong></span> <span class='ocrx_word' id='word_1_52' title='bbox 348 1223 383 1283; x_wconf 84' lang='lat' dir='ltr'><strong>nb</strong></span> <span class='ocrx_word' id='word_1_53' title='bbox 396 1222 451 1283; x_wconf 87' lang='lat' dir='ltr'><strong>illis</strong></span> <span class='ocrx_word' id='word_1_54' title='bbox 459 1223 635 1306; x_wconf 82' lang='lat' dir='ltr'><strong>separandus,</strong></span> <span class='ocrx_word' id='word_1_55' title='bbox 651 1224 710 1283; x_wconf 74' lang='lat' dir='ltr'><strong>hee</strong></span> <span class='ocrx_word' id='word_1_56' title='bbox 717 1222 860 1303; x_wconf 77' lang='lat' dir='ltr'><strong>loquium?</strong></span> 
     </span>
    </p>

    <p class='ocr_par' dir='ltr' id='par_1_9' title="bbox 54 1313 861 1397">
     <span class='ocr_line' id='line_1_9' title="bbox 54 1313 861 1397; baseline -0.001 -21"><span class='ocrx_word' id='word_1_57' title='bbox 54 1357 59 1386; x_wconf 84' lang='lat'>‚</span> <span class='ocrx_word' id='word_1_58' title='bbox 112 1318 151 1376; x_wconf 94' lang='lat' dir='ltr'><strong>Ut</strong></span> <span class='ocrx_word' id='word_1_59' title='bbox 163 1313 236 1393; x_wconf 86' lang='lat' dir='ltr'>dixi,</span> <span class='ocrx_word' id='word_1_60' title='bbox 249 1314 397 1375; x_wconf 83' lang='lat' dir='ltr'><strong>seeundum</strong></span> <span class='ocrx_word' id='word_1_61' title='bbox 410 1315 520 1375; x_wconf 85' lang='lat' dir='ltr'><strong>illorum</strong></span> <span class='ocrx_word' id='word_1_62' title='bbox 530 1315 694 1397; x_wconf 82' lang='lat' dir='ltr'><strong>opinionem,</strong></span> <span class='ocrx_word' id='word_1_63' title='bbox 705 1328 736 1379; x_wconf 92' lang='lat' dir='ltr'><strong>ut</strong></span> <span class='ocrx_word' id='word_1_64' title='bbox 746 1314 861 1397; x_wconf 81' lang='lat' dir='ltr'><strong>paulum</strong></span> 
     </span>
    </p>

    <p class='ocr_par' dir='ltr' id='par_1_10' title="bbox 54 1406 861 1489">
     <span class='ocr_line' id='line_1_10' title="bbox 54 1406 861 1489; baseline 0.001 -23"><span class='ocrx_word' id='word_1_65' title='bbox 54 1453 59 1479; x_wconf 89' lang='lat'><strong>,</strong></span> <span class='ocrx_word' id='word_1_66' title='bbox 113 1406 275 1489; x_wconf 80' lang='lat' dir='ltr'><strong>respirarent</strong></span> <span class='ocrx_word' id='word_1_67' title='bbox 286 1406 424 1468; x_wconf 77' lang='lat' dir='ltr'><strong>audientes</strong></span> <span class='ocrx_word' id='word_1_68' title='bbox 434 1408 515 1468; x_wconf 88' lang='lat' dir='ltr'><strong>illum</strong></span> <span class='ocrx_word' id='word_1_69' title='bbox 527 1408 565 1468; x_wconf 82' lang='lat' dir='ltr'><strong>ito</strong></span> <span class='ocrx_word' id='word_1_70' title='bbox 577 1409 746 1488; x_wconf 84' lang='lat' dir='ltr'><strong>loquentem,</strong></span> <span class='ocrx_word' id='word_1_71' title='bbox 759 1421 785 1467; x_wconf 91' lang='lat' dir='ltr'><strong>et</strong></span> <span class='ocrx_word' id='word_1_72' title='bbox 798 1407 861 1468; x_wconf 88' lang='lat' dir='ltr'><strong>illos</strong></span> 
     </span>
    </p>

    <p class='ocr_par' dir='ltr' id='par_1_11' title="bbox 54 1499 861 1576">
     <span class='ocr_line' id='line_1_11' title="bbox 54 1499 861 1576; baseline 0.004 -18"><span class='ocrx_word' id='word_1_73' title='bbox 54 1537 59 1548; x_wconf 85' lang='lat'><strong>·</strong></span> <span class='ocrx_word' id='word_1_74' title='bbox 114 1500 189 1560; x_wconf 86' lang='lat' dir='ltr'><strong>Patri</strong></span> <span class='ocrx_word' id='word_1_75' title='bbox 210 1500 452 1561; x_wconf 83' lang='lat' dir='ltr'><strong>oommendnntem.</strong></span> <span class='ocrx_word' id='word_1_76' title='bbox 475 1501 549 1576; x_wconf 79' lang='lat' dir='ltr'><strong>Quia</strong></span> <span class='ocrx_word' id='word_1_77' title='bbox 570 1501 644 1561; x_wconf 86' lang='lat' dir='ltr'><strong>enim</strong></span> <span class='ocrx_word' id='word_1_78' title='bbox 663 1499 812 1562; x_wconf 72' lang='lat' dir='ltr'><strong>multisnil</strong></span> <span class='ocrx_word' id='word_1_79' title='bbox 828 1522 861 1561; x_wconf 89' lang='lat' dir='ltr'><strong>eo</strong></span> 
     </span>
    </p>

    <p class='ocr_par' dir='ltr' id='par_1_12' title="bbox 54 1592 860 1676">
     <span class='ocr_line' id='line_1_12' title="bbox 54 1592 860 1676; baseline 0.001 -24"><span class='ocrx_word' id='word_1_80' title='bbox 54 1600 59 1651; x_wconf 78' lang='lat' dir='ltr'><strong>i</strong></span> <span class='ocrx_word' id='word_1_81' title='bbox 113 1592 215 1653; x_wconf 88' lang='lat' dir='ltr'><strong>auditis</strong></span> <span class='ocrx_word' id='word_1_82' title='bbox 228 1593 414 1653; x_wconf 74' lang='lat' dir='ltr'><strong>consolatoriis</strong></span> <span class='ocrx_word' id='word_1_83' title='bbox 432 1593 536 1671; x_wconf 83' lang='lat' dir='ltr'><strong>verbis,</strong></span> <span class='ocrx_word' id='word_1_84' title='bbox 557 1615 611 1654; x_wconf 92' lang='lat' dir='ltr'><strong>non</strong></span> <span class='ocrx_word' id='word_1_85' title='bbox 629 1594 860 1676; x_wconf 77' lang='lat' dir='ltr'><strong>obtemperabant,</strong></span> 
     </span>
    </p>

    <p class='ocr_par' dir='ltr' id='par_1_13' title="bbox 55 1685 859 1769">
     <span class='ocr_line' id='line_1_13' title="bbox 55 1685 859 1769; baseline 0 -20"><span class='ocrx_word' id='word_1_86' title='bbox 55 1695 60 1749; x_wconf 84' lang='lat' dir='ltr'><strong>i</strong></span> <span class='ocrx_word' id='word_1_87' title='bbox 77 1711 95 1757; x_wconf 81' lang='lat' dir='ltr'>B</span> <span class='ocrx_word' id='word_1_88' title='bbox 115 1685 227 1746; x_wconf 88' lang='lat' dir='ltr'><strong>demum</strong></span> <span class='ocrx_word' id='word_1_89' title='bbox 241 1688 349 1747; x_wconf 85' lang='lat' dir='ltr'><strong>Patrem</strong></span> <span class='ocrx_word' id='word_1_90' title='bbox 365 1688 529 1768; x_wconf 77' lang='lat' dir='ltr'><strong>alloquitur,</strong></span> <span class='ocrx_word' id='word_1_91' title='bbox 549 1709 626 1748; x_wconf 85' lang='lat' dir='ltr'><strong>suam</strong></span> <span class='ocrx_word' id='word_1_92' title='bbox 641 1709 704 1769; x_wconf 75' lang='lat' dir='ltr'><strong>erga</strong></span> <span class='ocrx_word' id='word_1_93' title='bbox 717 1688 779 1749; x_wconf 77' lang='lat' dir='ltr'><strong>illos</strong></span> <span class='ocrx_word' id='word_1_94' title='bbox 788 1688 859 1749; x_wconf 84' lang='lat' dir='ltr'><strong>dile·</strong></span> 
     </span>
    </p>

    <p class='ocr_par' dir='ltr' id='par_1_14' title="bbox 55 1778 861 1858">
     <span class='ocr_line' id='line_1_14' title="bbox 55 1778 861 1858; baseline 0.005 -20"><span class='ocrx_word' id='word_1_95' title='bbox 55 1817 61 1828; x_wconf 87' lang='lat'><strong>·</strong></span> <span class='ocrx_word' id='word_1_96' title='bbox 116 1778 232 1838; x_wconf 89' lang='lat' dir='ltr'><strong>ctionem</strong></span> <span class='ocrx_word' id='word_1_97' title='bbox 249 1781 394 1858; x_wconf 82' lang='lat' dir='ltr'><strong>exhibens3</strong></span> <span class='ocrx_word' id='word_1_98' title='bbox 408 1802 440 1839; x_wconf 88' lang='lat' dir='ltr'><strong>ae</strong></span> <span class='ocrx_word' id='word_1_99' title='bbox 453 1779 476 1840; x_wconf 92' lang='lat' dir='ltr'><strong>si</strong></span> <span class='ocrx_word' id='word_1_100' title='bbox 489 1779 606 1857; x_wconf 84' lang='lat' dir='ltr'><strong>diceret,</strong></span> <span class='ocrx_word' id='word_1_101' title='bbox 627 1781 700 1856; x_wconf 84' lang='lat' dir='ltr'><strong>Quia</strong></span> <span class='ocrx_word' id='word_1_102' title='bbox 722 1802 766 1841; x_wconf 85' lang='lat' dir='ltr'><strong>me</strong></span> <span class='ocrx_word' id='word_1_103' title='bbox 785 1781 821 1842; x_wconf 83' lang='lat' dir='ltr'><strong>nd</strong></span> <span class='ocrx_word' id='word_1_104' title='bbox 835 1796 861 1842; x_wconf 89' lang='lat' dir='ltr'><strong>te</strong></span> 
     </span>
    </p>

    <p class='ocr_par' dir='ltr' id='par_1_15' title="bbox 55 1871 861 1953">
     <span class='ocr_line' id='line_1_15' title="bbox 55 1871 861 1953; baseline 0.004 -23"><span class='ocrx_word' id='word_1_105' title='bbox 55 1910 60 1921; x_wconf 89' lang='lat'>-</span> <span class='ocrx_word' id='word_1_106' title='bbox 115 1893 228 1948; x_wconf 80' lang='lat' dir='ltr'><strong>evocas,</strong></span> <span class='ocrx_word' id='word_1_107' title='bbox 249 1871 310 1931; x_wconf 91' lang='lat' dir='ltr'><strong>illos</strong></span> <span class='ocrx_word' id='word_1_108' title='bbox 334 1872 362 1932; x_wconf 91' lang='lat' dir='ltr'><strong>in</strong></span> <span class='ocrx_word' id='word_1_109' title='bbox 382 1887 441 1932; x_wconf 90' lang='lat' dir='ltr'><strong>tuto</strong></span> <span class='ocrx_word' id='word_1_110' title='bbox 459 1872 600 1933; x_wconf 83' lang='lat' dir='ltr'><strong>constitue.</strong></span> <span class='ocrx_word' id='word_1_111' title='bbox 615 1872 675 1953; x_wconf 82' lang='lat' dir='ltr'><strong>Ego</strong></span> <span class='ocrx_word' id='word_1_112' title='bbox 692 1872 764 1933; x_wconf 83' lang='lat' dir='ltr'><strong>enim</strong></span> <span class='ocrx_word' id='word_1_113' title='bbox 783 1872 821 1933; x_wconf 83' lang='lat' dir='ltr'><strong>ud</strong></span> <span class='ocrx_word' id='word_1_114' title='bbox 835 1886 861 1933; x_wconf 88' lang='lat' dir='ltr'><strong>te</strong></span> 
     </span>
    </p>

    <p class='ocr_par' dir='ltr' id='par_1_16' title="bbox 55 1963 861 2045">
     <span class='ocr_line' id='line_1_16' title="bbox 55 1963 861 2045; baseline 0.002 -21"><span class='ocrx_word' id='word_1_115' title='bbox 55 1993 62 2036; x_wconf 75' lang='grc' dir='ltr'>ς</span> <span class='ocrx_word' id='word_1_116' title='bbox 115 1963 202 2024; x_wconf 85' lang='lat' dir='ltr'><strong>venio.</strong></span> <span class='ocrx_word' id='word_1_117' title='bbox 217 1963 294 2037; x_wconf 87' lang='lat' dir='ltr'><strong>Quid</strong></span> <span class='ocrx_word' id='word_1_118' title='bbox 311 1963 400 2025; x_wconf 81' lang='lat' dir='ltr'><strong>dieis?</strong></span> <span class='ocrx_word' id='word_1_119' title='bbox 418 1985 505 2025; x_wconf 84' lang='lat' dir='ltr'><strong>nonne</strong></span> <span class='ocrx_word' id='word_1_120' title='bbox 520 1978 550 2024; x_wconf 91' lang='lat' dir='ltr'><strong>tu</strong></span> <span class='ocrx_word' id='word_1_121' title='bbox 564 1978 639 2045; x_wconf 73' lang='lat' dir='ltr'><strong>potet</strong></span> <span class='ocrx_word' id='word_1_122' title='bbox 654 1965 716 2025; x_wconf 88' lang='lat' dir='ltr'><strong>illos</strong></span> <span class='ocrx_word' id='word_1_123' title='bbox 733 1966 861 2027; x_wconf 69' lang='lat' dir='ltr'><strong>mare?</strong></span> 
     </span>
    </p>

    <p class='ocr_par' dir='ltr' id='par_1_17' title="bbox 55 2059 937 2143">
     <span class='ocr_line' id='line_1_17' title="bbox 55 2059 937 2143; baseline 0.001 -23"><span class='ocrx_word' id='word_1_124' title='bbox 55 2087 62 2136; x_wconf 84' lang='lat'>;</span> <span class='ocrx_word' id='word_1_125' title='bbox 115 2059 217 2136; x_wconf 88' lang='lat' dir='ltr'><strong>Etiam,</strong></span> <span class='ocrx_word' id='word_1_126' title='bbox 231 2082 351 2142; x_wconf 78' lang='lat' dir='ltr'><strong>possum</strong></span> <span class='ocrx_word' id='word_1_127' title='bbox 364 2061 561 2143; x_wconf 77' lang='lat' dir='ltr'><strong>Curergohee</strong></span> <span class='ocrx_word' id='word_1_128' title='bbox 572 2059 663 2121; x_wconf 79' lang='lat' dir='ltr'><strong>dieis?</strong></span> <span class='ocrx_word' id='word_1_129' title='bbox 680 2062 892 2123; x_wconf 78' lang='lat' dir='ltr'><strong>Utitubeontv.</strong></span> <span class='ocrx_word' id='word_1_130' title='bbox 931 2108 937 2121; x_wconf 93' lang='lat'><strong>.</strong></span> 
     </span>
    </p>

    <p class='ocr_par' dir='ltr' id='par_1_18' title="bbox 56 2152 860 2236">
     <span class='ocr_line' id='line_1_18' title="bbox 56 2152 860 2236; baseline 0 -22"><span class='ocrx_word' id='word_1_131' title='bbox 56 2180 62 2214; x_wconf 81' lang='grc' dir='ltr'>ι</span> <span class='ocrx_word' id='word_1_132' title='bbox 113 2156 254 2234; x_wconf 80' lang='lat' dir='ltr'><strong>gaudium</strong></span> <span class='ocrx_word' id='word_1_133' title='bbox 267 2176 362 2216; x_wconf 84' lang='lat' dir='ltr'><strong>meum</strong></span> <span class='ocrx_word' id='word_1_134' title='bbox 374 2155 508 2236; x_wconf 65' lang='lat' dir='ltr'><strong>plenum</strong></span> <span class='ocrx_word' id='word_1_135' title='bbox 526 2152 557 2214; x_wconf 86' lang='lat' dir='ltr'><strong>id</strong></span> <span class='ocrx_word' id='word_1_136' title='bbox 573 2166 626 2230; x_wconf 79' lang='lat' dir='ltr'><strong>est,</strong></span> <span class='ocrx_word' id='word_1_137' title='bbox 645 2155 686 2214; x_wconf 89' lang='lat' dir='ltr'><strong>Ut</strong></span> <span class='ocrx_word' id='word_1_138' title='bbox 704 2174 739 2215; x_wconf 88' lang='lat' dir='ltr'><strong>ne</strong></span> <span class='ocrx_word' id='word_1_139' title='bbox 752 2167 860 2236; x_wconf 76' lang='lat' dir='ltr'><strong>pertur-</strong></span> 
     </span>
    </p>

    <p class='ocr_par' dir='ltr' id='par_1_19' title="bbox 56 2244 860 2329">
     <span class='ocr_line' id='line_1_19' title="bbox 56 2244 860 2329; baseline 0.004 -25"><span class='ocrx_word' id='word_1_140' title='bbox 56 2294 60 2320; x_wconf 83' lang='lat'>‚</span> <span class='ocrx_word' id='word_1_141' title='bbox 113 2244 224 2321; x_wconf 88' lang='lat' dir='ltr'><strong>bentur,</strong></span> <span class='ocrx_word' id='word_1_142' title='bbox 237 2246 447 2329; x_wconf 75' lang='lat' dir='ltr'><strong>imperfectiores</strong></span> <span class='ocrx_word' id='word_1_143' title='bbox 457 2265 520 2305; x_wconf 85' lang='lat' dir='ltr'><strong>oum</strong></span> <span class='ocrx_word' id='word_1_144' title='bbox 533 2244 596 2305; x_wconf 84' lang='lat' dir='ltr'><strong>sint.</strong></span> <span class='ocrx_word' id='word_1_145' title='bbox 611 2244 663 2304; x_wconf 80' lang='lat' dir='ltr'><strong>llio</strong></span> <span class='ocrx_word' id='word_1_146' title='bbox 671 2244 860 2306; x_wconf 81' lang='lat' dir='ltr'><strong>verbisosten·</strong></span> 
     </span>
    </p>

    <p class='ocr_par' dir='ltr' id='par_1_20' title="bbox 56 2335 861 2418">
     <span class='ocr_line' id='line_1_20' title="bbox 56 2335 861 2418; baseline 0.005 -23"><span class='ocrx_word' id='word_1_147' title='bbox 56 2385 60 2407; x_wconf 85' lang='lat'>‚</span> <span class='ocrx_word' id='word_1_148' title='bbox 113 2335 192 2398; x_wconf 90' lang='lat' dir='ltr'><strong>ditse</strong></span> <span class='ocrx_word' id='word_1_149' title='bbox 205 2338 240 2398; x_wconf 86' lang='lat' dir='ltr'><strong>ad</strong></span> <span class='ocrx_word' id='word_1_150' title='bbox 254 2339 363 2399; x_wconf 84' lang='lat' dir='ltr'><strong>illorum</strong></span> <span class='ocrx_word' id='word_1_151' title='bbox 375 2337 494 2418; x_wconf 86' lang='lat' dir='ltr'><strong>quietem</strong></span> <span class='ocrx_word' id='word_1_152' title='bbox 513 2348 540 2395; x_wconf 82' lang='lat' dir='ltr'><strong>et</strong></span> <span class='ocrx_word' id='word_1_153' title='bbox 552 2335 684 2418; x_wconf 68' lang='lat' dir='ltr'><strong>gandium</strong></span> <span class='ocrx_word' id='word_1_154' title='bbox 700 2335 861 2399; x_wconf 70' lang='lat' dir='ltr'><strong>haeeomnia</strong></span> 
     </span>
    </p>

    <p class='ocr_par' dir='ltr' id='par_1_21' title="bbox 56 2427 861 2510">
     <span class='ocr_line' id='line_1_21' title="bbox 56 2427 861 2510; baseline 0.002 -21"><span class='ocrx_word' id='word_1_155' title='bbox 56 2470 59 2478; x_wconf 91' lang='lat'>-</span> <span class='ocrx_word' id='word_1_156' title='bbox 113 2427 861 2510; x_wconf 74' lang='lat' dir='ltr'><strong>sicloqnutumesse:namaliteroontnriuaessesemo</strong></span> 
     </span>
    </p>

    <p class='ocr_par' dir='ltr' id='par_1_22' title="bbox 56 2524 861 2596">
     <span class='ocr_line' id='line_1_22' title="bbox 56 2524 861 2596; baseline 0 -12"><span class='ocrx_word' id='word_1_157' title='bbox 56 2551 60 2593; x_wconf 84' lang='lat'><em>;</em></span> <span class='ocrx_word' id='word_1_158' title='bbox 112 2524 231 2584; x_wconf 84' lang='lat' dir='ltr'><strong>videtur.</strong></span> <span class='ocrx_word' id='word_1_159' title='bbox 245 2527 334 2584; x_wconf 83' lang='lat' dir='ltr'><strong>Nune</strong></span> <span class='ocrx_word' id='word_1_160' title='bbox 345 2535 446 2583; x_wconf 83' lang='lat' dir='ltr'><strong>autem</strong></span> <span class='ocrx_word' id='word_1_161' title='bbox 456 2543 518 2582; x_wconf 80' lang='lat' dir='ltr'><strong>non</strong></span> <span class='ocrx_word' id='word_1_162' title='bbox 531 2542 597 2582; x_wconf 85' lang='lat' dir='ltr'><strong>sum</strong></span> <span class='ocrx_word' id='word_1_163' title='bbox 609 2526 641 2581; x_wconf 82' lang='lat' dir='ltr'><strong>iu</strong></span> <span class='ocrx_word' id='word_1_164' title='bbox 652 2524 773 2596; x_wconf 86' lang='lat' dir='ltr'><strong>mundo,</strong></span> <span class='ocrx_word' id='word_1_165' title='bbox 788 2537 818 2584; x_wconf 83' lang='lat' dir='ltr'><strong>et</strong></span> <span class='ocrx_word' id='word_1_166' title='bbox 828 2526 861 2584; x_wconf 84' lang='lat' dir='ltr'><strong>iti</strong></span> 
     </span>
    </p>

    <p class='ocr_par' dir='ltr' id='par_1_23' title="bbox 57 2614 894 2696">
     <span class='ocr_line' id='line_1_23' title="bbox 57 2614 894 2696; baseline 0.004 -21"><span class='ocrx_word' id='word_1_167' title='bbox 57 2655 59 2665; x_wconf 87' lang='lat'><em>·</em></span> <span class='ocrx_word' id='word_1_168' title='bbox 111 2620 262 2677; x_wconf 82' lang='lat' dir='ltr'><strong>inmundo</strong></span> <span class='ocrx_word' id='word_1_169' title='bbox 272 2614 479 2678; x_wconf 84' lang='lat' dir='ltr'><strong>sunt.ltaenim</strong></span> <span class='ocrx_word' id='word_1_170' title='bbox 489 2615 859 2696; x_wconf 66' lang='lat' dir='ltr'><strong>opinabanturillipintmim</strong></span> <span class='ocrx_word' id='word_1_171' title='bbox 890 2654 894 2663; x_wconf 85' lang='lat'>·</span> 
     </span>
    </p>

    <p class='ocr_par' dir='ltr' id='par_1_24' title="bbox 57 2707 953 2789">
     <span class='ocr_line' id='line_1_24' title="bbox 57 2707 953 2789; baseline 0 -19"><span class='ocrx_word' id='word_1_172' title='bbox 57 2740 58 2750; x_wconf 24' lang='grc' dir='ltr'><strong>κ</strong></span> <span class='ocrx_word' id='word_1_173' title='bbox 111 2730 176 2770; x_wconf 85' lang='lat' dir='ltr'><strong>vero</strong></span> <span class='ocrx_word' id='word_1_174' title='bbox 196 2711 309 2770; x_wconf 83' lang='lat' dir='ltr'><strong>illorum</strong></span> <span class='ocrx_word' id='word_1_175' title='bbox 331 2707 484 2769; x_wconf 84' lang='lat' dir='ltr'><strong>infirmitati</strong></span> <span class='ocrx_word' id='word_1_176' title='bbox 505 2728 533 2767; x_wconf 88' lang='lat' dir='ltr'><strong>se</strong></span> <span class='ocrx_word' id='word_1_177' title='bbox 553 2720 720 2789; x_wconf 78' lang='lat' dir='ltr'><strong>attemperat.</strong></span> <span class='ocrx_word' id='word_1_178' title='bbox 735 2708 766 2769; x_wconf 88' lang='lat' dir='ltr'><strong>Si</strong></span> <span class='ocrx_word' id='word_1_179' title='bbox 784 2709 859 2770; x_wconf 86' lang='lat' dir='ltr'><strong>enim</strong></span> <span class='ocrx_word' id='word_1_180' title='bbox 910 2730 953 2777; x_wconf 75' lang='lat' dir='ltr'><strong>cn.</strong></span> 
     </span>
    </p>

    <p class='ocr_par' dir='ltr' id='par_1_25' title="bbox 73 2794 955 3908">
     <span class='ocr_line' id='line_1_25' title="bbox 73 2794 954 2901; baseline -0.003 -38"><span class='ocrx_word' id='word_1_181' title='bbox 73 2845 92 2892; x_wconf 71' lang='lat' dir='ltr'>C</span> <span class='ocrx_word' id='word_1_182' title='bbox 109 2802 236 2881; x_wconf 81' lang='lat' dir='ltr'><strong>dixisset,</strong></span> <span class='ocrx_word' id='word_1_183' title='bbox 253 2804 312 2884; x_wconf 80' lang='lat' dir='ltr'><strong>Ego</strong></span> <span class='ocrx_word' id='word_1_184' title='bbox 324 2825 402 2864; x_wconf 83' lang='lat' dir='ltr'><strong>servo</strong></span> <span class='ocrx_word' id='word_1_185' title='bbox 415 2801 490 2878; x_wconf 90' lang='lat' dir='ltr'><strong>illos,</strong></span> <span class='ocrx_word' id='word_1_186' title='bbox 505 2821 560 2860; x_wconf 90' lang='lat' dir='ltr'><strong>non</strong></span> <span class='ocrx_word' id='word_1_187' title='bbox 575 2799 754 2861; x_wconf 78' lang='lat' dir='ltr'><strong>credidissent</strong></span> <span class='ocrx_word' id='word_1_188' title='bbox 768 2826 776 2860; x_wconf 75' lang='grc' dir='ltr'><em>ε</em></span> <span class='ocrx_word' id='word_1_189' title='bbox 790 2824 857 2883; x_wconf 84' lang='lat' dir='ltr'><strong>qna·</strong></span> <span class='ocrx_word' id='word_1_190' title='bbox 867 2794 954 2901; x_wconf 35' lang='lat' dir='ltr'><strong>mim}</strong></span> 
     </span>
     <span class='ocr_line' id='line_1_26' title="bbox 112 2895 954 2978; baseline -0.001 -22"><span class='ocrx_word' id='word_1_191' title='bbox 112 2912 223 2978; x_wconf 83' lang='lat' dir='ltr'><strong>propter</strong></span> <span class='ocrx_word' id='word_1_192' title='bbox 245 2897 302 2956; x_wconf 90' lang='lat' dir='ltr'><strong>ait:</strong></span> <span class='ocrx_word' id='word_1_193' title='bbox 338 2898 431 2955; x_wconf 83' lang='lat' dir='ltr'><strong>Pater</strong></span> <span class='ocrx_word' id='word_1_194' title='bbox 460 2906 572 2966; x_wconf 82' lang='lat' dir='ltr'><strong>sancte,</strong></span> <span class='ocrx_word' id='word_1_195' title='bbox 608 2914 693 2954; x_wconf 77' lang='lat' dir='ltr'><strong>serva</strong></span> <span class='ocrx_word' id='word_1_196' title='bbox 724 2895 794 2955; x_wconf 84' lang='lat' dir='ltr'><strong>iilos</strong></span> <span class='ocrx_word' id='word_1_197' title='bbox 824 2899 954 2965; x_wconf 58' lang='lat' dir='ltr'><strong>iunius.</strong></span> 
     </span>
     <span class='ocr_line' id='line_1_27' title="bbox 111 2989 953 3067; baseline 0.002 -16"><span class='ocrx_word' id='word_1_198' title='bbox 111 2997 227 3053; x_wconf 85' lang='lat' dir='ltr'><strong>nomine</strong></span> <span class='ocrx_word' id='word_1_199' title='bbox 236 3007 300 3064; x_wconf 85' lang='lat' dir='ltr'><strong>tuo;</strong></span> <span class='ocrx_word' id='word_1_200' title='bbox 310 2992 415 3067; x_wconf 74' lang='lat' dir='ltr'><strong>honest,</strong></span> <span class='ocrx_word' id='word_1_201' title='bbox 423 2989 616 3051; x_wconf 83' lang='lat' dir='ltr'><strong>Perauxilium</strong></span> <span class='ocrx_word' id='word_1_202' title='bbox 625 3004 712 3050; x_wconf 89' lang='lat' dir='ltr'><strong>tuum.</strong></span> <span class='ocrx_word' id='word_1_203' title='bbox 724 2992 772 3050; x_wconf 72' lang='lat' dir='ltr'><strong>tn</strong></span> <span class='ocrx_word' id='word_1_204' title='bbox 782 2992 857 3053; x_wconf 83' lang='lat' dir='ltr'><strong>Cum</strong></span> <span class='ocrx_word' id='word_1_205' title='bbox 867 2990 953 3043; x_wconf 57' lang='grc' dir='ltr'><strong>ΜΨ</strong></span> 
     </span>
     <span class='ocr_line' id='line_1_28' title="bbox 112 3083 858 3167; baseline 0 -21"><span class='ocrx_word' id='word_1_206' title='bbox 112 3108 204 3146; x_wconf 86' lang='lat' dir='ltr'><strong>essem</strong></span> <span class='ocrx_word' id='word_1_207' title='bbox 216 3091 247 3145; x_wconf 88' lang='lat' dir='ltr'><strong>in</strong></span> <span class='ocrx_word' id='word_1_208' title='bbox 260 3089 380 3158; x_wconf 84' lang='lat' dir='ltr'><strong>mundo,</strong></span> <span class='ocrx_word' id='word_1_209' title='bbox 392 3106 445 3167; x_wconf 79' lang='lat' dir='ltr'><strong>ego</strong></span> <span class='ocrx_word' id='word_1_210' title='bbox 455 3086 608 3144; x_wconf 81' lang='lat' dir='ltr'><strong>servabam</strong></span> <span class='ocrx_word' id='word_1_211' title='bbox 620 3083 689 3143; x_wconf 84' lang='lat' dir='ltr'><strong>iilos</strong></span> <span class='ocrx_word' id='word_1_212' title='bbox 699 3086 732 3143; x_wconf 80' lang='lat' dir='ltr'><strong>in</strong></span> <span class='ocrx_word' id='word_1_213' title='bbox 740 3089 858 3146; x_wconf 81' lang='lat' dir='ltr'><strong>nomino</strong></span> 
     </span>
     <span class='ocr_line' id='line_1_29' title="bbox 110 3176 856 3258; baseline -0.001 -20"><span class='ocrx_word' id='word_1_214' title='bbox 110 3193 171 3240; x_wconf 84' lang='lat' dir='ltr'><strong>tuo.</strong></span> <span class='ocrx_word' id='word_1_215' title='bbox 195 3182 302 3239; x_wconf 80' lang='lat' dir='ltr'><strong>Rursus</strong></span> <span class='ocrx_word' id='word_1_216' title='bbox 322 3193 351 3238; x_wconf 90' lang='lat' dir='ltr'><strong>ut</strong></span> <span class='ocrx_word' id='word_1_217' title='bbox 370 3179 453 3238; x_wconf 90' lang='lat' dir='ltr'><strong>homo</strong></span> <span class='ocrx_word' id='word_1_218' title='bbox 479 3191 505 3237; x_wconf 87' lang='lat' dir='ltr'><strong>et</strong></span> <span class='ocrx_word' id='word_1_219' title='bbox 527 3189 557 3235; x_wconf 87' lang='lat' dir='ltr'><strong>ut</strong></span> <span class='ocrx_word' id='word_1_220' title='bbox 575 3176 706 3258; x_wconf 83' lang='lat' dir='ltr'><strong>pmplteta</strong></span> <span class='ocrx_word' id='word_1_221' title='bbox 717 3177 856 3257; x_wconf 85' lang='lat' dir='ltr'><strong>loquitur:</strong></span> 
     </span>
     <span class='ocr_line' id='line_1_30' title="bbox 109 3267 856 3353; baseline 0.004 -22"><span class='ocrx_word' id='word_1_222' title='bbox 109 3294 242 3352; x_wconf 82' lang='lat' dir='ltr'><strong>nusquam</strong></span> <span class='ocrx_word' id='word_1_223' title='bbox 259 3272 331 3332; x_wconf 88' lang='lat' dir='ltr'><strong>enim</strong></span> <span class='ocrx_word' id='word_1_224' title='bbox 342 3267 667 3353; x_wconf 86' lang='lat' dir='ltr'><strong>apparetinnomineDei</strong></span> <span class='ocrx_word' id='word_1_225' title='bbox 676 3269 746 3351; x_wconf 89' lang='lat' dir='ltr'><strong>quid</strong></span> <span class='ocrx_word' id='word_1_226' title='bbox 752 3271 856 3334; x_wconf 79' lang='lat' dir='ltr'><strong>iecisse.</strong></span> 
     </span>
     <span class='ocr_line' id='line_1_31' title="bbox 111 3363 859 3443; baseline 0.001 -20"><span class='ocrx_word' id='word_1_227' title='bbox 111 3366 189 3443; x_wconf 86' lang='lat' dir='ltr'><strong>Quos</strong></span> <span class='ocrx_word' id='word_1_228' title='bbox 211 3365 318 3423; x_wconf 80' lang='lat' dir='ltr'><strong>dedisti</strong></span> <span class='ocrx_word' id='word_1_229' title='bbox 333 3365 416 3433; x_wconf 76' lang='lat' dir='ltr'><strong>milii,</strong></span> <span class='ocrx_word' id='word_1_230' title='bbox 434 3363 589 3435; x_wconf 81' lang='lat' dir='ltr'><strong>custodivi,</strong></span> <span class='ocrx_word' id='word_1_231' title='bbox 609 3374 639 3421; x_wconf 85' lang='lat' dir='ltr'><strong>et</strong></span> <span class='ocrx_word' id='word_1_232' title='bbox 659 3382 745 3422; x_wconf 75' lang='lat' dir='ltr'><strong>mmo</strong></span> <span class='ocrx_word' id='word_1_233' title='bbox 760 3384 798 3423; x_wconf 72' lang='lat' dir='ltr'><strong>ea</strong></span> <span class='ocrx_word' id='word_1_234' title='bbox 815 3367 859 3424; x_wconf 86' lang='lat' dir='ltr'><strong>eis</strong></span> 
     </span>
     <span class='ocr_line' id='line_1_32' title="bbox 105 3453 852 3538; baseline -0.001 -22"><span class='ocrx_word' id='word_1_235' title='bbox 105 3461 202 3538; x_wconf 86' lang='lat' dir='ltr'><strong>periit,</strong></span> <span class='ocrx_word' id='word_1_236' title='bbox 220 3460 277 3515; x_wconf 86' lang='lat' dir='ltr'><strong>nisi</strong></span> <span class='ocrx_word' id='word_1_237' title='bbox 283 3456 373 3538; x_wconf 78' lang='lat' dir='ltr'><strong>filius</strong></span> <span class='ocrx_word' id='word_1_238' title='bbox 387 3455 571 3535; x_wconf 83' lang='lat' dir='ltr'><strong>perditionis,</strong></span> <span class='ocrx_word' id='word_1_239' title='bbox 590 3464 623 3513; x_wconf 88' lang='lat' dir='ltr'><strong>ut</strong></span> <span class='ocrx_word' id='word_1_240' title='bbox 637 3453 788 3535; x_wconf 79' lang='lat' dir='ltr'><strong>Scriptura</strong></span> <span class='ocrx_word' id='word_1_241' title='bbox 799 3458 852 3515; x_wconf 87' lang='lat' dir='ltr'><strong>im·</strong></span> 
     </span>
     <span class='ocr_line' id='line_1_33' title="bbox 104 3544 955 3630; baseline -0.001 -21"><span class='ocrx_word' id='word_1_242' title='bbox 104 3551 231 3630; x_wconf 78' lang='lat' dir='ltr'><strong>plentur.</strong></span> <span class='ocrx_word' id='word_1_243' title='bbox 250 3553 284 3608; x_wconf 76' lang='lat' dir='ltr'><strong>At</strong></span> <span class='ocrx_word' id='word_1_244' title='bbox 294 3548 361 3608; x_wconf 92' lang='lat' dir='ltr'><strong>alibi</strong></span> <span class='ocrx_word' id='word_1_245' title='bbox 374 3547 412 3608; x_wconf 88' lang='lat' dir='ltr'><strong>ait</strong></span> <span class='ocrx_word' id='word_1_246' title='bbox 429 3571 436 3605; x_wconf 76' lang='grc' dir='ltr'><strong>ε</strong></span> <span class='ocrx_word' id='word_1_247' title='bbox 451 3550 544 3607; x_wconf 80' lang='lat' dir='ltr'><strong>Omne</strong></span> <span class='ocrx_word' id='word_1_248' title='bbox 557 3547 639 3628; x_wconf 85' lang='lat' dir='ltr'><strong>quod</strong></span> <span class='ocrx_word' id='word_1_249' title='bbox 648 3544 749 3607; x_wconf 85' lang='lat' dir='ltr'><strong>dedisti</strong></span> <span class='ocrx_word' id='word_1_250' title='bbox 770 3550 854 3623; x_wconf 82' lang='lat' dir='ltr'><strong>milti,</strong></span> <span class='ocrx_word' id='word_1_251' title='bbox 867 3559 955 3608; x_wconf 67' lang='lat' dir='ltr'><strong>omo</strong></span> 
     </span>
     <span class='ocr_line' id='line_1_34' title="bbox 107 3637 855 3722; baseline -0.001 -22"><span class='ocrx_word' id='word_1_252' title='bbox 107 3663 166 3700; x_wconf 86' lang='lat' dir='ltr'><strong>non</strong></span> <span class='ocrx_word' id='word_1_253' title='bbox 177 3642 298 3722; x_wconf 80' lang='lat' dir='ltr'><strong>perdum</strong></span> <span class='ocrx_word' id='word_1_254' title='bbox 312 3662 349 3700; x_wconf 82' lang='lat' dir='ltr'><strong>ex</strong></span> <span class='ocrx_word' id='word_1_255' title='bbox 360 3661 405 3699; x_wconf 88' lang='lat' dir='ltr'><strong>eo.</strong></span> <span class='ocrx_word' id='word_1_256' title='bbox 424 3637 507 3717; x_wconf 78' lang='lat' dir='ltr'><strong>Atqui</strong></span> <span class='ocrx_word' id='word_1_257' title='bbox 520 3658 573 3698; x_wconf 92' lang='lat' dir='ltr'><strong>non</strong></span> <span class='ocrx_word' id='word_1_258' title='bbox 589 3637 636 3698; x_wconf 87' lang='lat' dir='ltr'><strong>ille</strong></span> <span class='ocrx_word' id='word_1_259' title='bbox 646 3652 752 3699; x_wconf 87' lang='lat' dir='ltr'><strong>tantum</strong></span> <span class='ocrx_word' id='word_1_260' title='bbox 763 3639 855 3721; x_wconf 77' lang='lat' dir='ltr'><strong>periit3</strong></span> 
     </span>
     <span class='ocr_line' id='line_1_35' title="bbox 105 3729 856 3815; baseline -0.001 -22"><span class='ocrx_word' id='word_1_261' title='bbox 105 3733 152 3794; x_wconf 89' lang='lat' dir='ltr'><strong>sed</strong></span> <span class='ocrx_word' id='word_1_262' title='bbox 165 3747 191 3792; x_wconf 89' lang='lat' dir='ltr'><strong>et</strong></span> <span class='ocrx_word' id='word_1_263' title='bbox 203 3734 249 3792; x_wconf 86' lang='lat' dir='ltr'><strong>alii</strong></span> <span class='ocrx_word' id='word_1_264' title='bbox 265 3733 344 3792; x_wconf 90' lang='lat' dir='ltr'><strong>multi</strong></span> <span class='ocrx_word' id='word_1_265' title='bbox 361 3746 461 3815; x_wconf 83' lang='lat' dir='ltr'><strong>postea.</strong></span> <span class='ocrx_word' id='word_1_266' title='bbox 474 3729 619 3803; x_wconf 88' lang='lat' dir='ltr'><strong>Quomodo</strong></span> <span class='ocrx_word' id='word_1_267' title='bbox 638 3751 703 3811; x_wconf 75' lang='lat' dir='ltr'><strong>ergo</strong></span> <span class='ocrx_word' id='word_1_268' title='bbox 717 3732 770 3808; x_wconf 88' lang='lat' dir='ltr'><strong>ait,</strong></span> <span class='ocrx_word' id='word_1_269' title='bbox 786 3734 856 3792; x_wconf 83' lang='lat' dir='ltr'><strong>Nou</strong></span> 
     </span>
     <span class='ocr_line' id='line_1_36' title="bbox 103 3824 852 3908; baseline -0.003 -21"><span class='ocrx_word' id='word_1_270' title='bbox 103 3830 248 3908; x_wconf 81' lang='lat' dir='ltr'><strong>perdam?</strong></span> <span class='ocrx_word' id='word_1_271' title='bbox 270 3829 410 3901; x_wconf 86' lang='lat' dir='ltr'><strong>Quantum</strong></span> <span class='ocrx_word' id='word_1_272' title='bbox 435 3826 462 3884; x_wconf 91' lang='lat' dir='ltr'><strong>in</strong></span> <span class='ocrx_word' id='word_1_273' title='bbox 487 3846 531 3884; x_wconf 87' lang='lat' dir='ltr'><strong>me</strong></span> <span class='ocrx_word' id='word_1_274' title='bbox 557 3824 624 3899; x_wconf 82' lang='lat' dir='ltr'><strong>erit,</strong></span> <span class='ocrx_word' id='word_1_275' title='bbox 647 3845 699 3884; x_wconf 92' lang='lat' dir='ltr'><strong>non</strong></span> <span class='ocrx_word' id='word_1_276' title='bbox 723 3824 852 3906; x_wconf 75' lang='lat' dir='ltr'><strong>perdam3</strong></span> 
     </span>
    </p>

    <p class='ocr_par' dir='ltr' id='par_1_26' title="bbox 68 3916 956 5015">
     <span class='ocr_line' id='line_1_37' title="bbox 68 3916 956 3999; baseline -0.009 -21"><span class='ocrx_word' id='word_1_277' title='bbox 68 3933 87 3978; x_wconf 82' lang='lat' dir='ltr'><strong>u</strong></span> <span class='ocrx_word' id='word_1_278' title='bbox 105 3920 179 3999; x_wconf 85' lang='lat' dir='ltr'><strong>quod</strong></span> <span class='ocrx_word' id='word_1_279' title='bbox 188 3933 214 3978; x_wconf 89' lang='lat' dir='ltr'><strong>et</strong></span> <span class='ocrx_word' id='word_1_280' title='bbox 224 3918 290 3978; x_wconf 92' lang='lat' dir='ltr'><strong>alibi</strong></span> <span class='ocrx_word' id='word_1_281' title='bbox 304 3919 403 3977; x_wconf 85' lang='lat' dir='ltr'><strong>elarius</strong></span> <span class='ocrx_word' id='word_1_282' title='bbox 421 3916 528 3977; x_wconf 82' lang='lat' dir='ltr'><strong>dicebat</strong></span> <span class='ocrx_word' id='word_1_283' title='bbox 543 3918 632 3977; x_wconf 87' lang='lat' dir='ltr'><strong>:Nou</strong></span> <span class='ocrx_word' id='word_1_284' title='bbox 649 3918 765 3996; x_wconf 78' lang='lat' dir='ltr'><strong>ejiciam</strong></span> <span class='ocrx_word' id='word_1_285' title='bbox 789 3938 854 3977; x_wconf 84' lang='lat' dir='ltr'><strong>eum</strong></span> <span class='ocrx_word' id='word_1_286' title='bbox 866 3927 956 3973; x_wconf 61' lang='lat' dir='ltr'><strong>latua.</strong></span> 
     </span>
     <span class='ocr_line' id='line_1_38' title="bbox 103 4007 853 4094; baseline 0 -24"><span class='ocrx_word' id='word_1_287' title='bbox 103 4015 188 4094; x_wconf 75' lang='lat' dir='ltr'><strong>foras</strong></span> <span class='ocrx_word' id='word_1_288' title='bbox 202 4037 209 4069; x_wconf 87' lang='lat'><strong>:</strong></span> <span class='ocrx_word' id='word_1_289' title='bbox 223 4033 276 4071; x_wconf 91' lang='lat' dir='ltr'><strong>non</strong></span> <span class='ocrx_word' id='word_1_290' title='bbox 291 4011 341 4070; x_wconf 89' lang='lat' dir='ltr'><strong>mei</strong></span> <span class='ocrx_word' id='word_1_291' title='bbox 356 4031 449 4084; x_wconf 85' lang='lat' dir='ltr'><strong>causa,</strong></span> <span class='ocrx_word' id='word_1_292' title='bbox 464 4030 517 4068; x_wconf 90' lang='lat' dir='ltr'><strong>non</strong></span> <span class='ocrx_word' id='word_1_293' title='bbox 531 4029 574 4067; x_wconf 87' lang='lat' dir='ltr'><strong>me</strong></span> <span class='ocrx_word' id='word_1_294' title='bbox 585 4007 740 4089; x_wconf 89' lang='lat' dir='ltr'><strong>impellente</strong></span> <span class='ocrx_word' id='word_1_295' title='bbox 752 4009 797 4070; x_wconf 79' lang='lat' dir='ltr'><strong>vel</strong></span> <span class='ocrx_word' id='word_1_296' title='bbox 812 4031 853 4070; x_wconf 82' lang='lat' dir='ltr'><strong>ro-</strong></span> 
     </span>
     <span class='ocr_line' id='line_1_39' title="bbox 106 4099 854 4184; baseline -0.003 -20"><span class='ocrx_word' id='word_1_297' title='bbox 106 4106 251 4184; x_wconf 87' lang='lat' dir='ltr'><strong>linquente.</strong></span> <span class='ocrx_word' id='word_1_298' title='bbox 264 4102 347 4177; x_wconf 90' lang='lat' dir='ltr'><strong>Quod</strong></span> <span class='ocrx_word' id='word_1_299' title='bbox 360 4101 382 4160; x_wconf 86' lang='lat' dir='ltr'><strong>si</strong></span> <span class='ocrx_word' id='word_1_300' title='bbox 397 4114 491 4183; x_wconf 88' lang='lat' dir='ltr'><strong>sponte</strong></span> <span class='ocrx_word' id='word_1_301' title='bbox 500 4099 637 4172; x_wconf 83' lang='lat' dir='ltr'><strong>resiliant,</strong></span> <span class='ocrx_word' id='word_1_302' title='bbox 648 4119 701 4158; x_wconf 90' lang='lat' dir='ltr'><strong>non</strong></span> <span class='ocrx_word' id='word_1_303' title='bbox 715 4120 751 4160; x_wconf 83' lang='lat' dir='ltr'><strong>ex</strong></span> <span class='ocrx_word' id='word_1_304' title='bbox 762 4121 854 4162; x_wconf 81' lang='lat' dir='ltr'><strong>neees-</strong></span> 
     </span>
     <span class='ocr_line' id='line_1_40' title="bbox 106 4191 852 4257; baseline -0.005 0"><span class='ocrx_word' id='word_1_305' title='bbox 106 4198 184 4257; x_wconf 81' lang='lat' dir='ltr'><strong>sitate</strong></span> <span class='ocrx_word' id='word_1_306' title='bbox 206 4196 320 4255; x_wconf 85' lang='lat' dir='ltr'><strong>traham.</strong></span> <span class='ocrx_word' id='word_1_307' title='bbox 343 4197 393 4254; x_wconf 76' lang='lat' dir='ltr'><strong>tn.</strong></span> <span class='ocrx_word' id='word_1_308' title='bbox 412 4195 501 4253; x_wconf 83' lang='lat' dir='ltr'><strong>Nune</strong></span> <span class='ocrx_word' id='word_1_309' title='bbox 516 4203 615 4251; x_wconf 81' lang='lat' dir='ltr'><strong>autem</strong></span> <span class='ocrx_word' id='word_1_310' title='bbox 634 4191 677 4249; x_wconf 84' lang='lat' dir='ltr'><strong>od</strong></span> <span class='ocrx_word' id='word_1_311' title='bbox 700 4203 729 4250; x_wconf 83' lang='lat' dir='ltr'><strong>te</strong></span> <span class='ocrx_word' id='word_1_312' title='bbox 751 4196 852 4253; x_wconf 80' lang='lat' dir='ltr'><strong>uenio.</strong></span> 
     </span>
     <span class='ocr_line' id='line_1_41' title="bbox 107 4282 856 4352; baseline -0.005 -2"><span class='ocrx_word' id='word_1_313' title='bbox 107 4289 208 4352; x_wconf 89' lang='lat' dir='ltr'><strong>Viden&#39;</strong></span> <span class='ocrx_word' id='word_1_314' title='bbox 222 4286 381 4347; x_wconf 77' lang='lat' dir='ltr'><strong>humaniom</strong></span> <span class='ocrx_word' id='word_1_315' title='bbox 395 4283 476 4345; x_wconf 92' lang='lat' dir='ltr'><strong>modo</strong></span> <span class='ocrx_word' id='word_1_316' title='bbox 489 4283 674 4344; x_wconf 82' lang='lat' dir='ltr'><strong>concinnatam</strong></span> <span class='ocrx_word' id='word_1_317' title='bbox 687 4282 856 4345; x_wconf 78' lang='lat' dir='ltr'><strong>orationem?</strong></span> 
     </span>
     <span class='ocr_line' id='line_1_42' title="bbox 107 4372 854 4460; baseline -0.008 -18"><span class='ocrx_word' id='word_1_318' title='bbox 107 4384 201 4460; x_wconf 78' lang='lat' dir='ltr'><strong>loque</strong></span> <span class='ocrx_word' id='word_1_319' title='bbox 220 4380 243 4439; x_wconf 85' lang='lat' dir='ltr'><strong>si</strong></span> <span class='ocrx_word' id='word_1_320' title='bbox 262 4378 323 4458; x_wconf 91' lang='lat' dir='ltr'><strong>quis</strong></span> <span class='ocrx_word' id='word_1_321' title='bbox 342 4376 409 4437; x_wconf 76' lang='lat' dir='ltr'><strong>velit</strong></span> <span class='ocrx_word' id='word_1_322' title='bbox 421 4396 457 4435; x_wconf 83' lang='lat' dir='ltr'><strong>ex</strong></span> <span class='ocrx_word' id='word_1_323' title='bbox 469 4375 513 4434; x_wconf 83' lang='lat' dir='ltr'><strong>his</strong></span> <span class='ocrx_word' id='word_1_324' title='bbox 526 4372 628 4433; x_wconf 92' lang='lat' dir='ltr'><strong>Filium</strong></span> <span class='ocrx_word' id='word_1_325' title='bbox 648 4372 780 4453; x_wconf 76' lang='lat' dir='ltr'><strong>minume,</strong></span> <span class='ocrx_word' id='word_1_326' title='bbox 800 4377 854 4436; x_wconf 91' lang='lat' dir='ltr'><strong>mi·</strong></span> 
     </span>
     <span class='ocr_line' id='line_1_43' title="bbox 108 4466 856 4551; baseline -0.005 -17"><span class='ocrx_word' id='word_1_327' title='bbox 108 4489 172 4534; x_wconf 90' lang='lat' dir='ltr'><strong>nuet</strong></span> <span class='ocrx_word' id='word_1_328' title='bbox 185 4476 299 4533; x_wconf 85' lang='lat' dir='ltr'><strong>Patrem.</strong></span> <span class='ocrx_word' id='word_1_329' title='bbox 311 4468 503 4531; x_wconf 73' lang='lat' dir='ltr'><strong>Animadverte</strong></span> <span class='ocrx_word' id='word_1_330' title='bbox 512 4467 584 4528; x_wconf 84' lang='lat' dir='ltr'><strong>enim</strong></span> <span class='ocrx_word' id='word_1_331' title='bbox 594 4486 610 4526; x_wconf 80' lang='lat' dir='ltr'><strong>a</strong></span> <span class='ocrx_word' id='word_1_332' title='bbox 620 4466 756 4551; x_wconf 84' lang='lat' dir='ltr'><strong>principio</strong></span> <span class='ocrx_word' id='word_1_333' title='bbox 765 4469 856 4530; x_wconf 75' lang='lat' dir='ltr'><strong>zalind</strong></span> 
     </span>
     <span class='ocr_line' id='line_1_44' title="bbox 111 4558 856 4647; baseline -0.005 -22"><span class='ocrx_word' id='word_1_334' title='bbox 111 4567 186 4645; x_wconf 82' lang='lat' dir='ltr'><strong>quasi</strong></span> <span class='ocrx_word' id='word_1_335' title='bbox 202 4565 299 4624; x_wconf 86' lang='lat' dir='ltr'><strong>doeens</strong></span> <span class='ocrx_word' id='word_1_336' title='bbox 318 4576 344 4623; x_wconf 89' lang='lat' dir='ltr'><strong>et</strong></span> <span class='ocrx_word' id='word_1_337' title='bbox 366 4562 503 4647; x_wconf 81' lang='lat' dir='ltr'><strong>explicans</strong></span> <span class='ocrx_word' id='word_1_338' title='bbox 523 4558 605 4636; x_wconf 77' lang='lat' dir='ltr'><strong>dicit,</strong></span> <span class='ocrx_word' id='word_1_339' title='bbox 619 4558 697 4620; x_wconf 88' lang='lat' dir='ltr'><strong>aliud</strong></span> <span class='ocrx_word' id='word_1_340' title='bbox 713 4572 745 4619; x_wconf 93' lang='lat' dir='ltr'><strong>ut</strong></span> <span class='ocrx_word' id='word_1_341' title='bbox 760 4562 856 4643; x_wconf 70' lang='lat' dir='ltr'><strong>praei·</strong></span> 
     </span>
     <span class='ocr_line' id='line_1_45' title="bbox 110 4650 858 4740; baseline -0.003 -24"><span class='ocrx_word' id='word_1_342' title='bbox 110 4659 186 4740; x_wconf 84' lang='lat' dir='ltr'><strong>piens</strong></span> <span class='ocrx_word' id='word_1_343' title='bbox 201 4683 207 4715; x_wconf 94' lang='lat'><strong>:</strong></span> <span class='ocrx_word' id='word_1_344' title='bbox 220 4656 302 4717; x_wconf 89' lang='lat' dir='ltr'><strong>modo</strong></span> <span class='ocrx_word' id='word_1_345' title='bbox 314 4655 407 4730; x_wconf 80' lang='lat' dir='ltr'><strong>docet,</strong></span> <span class='ocrx_word' id='word_1_346' title='bbox 421 4667 452 4713; x_wconf 90' lang='lat' dir='ltr'><strong>ut</strong></span> <span class='ocrx_word' id='word_1_347' title='bbox 462 4673 524 4713; x_wconf 85' lang='lat' dir='ltr'><strong>eum</strong></span> <span class='ocrx_word' id='word_1_348' title='bbox 539 4650 624 4728; x_wconf 89' lang='lat' dir='ltr'><strong>dicit,</strong></span> <span class='ocrx_word' id='word_1_349' title='bbox 635 4653 704 4712; x_wconf 83' lang='lat' dir='ltr'><strong>Non</strong></span> <span class='ocrx_word' id='word_1_350' title='bbox 711 4672 766 4734; x_wconf 81' lang='lat' dir='ltr'><strong>pm</strong></span> <span class='ocrx_word' id='word_1_351' title='bbox 774 4674 858 4714; x_wconf 72' lang='lat' dir='ltr'><strong>mum</strong></span> 
     </span>
     <span class='ocr_line' id='line_1_46' title="bbox 112 4743 859 4832; baseline -0.008 -20"><span class='ocrx_word' id='word_1_352' title='bbox 112 4755 149 4812; x_wconf 85' lang='lat' dir='ltr'><strong>do</strong></span> <span class='ocrx_word' id='word_1_353' title='bbox 161 4772 243 4832; x_wconf 82' lang='lat' dir='ltr'><strong>rogo,·</strong></span> <span class='ocrx_word' id='word_1_354' title='bbox 255 4748 337 4808; x_wconf 89' lang='lat' dir='ltr'><strong>modo</strong></span> <span class='ocrx_word' id='word_1_355' title='bbox 348 4745 470 4829; x_wconf 84' lang='lat' dir='ltr'><strong>praeoipit</strong></span> <span class='ocrx_word' id='word_1_356' title='bbox 481 4768 488 4801; x_wconf 73' lang='grc' dir='ltr'><strong>ε</strong></span> <span class='ocrx_word' id='word_1_357' title='bbox 498 4743 560 4824; x_wconf 81' lang='lat' dir='ltr'><strong>Ego</strong></span> <span class='ocrx_word' id='word_1_358' title='bbox 569 4743 705 4804; x_wconf 81' lang='lat' dir='ltr'><strong>mstodivi</strong></span> <span class='ocrx_word' id='word_1_359' title='bbox 714 4764 760 4804; x_wconf 81' lang='lat' dir='ltr'><strong>eos</strong></span> <span class='ocrx_word' id='word_1_360' title='bbox 772 4766 859 4825; x_wconf 80' lang='lat' dir='ltr'><strong>usque</strong></span> 
     </span>
     <span class='ocr_line' id='line_1_47' title="bbox 112 4840 860 4923; baseline -0.011 -16"><span class='ocrx_word' id='word_1_361' title='bbox 112 4846 205 4919; x_wconf 90' lang='lat' dir='ltr'><strong>modo,</strong></span> <span class='ocrx_word' id='word_1_362' title='bbox 220 4848 260 4904; x_wconf 83' lang='lat' dir='ltr'><strong>Et</strong></span> <span class='ocrx_word' id='word_1_363' title='bbox 273 4863 356 4902; x_wconf 82' lang='lat' dir='ltr'><strong>nemo</strong></span> <span class='ocrx_word' id='word_1_364' title='bbox 366 4844 465 4923; x_wconf 85' lang='lat' dir='ltr'><strong>periit,·</strong></span> <span class='ocrx_word' id='word_1_365' title='bbox 476 4852 517 4911; x_wconf 86' lang='lat' dir='ltr'><strong>et,</strong></span> <span class='ocrx_word' id='word_1_366' title='bbox 532 4840 576 4897; x_wconf 85' lang='lat' dir='ltr'><strong>Tu</strong></span> <span class='ocrx_word' id='word_1_367' title='bbox 589 4858 674 4897; x_wconf 76' lang='lat' dir='ltr'><strong>sorva</strong></span> <span class='ocrx_word' id='word_1_368' title='bbox 687 4856 749 4908; x_wconf 81' lang='lat' dir='ltr'><strong>eos,-</strong></span> <span class='ocrx_word' id='word_1_369' title='bbox 760 4853 787 4898; x_wconf 85' lang='lat' dir='ltr'><strong>et</strong></span> <span class='ocrx_word' id='word_1_370' title='bbox 799 4861 860 4899; x_wconf 83' lang='lat' dir='ltr'><strong>rur·</strong></span> 
     </span>
     <span class='ocr_line' id='line_1_48' title="bbox 112 4931 857 5015; baseline -0.011 -15"><span class='ocrx_word' id='word_1_371' title='bbox 112 4962 170 5015; x_wconf 91' lang='lat' dir='ltr'><strong>sus,</strong></span> <span class='ocrx_word' id='word_1_372' title='bbox 190 4941 246 4998; x_wconf 83' lang='lat' dir='ltr'><strong>Tui</strong></span> <span class='ocrx_word' id='word_1_373' title='bbox 263 4947 358 5006; x_wconf 78' lang='lat' dir='ltr'><strong>eram,</strong></span> <span class='ocrx_word' id='word_1_374' title='bbox 381 4947 409 4994; x_wconf 85' lang='lat' dir='ltr'><strong>et</strong></span> <span class='ocrx_word' id='word_1_375' title='bbox 429 4934 504 4992; x_wconf 82' lang='lat' dir='ltr'><strong>milti</strong></span> <span class='ocrx_word' id='word_1_376' title='bbox 520 4931 589 4991; x_wconf 83' lang='lat' dir='ltr'><strong>iilos</strong></span> <span class='ocrx_word' id='word_1_377' title='bbox 601 4931 720 5002; x_wconf 86' lang='lat' dir='ltr'><strong>dedisti;</strong></span> <span class='ocrx_word' id='word_1_378' title='bbox 729 4944 768 5008; x_wconf 84' lang='lat' dir='ltr'><strong>et,</strong></span> <span class='ocrx_word' id='word_1_379' title='bbox 783 4933 857 4992; x_wconf 84' lang='lat' dir='ltr'><strong>Cum</strong></span> 
     </span>
    </p>

    <p class='ocr_par' dir='ltr' id='par_1_27' title="bbox 75 5019 857 5110">
     <span class='ocr_line' id='line_1_49' title="bbox 75 5019 857 5110; baseline -0.015 -15"><span class='ocrx_word' id='word_1_380' title='bbox 75 5063 92 5110; x_wconf 73' lang='lat' dir='ltr'><strong>p</strong></span> <span class='ocrx_word' id='word_1_381' title='bbox 113 5054 202 5094; x_wconf 84' lang='lat' dir='ltr'><strong>essem</strong></span> <span class='ocrx_word' id='word_1_382' title='bbox 212 5036 244 5089; x_wconf 84' lang='lat' dir='ltr'><strong>in</strong></span> <span class='ocrx_word' id='word_1_383' title='bbox 255 5029 375 5098; x_wconf 82' lang='lat' dir='ltr'><strong>mundo,</strong></span> <span class='ocrx_word' id='word_1_384' title='bbox 385 5025 625 5087; x_wconf 82' lang='lat' dir='ltr'><strong>servabamilios.</strong></span> <span class='ocrx_word' id='word_1_385' title='bbox 637 5019 757 5084; x_wconf 83' lang='lat' dir='ltr'><strong>Sodhaec</strong></span> <span class='ocrx_word' id='word_1_386' title='bbox 767 5025 857 5085; x_wconf 86' lang='lat' dir='ltr'><strong>omnia</strong></span> 
     </span>
    </p>
   </div>
   <div class='ocr_carea' id='block_1_3' title="bbox 134 5195 860 5273">
    <p class='ocr_par' dir='ltr' id='par_1_28' title="bbox 134 5195 860 5273">
     <span class='ocr_line' id='line_1_50' title="bbox 134 5195 860 5273; baseline -0.004 -19"><span class='ocrx_word' id='word_1_387' title='bbox 134 5213 145 5245; x_wconf 80' lang='grc' dir='ltr'><strong>Ι·</strong></span> <span class='ocrx_word' id='word_1_388' title='bbox 164 5205 247 5256; x_wconf 70' lang='lat' dir='ltr'><strong>ilorci.</strong></span> <span class='ocrx_word' id='word_1_389' title='bbox 264 5212 306 5273; x_wconf 71' lang='lat' dir='ltr'><strong>ipa</strong></span> <span class='ocrx_word' id='word_1_390' title='bbox 322 5209 365 5268; x_wconf 73' lang='grc' dir='ltr'><strong>μὲν</strong></span> <span class='ocrx_word' id='word_1_391' title='bbox 379 5212 423 5272; x_wconf 67' lang='grc' dir='ltr'><strong>γὰρ</strong></span> <span class='ocrx_word' id='word_1_392' title='bbox 444 5208 474 5263; x_wconf 69' lang='grc' dir='ltr'><strong>ἐξ.</strong></span> <span class='ocrx_word' id='word_1_393' title='bbox 490 5199 564 5268; x_wconf 67' lang='lat' dir='ltr'><strong>{Mox</strong></span> <span class='ocrx_word' id='word_1_394' title='bbox 577 5195 652 5250; x_wconf 81' lang='lat' dir='ltr'><strong>savii.</strong></span> <span class='ocrx_word' id='word_1_395' title='bbox 667 5202 774 5251; x_wconf 68' lang='lat' dir='ltr'><strong>itidemne</strong></span> <span class='ocrx_word' id='word_1_396' title='bbox 785 5202 860 5267; x_wconf 63' lang='lat' dir='ltr'><strong>paui]</strong></span> 
     </span>
    </p>
   </div>
   <div class='ocr_carea' id='block_1_4' title="bbox 0 0 1890 5940">
    <p class='ocr_par' dir='ltr' id='par_1_29' title="bbox 0 0 1890 5940">
     <span class='ocr_line' id='line_1_51' title="bbox 0 0 1890 5940; baseline 0 0"><span class='ocrx_word' id='word_1_397' title='bbox 0 0 1890 5940; x_wconf 95' lang='lat' dir='ltr'><strong> </strong></span> 
     </span>
    </p>
   </div>
  </div>
 </body>
</html>
