3750 5940
53 424 107 473 un.
133 424 229 474 uiti.
257 401 306 474 al.
334 424 415 475 extr.
779 404 850 500 457

53 583 57 595 ·
106 547 307 609 udmittati'aut
317 547 452 629 quomodo
466 546 517 608 sihi
529 549 625 631 junget
634 547 788 610 membmm
796 571 853 610 me·

53 683 57 710 ‚
72 642 91 691 B
106 640 231 700 tetricis?
245 640 281 700 Et
289 640 354 701 vide
366 662 447 721 quam
461 641 530 700 mira
545 662 587 700 res
596 641 640 701 sit.
653 641 722 714 Qure
736 664 798 703 cum
813 641 853 702 in·

53 758 57 800 ;
106 732 180 792 fideti
191 733 306 809 habitat,
317 755 370 794 non
385 748 422 795 est
438 733 545 816 impura
558 739 632 810 (uam
645 726 852 818 Sanctificatus
866 763 886 797 r.
902 749 958 798 cor.
980 766 1004 813 7.

53 832 57 880 t
106 839 159 899 est,
182 826 280 906 iuquit,
291 831 341 887 vir
351 828 481 911 infidelis
497 831 529 886 in
545 828 682 906 muliere)
696 851 703 886 t
720 827 754 888 de
767 850 854 889 mere·
866 813 903 876 ¹4·

53 953 58 966 ·
106 918 172 977 trice
183 939 236 978 non
247 920 295 997 sic,
309 919 356 980 sed
367 920 523 998 quomodo?
540 921 656 980 Tollens
670 919 755 1000 igitur
765 943 854 981 mem·
864 949 926 994 md,
937 942 1005 996 αις,

53 1038 57 1052 ·
108 1013 162 1069 bra
174 1013 297 1089 Christi,
307 1015 428 1096 saetam
446 1017 577 1074 membra
589 1017 773 1075 nteretrier's?
793 1014 855 1076 lllic

53 1104 233 1189 ‚meonetius
246 1119 344 1181 manet,
360 1104 462 1165 infideli
477 1127 540 1165 cum
554 1105 602 1164 itta
615 1105 775 1186 babitaute3
790 1106 856 1168 hinc

53 1219 58 1260 t
74 1208 91 1252 a
107 1194 215 1254 recedit.
227 1198 318 1256 Grave
329 1219 444 1276 namque
454 1197 556 1256 malum
572 1211 612 1258 est
626 1197 779 1276 fornicatio,
794 1218 856 1279 gre-

53 1317 57 1351 ι
107 1307 140 1345 vc
152 1287 253 1366 utique,
264 1302 290 1347 et
299 1289 452 1348 immortale
462 1291 576 1349 asserens
591 1288 764 1371 supplicium.
778 1288 814 1350 Et
827 1293 856 1352 in

53 1417 58 1428 ·
106 1378 158 1437 bac
171 1379 227 1439 vita
241 1380 381 1441 innumera
396 1383 507 1442 attrabit
520 1381 602 1457 mala,
616 1382 702 1442 vitem
716 1383 855 1463 miseram,

53 1501 57 1528 t
83 1505 86 1509 ›
107 1490 154 1529 nec
168 1470 315 1546 meliorem,
324 1495 405 1552 quam
420 1496 513 1534 corum
524 1474 570 1554 qui
584 1473 717 1555 supplicio
729 1475 856 1537 afficiun-

53 1592 57 1627 t
107 1578 161 1640 tur,
175 1564 242 1625 dum
256 1567 284 1626 in
302 1568 418 1628 alienam
428 1568 542 1629 domurn
560 1569 655 1628 furtim
669 1584 698 1630 et
716 1591 779 1630 curn
797 1585 856 1631 tre-

53 1695 57 1707 =
106 1681 182 1719 more
201 1661 363 1741 ingreditur,
379 1684 524 1742 omnesque
536 1677 673 1745 suspectos
692 1663 784 1743 hebet,
800 1679 856 1725 tum

53 1761 56 1808 ῐ
105 1772 197 1811 servos
221 1773 304 1829 quam
321 1753 429 1814 liberos.
449 1753 632 1826 Quamobrem
646 1754 783 1830 obsecro,
805 1757 858 1817 hoe

53 1874 54 1888 κ
105 1863 154 1902 ros
164 1843 291 1924 expedire
305 1846 400 1905 morbo
413 1847 521 1905 curetis.
530 1846 578 1906 Siu
592 1867 646 1907 non
656 1847 855 1929 obsequamini,

53 1975 54 1981 κ
108 1959 142 1998 ne
155 1938 181 1997 in
196 1960 269 1998 sarra
282 1939 377 1998 iimina
392 1940 590 2019 ingrediamini.
604 1944 674 2001 Nam
686 1943 857 2005 scubiosaset

108 2032 245 2092 morbidas
258 2055 321 2095 oves
334 2055 388 2093 non
401 2048 503 2116 oportet
517 2038 545 2094 iu
556 2036 625 2096 bene
637 2036 787 2098 valentium
797 2059 857 2119 gre-

107 2145 140 2203 ge
164 2126 281 2197 versari,
296 2125 344 2186 sed
366 2127 402 2186 ab
421 2126 487 2187 ovili
507 2127 646 2208 exigendae
667 2143 730 2189 sunt
741 2158 757 2208 ,·
771 2128 858 2192 donee.

107 2218 231 2277 morbum
245 2218 387 2300 deponant.
400 2222 478 2297 Nam¹
489 2220 610 2281 membra
624 2222 726 2282 Christi
744 2243 856 2285 sumus:

72 2313 89 2360 B
106 2329 139 2368 nc
151 2311 302 2370 efficiamur
314 2312 436 2371 membra
448 2312 604 2372 meretricis.
618 2314 678 2372 Nou
694 2327 734 2374 est
742 2313 858 2397 lupanar

107 2403 151 2461 bic
165 2401 248 2477 locus,
262 2403 308 2463 sed
323 2404 479 2466 ecclesia.Si
489 2404 643 2465 membrum
654 2406 858 2469 meretricisba-

53 2543 54 2555 ,
107 2493 181 2574 beas,
192 2519 225 2556 ne
238 2511 290 2557 stes
300 2497 328 2557 in
343 2498 464 2574 ecclesia,
475 2497 608 2558 uelorum
621 2499 782 2560 contumelia
795 2501 858 2561 affi-

107 2590 170 2648 cias.
184 2589 299 2649 Etiamsi
311 2592 382 2650 enim
393 2591 512 2671 gebenna
522 2591 615 2667 nulia,
630 2592 737 2653 nullum
748 2593 858 2676 suppli-

106 2682 179 2740 cium
195 2697 273 2759 esset,
288 2698 348 2764 post
364 2698 441 2765 pacta
464 2684 511 2743 illa
524 2698 550 2743 et
566 2685 701 2767 nuptiales
714 2685 856 2765 lucernas,

105 2788 165 2856 post
180 2777 285 2856 justum
304 2777 403 2835 lectum
418 2790 444 2835 et
457 2776 606 2837 liberorum
624 2777 856 2858 procreationem,
902 2781 905 2785 ’

104 2884 165 2950 post
181 2868 232 2927 tale
248 2870 422 2942 consortium,
433 2868 569 2948 quomodo
582 2869 666 2929 audes
678 2869 758 2929 alteri
773 2891 857 2953 copu-

105 2959 176 3019 lari?
188 2983 237 3019 rur
250 2982 301 3020 non
323 2961 442 3035 vereris,
454 2982 502 3020 nec
515 2960 670 3020 erubescis?
684 2963 727 3021 An
746 2962 856 3043 ignores

104 3074 148 3112 eos
162 3054 209 3131 qni
224 3066 283 3133 post
298 3054 390 3123 uxoris
403 3066 526 3129 mortem,
540 3051 622 3111 aliam
631 3051 744 3129 discunt,
755 3076 770 3113 u
783 3053 855 3113 mirl-

103 3144 139 3202 tis
150 3145 309 3225 improbari,
322 3144 427 3203 etiamsi
438 3164 532 3225 poenas
544 3164 596 3202 nou
609 3143 701 3204 dauni
714 3144 793 3205 sint?
806 3146 852 3205 Tu

102 3260 177 3313 vcro,
194 3259 278 3296 uxore
288 3237 447 3318 superstite,
461 3236 543 3296 aliam
566 3235 680 3296 inducis.
696 3236 791 3318 Ecqua
812 3251 854 3298 est

101 3330 148 3389 illo
160 3330 457 3390 incontinentiaibisce
469 3352 530 3409 qnae
543 3330 594 3390 hac
606 3328 641 3390 de
654 3329 764 3391 redicta
778 3331 851 3392 siut:

65 3417 84 3464 (ἶ
102 3427 213 3482 Vermis
224 3445 324 3483 eorum
337 3445 397 3483 non
415 3428 565 3497 morietur,
581 3438 610 3483 et
630 3428 707 3505 ignis
719 3446 779 3499 non
797 3448 851 3486 ex-
861 3452 938 3500 nm
955 3467 979 3515 9,

97 3521 270 3597 stiuguetur.
286 3518 374 3576 Minas
388 3517 571 3598 perhorresce,
586 3516 652 3576 time
673 3519 849 3600 supplicium.
860 3513 903 3595 4⁵2

98 3612 159 3670 Non
174 3625 213 3669 est
227 3624 299 3669 tanta
315 3610 359 3669 bic
375 3610 513 3692 voluptas,
526 3624 659 3689 quantum
673 3611 731 3671 illic
741 3613 851 3694 suppli-

97 3703 179 3761 cium.
195 3705 300 3764 Verum
313 3703 384 3761 absit
398 3717 428 3761 ut
441 3704 503 3783 quis
522 3702 569 3762 tali
586 3703 620 3762 sit
632 3703 767 3764 obnoxius
781 3728 850 3788 sup-

97 3795 178 3876 plicio
190 3820 197 3867 ;
210 3795 256 3854 scd
269 3795 373 3854 utinam
385 3797 553 3855 sanctitatem
564 3809 695 3856 sectantes
708 3795 850 3858 videamus

98 3889 254 3964 Christum,
269 3903 295 3947 et
316 3889 457 3969 promissis
470 3890 594 3947 fruamur
606 3888 685 3947 bunis
701 3912 708 3945 :
724 3911 785 3968 quse
800 3911 851 3950 nos

97 4004 189 4042 ornnes
203 3982 307 4061 assequi
322 3982 467 4062 contingat,
479 3982 565 4061 gratia
575 3995 601 4040 et
614 3981 780 4061 benignitate
791 3985 850 4044 Do—

98 4075 164 4133 mini
179 4075 262 4133 nostri
275 4077 339 4134 Jesu
354 4073 470 4154 Christi,
481 4073 592 4153 quicum
601 4073 674 4131 Patri
687 4073 773 4153 gloria
783 4096 850 4134 una·

97 4188 150 4245 qne
164 4166 280 4248 Spiritui
297 4179 400 4241 sancto,
417 4165 443 4224 in
458 4165 554 4225 sucula
572 4163 739 4225 saeculorum.
754 4168 849 4226 Amen.

120 4563 130 4587 e
142 4545 189 4597 Alii
200 4554 235 4613 μὴ
244 4549 361 4613 βούλεσθε,
374 4557 419 4596 τῶν
428 4546 515 4596 ἀδύτων
522 4554 565 4610 μή.

120 4623 255 4689 onidam
269 4630 434 4695 προστίθεσθαι.
