3750 5940
50 461 157 508 rouro.
185 460 242 508 ιιι.
271 439 314 509 ni.
342 463 386 508 ιι.
794 437 858 510 351

49 617 64 627 ·
122 583 269 648 ductorem·
281 587 384 642 Verum
404 605 455 642 non
474 584 510 642 ita
529 582 617 656 dixit,
631 583 677 642 sed
700 583 863 644 moderatius

47 672 66 732 ,ὰ
85 676 101 719 ⁰
122 678 255 755 ingentem
273 677 383 736 illorum
402 677 533 757 impetum
545 675 696 752 cohibebat,
710 697 812 736 necnon
829 678 863 736 it-

120 769 208 826 lornm
221 767 470 827 inconsiderantiam
480 783 505 828 et
517 768 721 848 sanguinarium
728 769 860 849 animum.

47 858 65 902 '·
120 862 184 922 Ideo
200 864 226 920 in
242 864 326 942 legem
346 884 495 922 sermonem
517 863 656 936 convertit,
670 864 781 942 sitque:
797 866 864 924 Nisi

51 985 62 994 ·
121 960 247 1017 audierit
267 960 431 1038 diligenter,
446 972 475 1017 et
495 963 660 1039 cognoverit
673 961 860 1041 quidsaoirrt.

47 1053 64 1103 ι’
119 1052 212 1129 ltaque
230 1073 281 1111 non
299 1052 394 1110 audire
408 1065 511 1110 tanturn
526 1064 640 1131 oportet,
656 1051 702 1110 sed
719 1051 864 1131 diligenter

47 1139 61 1215 Ῑ
120 1139 214 1199 audire
227 1167 233 1198 ε
247 1142 274 1199 id
295 1141 365 1200 enim
382 1142 433 1200 sibi
450 1142 511 1201 vult
536 1140 614 1217 illud,
631 1143 672 1200 Et
696 1146 863 1222 cognoverit

47 1251 64 1284 t·
120 1237 194 1314 quid
208 1222 410 1319 faciat,‘quid
428 1233 506 1310 velit,
532 1254 628 1313 quam,
647 1245 674 1291 et
692 1254 774 1312 quem
805 1254 863 1293 rem

47 1353 63 1362 ·
119 1343 226 1408 spectet,
233 1351 266 1388 nn
276 1330 310 1389 ad
324 1330 477 1410 reipublice
489 1329 654 1389 eversionem
662 1328 753 1388 tendat
767 1342 797 1387 ut
812 1327 862 1387 ini·

120 1422 213 1480 micus.
230 1423 391 1481 Dubitantcs
409 1443 472 1502 ergo
491 1443 553 1481 curn
575 1421 716 1496 dixissent,
728 1420 862 1479 neminem

50 1539 61 1547 ·
119 1515 273 1596 principum
285 1517 312 1574 in
333 1515 421 1595 ipsum
438 1517 556 1593 credere,
570 1535 617 1574 nec
632 1514 802 1576 vehementer
815 1534 862 1573 nec

120 1608 228 1666 remisse
241 1608 267 1667 in
281 1630 343 1667 cunr
356 1609 486 1668 feruntur.

47 1694 101 1763 ‚4ss
160 1704 188 1758 9.
213 1701 344 1771 Quaennm
370 1701 427 1759 haec
450 1700 647 1780 consequentia,
672 1700 720 1759 illo
745 1699 860 1776 dicente,

47 1815 64 1861 i,
120 1793 181 1849 Lex
196 1805 295 1851 nostra
309 1795 491 1873 nonjudicari
502 1790 860 1874 preernquamuerpoudere:

47 1905 54 1940 .·
120 1887 168 1943 52.
186 1885 341 1965 Nurnquid
355 1897 381 1941 et
395 1897 425 1942 tu
437 1906 473 1941 ex
487 1885 615 1943 Gattlaea
626 1904 655 1941 es
669 1884 762 1941 iCum
784 1902 862 1963 opor-

120 1977 212 2035 tuisset
235 1978 307 2036 enim
326 1976 466 2035 ostendere
487 1998 515 2034 sc
531 1996 584 2035 non
603 1989 703 2034 temere
715 1995 746 2033 eo
759 1974 863 2033 misisse

47 2066 64 2124 Ξ·
120 2070 166 2146 qui
183 2069 261 2128 illum
272 2084 409 2144 vocarent,
425 2084 452 2128 ct
465 2091 517 2129 non
534 2090 602 2149 opus
620 2089 677 2127 esse
690 2067 781 2149 ipsum
794 2067 863 2126 olio·

120 2164 178 2238 qui,
202 2163 296 2221 acerbe
318 2163 469 2241 furioseque
493 2174 653 2242 reponunt:
677 2160 813 2220 senum
834 2173 863 2218 et

47 2277 50 2308 :
121 2258 200 2325 vide,
217 2261 288 2335 quia
311 2277 347 2314 ex
370 2256 499 2315 Galiloea
519 2257 661 2334 propheta
685 2257 860 2333 consurgit.

47 2367 62 2400 u
73 2377 109 2414 ως
120 2347 195 2419 Quid
215 2350 286 2407 enim
300 2347 373 2408 dixit
385 2348 468 2406 homo
485 2346 553 2404 ittet
564 2368 631 2406 num
645 2345 718 2426 quod
731 2346 862 2428 propheto

47 2459 64 2493 τι
84 2432 101 2476 Α
120 2441 209 2499 esset.a
225 2441 321 2517 Dixit,
339 2461 391 2498 non
412 2438 567 2519 judicatum
589 2460 643 2498 non
669 2438 756 2498 occidi
782 2458 863 2519 opor-
916 2463 932 2473 ·

47 2524 64 2583 Γ·
120 2546 183 2591 terc.
211 2532 254 2591 lili
278 2554 341 2592 vcro
363 2531 563 2609 contumeliose,
578 2552 610 2591 ec
623 2533 646 2592 si
660 2532 863 2613 Scripturarum

47 2642 63 2676 u
120 2646 228 2704 prorsus
239 2625 348 2703 ignarus
360 2637 436 2698 esset,
447 2622 503 2682 haec
515 2637 655 2704 reponunt,
664 2644 695 2682 oc
703 2618 862 2683 sidicerent:

47 2735 64 2768 'u
121 2717 208 2792 Vade,
224 2718 297 2777 disce
308 2741 316 2793 ς
334 2716 363 2774 id
387 2715 459 2774 enim
483 2716 535 2773 sibi
556 2714 710 2792 rultiilud,
725 2717 864 2776 Semtare

47 2827 65 2860 τ·
119 2823 146 2866 et
170 2811 247 2868 uide.
260 2809 336 2880 Quid
355 2830 418 2886 crgo
435 2800 666 2882 Christus?'Quia
683 2808 826 2868 Galilaenm
838 2822 863 2867 et

47 2930 62 2952 ι·
119 2901 277 2981 prophetam
302 2922 406 2980 semper
430 2898 458 2957 in
480 2921 527 2957 ore
545 2900 694 2977 versabant,
716 2920 808 2959 omnes
828 2898 863 2958 eb

47 2986 65 3046 i·
119 2994 204 3051 aliena
219 2991 344 3072 opinione
355 3013 506 3068 removens,
519 3005 544 3049 et
557 2991 699 3050 ostendens
708 3010 796 3051 senon
805 3012 863 3050 esse

47 3105 62 3139 t.
119 3106 201 3149 unum
226 3106 260 3142 ex
274 3084 424 3164 prophetis,
442 3084 488 3142 sed
512 3082 607 3142 mundi
621 3083 781 3159 Dominum,
800 3083 860 3142 nite

46 3196 64 3239 ς·
119 3183 131 3237 1
139 3183 168 3237 9.
187 3181 250 3258 Ego
262 3199 327 3237 sum
339 3179 393 3236 lux
405 3178 516 3235 mundi.
531 3178 591 3235 Non
604 3176 734 3252 Galilaeee,
748 3176 861 3236 nonPn·
870 3185 926 3247 ssep.
938 3183 962 3230 ⁸.

47 3268 63 3334 ἦ
118 3272 238 3346 lrcstinae,
255 3291 306 3328 non
319 3270 429 3332 iudice.
445 3268 522 3342 Quid
535 3289 616 3350 porro
629 3267 737 3331 Judaeii’
751 3270 799 3328 to.
817 3270 861 3328 Tu

47 3368 65 3423 ῖς
119 3367 155 3423 de
176 3367 264 3443 teipso
281 3367 477 3423 testimonium
497 3363 639 3440 perhibes,
665 3365 862 3420 testimonium

56 3496 63 3522 ‚
120 3470 200 3515 tirum
224 3477 282 3513 non
302 3468 345 3514 est
367 3475 480 3513 oerum.
500 3457 525 3513 Ο
545 3453 708 3516 stultitiam!
728 3453 772 3513 nd
788 3453 861 3514 Scri·

47 3567 63 3613 ¹3
82 3547 98 3590 Β
119 3563 212 3628 pturas
228 3549 289 3606 illos
300 3569 404 3628 semper
420 3546 513 3620 mittit,
523 3546 663 3623 etdicunt,
681 3549 724 3606 Tu
736 3553 862 3606 testimo·

47 3633 62 3691 d
119 3645 200 3698 nium
211 3642 343 3719 perhibes
359 3641 396 3697 de
411 3644 509 3718 teipso.
522 3636 603 3710 Quod
619 3653 708 3697 utitem
723 3636 862 3719 perhibuit

47 3725 61 3798 d
119 3733 325 3792 testimonium?
344 3735 409 3812 Ego
433 3753 497 3790 sum
522 3733 575 3790 lue
599 3733 710 3790 mrtndi.
730 3734 860 3810 Magnum

47 3843 61 3876 υ
118 3828 231 3897 dictum,
244 3826 336 3903 utiquc
350 3845 486 3903 magnum.
502 3823 556 3883 Sed
574 3844 627 3882 non
648 3823 728 3883 valde
741 3823 861 3882 iliosex·

49 3943 62 3976 ο
118 3918 243 3997 agitarit,
259 3917 322 3994 quia
338 3938 385 3974 nec
401 3937 429 3973 se
441 3917 497 3995 jam
511 3915 641 3993 aeqrtulem
656 3913 730 3973 Patri
741 3913 860 3989 dicebat,

101 4084 164 4136 einr,
178 4085 215 4127 καὶ
227 4080 277 4133 τοὺς
289 4080 402 4142 ὑπηρέτας
421 4081 504 4127 ἐπαινεῖ
515 4083 582 4125 τοῦτο
598 4083 760 4130 πεποιηκότας·
776 4079 826 4137 ἅμα
837 4076 861 4123 δί

100 4162 135 4206 καὶ
149 4159 227 4211 nire-ie
239 4162 361 4205 αἰνίττεται
374 4158 423 4210 τοὺς
434 4161 562 4221 propraetore
574 4163 646 4220 κρυρῇ
658 4156 709 4208 τοὺς
720 4155 796 4208 δόλους
806 4157 861 4205 πλι-

47 4259 49 4267 ·
100 4256 185 4293 κοντος,
198 4242 233 4283 zat
246 4240 268 4283 ἐν
281 4246 312 4297 τῷ
325 4242 396 4296 σκότῳ
410 4238 446 4282 καὶ
456 4244 484 4295 τῇ
498 4235 571 4297 πλάνῃ
582 4235 656 4288 ὄντας,
669 4233 731 4281 ἀλλὰ
742 4237 781 4281 τοῦ
791 4237 862 4299 φωτὸς

100 4320 124 4364 oi
147 4321 328 4381 πεμπομένους,
351 4317 388 4360 καὶ
406 4318 444 4360 τὸν
464 4312 588 4372 Νικόδημον
608 4313 785 4373 ὑπομιμνήσκει,
810 4318 859 4357 etc.

103 4390 156 4439 Uiri
175 4388 311 4437 notandum
332 4386 408 4435 rerba
427 4385 484 4449 itta,
505 4393 531 4437 rt
550 4394 595 4456 γὰρ
614 4392 709 4454 κράξαι,
729 4393 796 4438 τοῦτο
815 4392 862 4446 ὅση

99 4475 237 4534 βουλομένου
258 4475 432 4528 κατασκευάσαι,
447 4470 504 4516 ὧοτι
526 4473 637 4522 κάκείνους
654 4473 755 4527 ἀκοῦσαι,
775 4463 809 4513 ab
833 4479 862 4513 eo

47 4571 50 4579 ·
101 4565 150 4594 uuo
164 4548 240 4594 lituro
254 4545 352 4601 induci,
368 4555 498 4610 tamquam
517 4543 682 4609 supposititia,
702 4553 726 4591 et
743 4542 792 4592 alii
807 4543 862 4595 ioco

47 4650 50 4659 ·
100 4629 181 4691 iringis
197 4624 291 4672 debito.
306 4620 357 4673 Sed
369 4638 425 4671 meo
439 4619 534 4687 judicio
547 4618 617 4670 loeus
629 4616 692 4671 bene
704 4618 808 4671 hebebit
822 4639 863 4670 us·

47 4713 50 4748 t
100 4721 148 4766 quc
160 4701 193 4751 ud
206 4700 257 4750 lunc
269 4699 354 4752 verbu.
368 4709 396 4752 τὸ
407 4706 559 4770 γὰοκρὰξαι,
572 4699 592 4748 ei
606 4716 680 4764 supra
692 4698 758 4767 legun
769 4707 807 4752 eod
818 4709 863 4771 γὰρ

47 4822 49 4834 .
101 4787 157 4836 πολὺ
176 4789 242 4833 τοῦτο
266 4791 352 4846 μεῖζον,
373 4797 424 4828 non
446 4794 505 4827 tero
523 4786 595 4831 καίτοι
616 4783 674 4831 πολὺ
690 4789 756 4832 τοῦτο
773 4789 860 4844 μεῖζον.

101 4857 176 4921 Quod
187 4869 284 4922 spectat
294 4869 376 4907 nutem
390 4854 431 4905 itta
446 4853 529 4916 verba,
543 4864 569 4908 τὸ
583 4865 626 4926 γὰρ
637 4863 718 4924 κ,ιο’.ξιι
730 4863 796 4909 τοῦτο
806 4865 861 4917 ieri,

47 4946 52 4987 t
101 4949 161 4999 etc,
176 4954 226 4985 non
240 4933 312 4985 rideo
335 4952 383 5001 qun
396 4933 495 4983 ratione
507 4931 539 4982 ud
555 4931 621 4983 huno
633 4932 722 4984 seriem
734 4945 861 4999 spectent,

46 5042 54 5051 ·
103 5029 128 5065 et
140 5016 174 5065 ἰΙιὶ
186 5014 280 5081 aliquid
291 5011 390 5064 subesse
401 5016 456 5063 vitii
465 5014 591 5077 suspicor,
604 5010 647 5062 sed
659 5015 711 5062 sinc
723 5013 862 5063 Monuoori-

47 5119 55 5143 ν
105 5108 205 5160 ptorum
221 5095 372 5142 micturitute
391 5091 452 5143 nihil
465 5104 599 5142 mutumus.
616 5090 683 5141 Illud
696 5100 804 5152 veroni
819 5101 863 5161 γὰρ

49 5185 56 5228 ‘r
106 5183 196 5244 ιρὰξιι,
210 5172 307 5223 ridetur
321 5170 440 5237 respicere
454 5169 515 5221 iliud
528 5188 583 5236 cup.
593 5166 864 5236 septimiprteoedentis

47 5285 52 5293 -
108 5274 131 5303 t.
146 5257 233 5315 3222'1
248 5259 326 5319 ἑίςοξι
339 5259 415 5317 λέγων.

654 5316 703 5371 ΕΜ.
