3750 5940
51 432 117 484 eu..
145 432 204 484 ev.
231 410 280 483 al.
308 433 377 482 ue.
773 413 837 507 371

102 577 151 616 vos
172 556 252 616 illum
273 575 361 633 nosse,
381 553 522 616 mendieos
544 555 617 614 estis.
639 558 727 635 Aeque
745 570 776 615 ut
795 575 846 617 ros

102 667 178 708 noue
190 647 257 707 salso
269 648 374 723 dicitis,
389 647 427 706 ita
440 667 490 726 ego
505 667 548 707 me
563 667 616 706 non
629 668 705 707 nosse
715 647 783 708 laloo
795 647 844 707 di·

102 762 198 800 cerem.
211 741 242 800 Si
252 760 304 820 ego
313 740 446 821 glorifico
460 732 610 820 meipsum.
622 739 694 811 Quia
705 739 844 816 dicebant,

105 836 196 911 Quem
218 838 339 914 teipsum
350 835 436 915 sacis
446 838 459 890 t
470 831 614 912 respondet
626 832 714 909 ille,Si
723 854 844 914 egem

67 925 86 973 ῐ)
102 929 195 1006 ipsum
206 925 287 1001 facio,
298 925 394 1004 glorie
411 944 476 982 meu
489 925 566 983 nillil
576 937 628 983 est.
644 925 683 983 Ut
693 944 757 1004 ergo
766 924 844 983 illum

102 1019 216 1096 perferte
231 1016 313 1092 novi,
329 1017 368 1075 sie
386 1036 435 1075 vos
449 1015 579 1095 ignoratis
601 1017 700 1097 ipsum.
723 1018 761 1076 Ut
782 1036 845 1075 eum

101 1108 136 1167 de
151 1110 304 1167 Abrabamo
318 1121 452 1188 ageretur,
475 1129 528 1166 non
546 1122 632 1167 totum
653 1108 783 1186 abstulit,
798 1106 846 1168 eod

101 1200 184 1272 dixit,
199 1201 262 1261 Seio
274 1200 338 1279 quia
353 1219 442 1258 semen
455 1198 569 1257 Abrahae
582 1199 657 1276 estis,
673 1214 703 1259 ut
716 1199 847 1259 hincma-

99 1292 186 1371 jorem
209 1291 317 1350 inferret
337 1289 546 1364 accusationem
561 1290 599 1348 sie
612 1304 637 1350 et
649 1291 700 1350 hoe
720 1291 780 1351 loeo
793 1311 847 1350 non

103 1396 188 1441 tetum
200 1382 322 1460 abstulit,
339 1381 385 1441 sed
399 1381 483 1460 quid?
502 1385 593 1460 Quem
614 1402 668 1442 ees
689 1384 795 1447 dicitis.
807 1381 846 1442 ll·

102 1475 157 1532 lam
172 1474 319 1534 concedens
334 1473 459 1554 gloriam,
475 1474 605 1553 majorem
617 1474 705 1533 effecit
718 1473 847 1534 crimim-

103 1565 211 1624 tionem.
238 1565 382 1639 Quomodo
404 1578 493 1624 autem
514 1564 594 1624 illum
614 1565 849 1644 ignoratiolQuia

103 1655 190 1732 illum,
207 1657 253 1735 qui
274 1658 363 1717 omnia
379 1654 414 1715 ad
434 1656 493 1736 ejus
507 1655 622 1734 gloriam
641 1656 706 1715 facit
722 1670 747 1716 et
767 1654 847 1735 dicit,

102 1749 263 1807 contumelia
278 1749 399 1821 afficitis,
413 1749 475 1806 licet
490 1747 525 1805 ab
540 1747 598 1827 ipso
618 1747 717 1808 missus
728 1749 771 1808 eit.
790 1751 848 1810 Ve-

103 1864 163 1901 rum
180 1843 231 1901 hoc
242 1843 300 1901 sine
314 1841 465 1902 testimonio
476 1852 525 1912 est,
536 1839 582 1899 sed
594 1839 669 1919 quod
680 1841 801 1921 sequitur
813 1843 849 1904 ad

69 1953 87 1999 ε
103 1934 173 1992 illud
195 1933 365 2015 probandum
383 1956 433 1993 usu
445 1933 543 1992 reniet.
560 1934 609 1992 55.
625 1937 667 1993 Et
686 1956 849 1995 sermonem

103 2030 166 2107 ejus
187 2048 280 2086 servo.
303 2027 356 2086 llio
375 2026 397 2084 si
411 2025 479 2105 quid
492 2038 583 2084 eontra
597 2025 762 2102 habuissent,
779 2027 848 2109 obji-

104 2142 163 2178 cere
174 2133 295 2200 poterant
301 2143 310 2196 ;
323 2140 452 2199 magnum
463 2118 564 2199 quippe
575 2118 625 2177 hoc
636 2133 692 2178 erat
703 2118 847 2199 indicium,

53 2215 54 2223 ’
104 2211 222 2291 ipsuma
237 2214 294 2271 Deo
308 2212 421 2271 missum
431 2209 522 2268 luisse.
535 2209 582 2269 56.
597 2209 756 2271 Abraham
765 2225 852 2292 pater

106 2317 204 2362 vester
225 2305 384 2364 exsultavit
405 2317 436 2362 ut
457 2304 571 2361 videret
587 2303 665 2362 diem
686 2325 783 2364 ereum
791 2327 806 2378 ,·
822 2316 851 2364 et

105 2399 193 2468 vidit,
216 2411 244 2456 et
262 2401 381 2477 gavisus
399 2409 452 2456 ese.
474 2396 593 2454 Rursum
613 2397 710 2477 probat
731 2397 791 2458 illos
815 2399 852 2458 ab

62 2486 259 2583 ⁸²2abrahamo
281 2488 381 2547 alienos
403 2509 471 2563 esse,
492 2485 600 2565 quando
624 2486 659 2547 de
683 2488 784 2567 quibus
805 2489 851 2550 ille

71 2600 91 2644 Α
105 2579 249 2657 gaudebat,
264 2581 316 2661 ipsi
331 2580 431 2640 dolent.
447 2582 527 2639 Diem
546 2594 636 2640 autem
650 2583 738 2642 mucis
749 2583 795 2643 hie
808 2584 851 2643 in·

104 2673 194 2732 dicare
209 2687 286 2754 puto,
301 2695 382 2752 quarn
396 2673 486 2732 arietis
502 2686 527 2731 et
539 2673 625 2732 lsaaei
638 2674 770 2735 sacrificio
780 2698 850 2757 prae-
903 2724 906 2729 ⁴

105 2766 279 2844 figuraverat.
290 2764 364 2839 Quid
375 2785 438 2843 ergo
450 2765 510 2823 illi?
522 2767 569 2826 57.
582 2767 787 2848 Quadraginta
796 2790 852 2828 an·

107 2878 158 2916 uos
169 2859 298 2915 noudum
310 2859 410 2927 habes,
421 2868 449 2914 et
459 2854 492 2914 A
494 2858 616 2914 brulium
627 2858 733 2916 vidisti
738 2865 751 2916 ἓ
759 2859 852 2938 ltaque

105 2948 283 3026 qradraginta
297 2969 380 3006 annos
403 2969 487 3027 prope
505 2948 563 3027 jam
576 2947 702 3026 attigerat
717 2948 849 3010 Christus.

106 3040 184 3098 Dixit
194 3041 246 3099 eis:
258 3044 436 3121 Priusquam
447 3040 479 3098 A
481 3043 604 3099 brulium
607 3042 708 3123 fieret,
714 3063 766 3124 ego
776 3064 849 3103 sum.

107 3134 154 3191 50.
168 3135 195 3191 E
198 3147 208 3190 t
221 3145 392 3211 acceperuut
405 3133 527 3210 lapides,
542 3145 573 3191 ut
578 3136 714 3214 jacerent
727 3137 760 3193 in
769 3156 847 3195 eum.

105 3226 205 3286 Videu'
219 3224 353 3304 quomodo
367 3246 395 3283 se
409 3224 563 3283 Abrahamo
576 3225 705 3305 majorem
717 3247 773 3286 esse
786 3249 850 3308 pro·

104 3318 232 3377 bavent?
246 3317 301 3389 Qui
317 3316 389 3375 enim
409 3316 520 3394 gavisus
532 3329 572 3375 est
593 3331 622 3376 ut
642 3316 746 3378 videret
763 3317 848 3399 diem,

105 3426 130 3469 et
146 3410 172 3468 id
185 3411 304 3490 optabile
319 3410 436 3490 putavit,
447 3407 505 3468 sine
515 3409 600 3469 dnbio
611 3409 639 3469 id
652 3411 783 3473 beneficio
794 3435 852 3475 esse

71 3521 89 3567 Β
106 3503 223 3583 putavit,
244 3502 317 3581 quod
331 3502 377 3559 ille
391 3502 477 3580 major
497 3515 575 3563 esset.
592 3503 662 3562 Nam
678 3526 741 3564 cum
761 3504 849 3567 Judaei
858 3537 944 3587 „mg
962 3539 1002 3588 ,3‚

106 3597 184 3655 illum
196 3596 264 3655 labri
281 3595 369 3654 lilium
388 3595 520 3670 dicerent,
536 3617 619 3674 neque
631 3597 749 3678 amplius
767 3599 898 3678 quid-55·

107 3714 188 3770 quam
202 3690 236 3748 de
253 3690 299 3747 illo
314 3689 509 3759 existimarent,
525 3688 656 3768 paulatim
665 3711 710 3750 eos
720 3680 850 3752 udsubli·

107 3783 218 3839 rariorem
234 3781 437 3860 intelligentiam
448 3779 537 3857 erigit.
551 3781 621 3838 Cum
634 3803 698 3861 ergo
707 3783 851 3844 audierunt

107 3895 135 3932 se
150 3877 237 3931 Deum
252 3895 303 3931 noo
327 3894 418 3947 nosse,
436 3871 465 3930 id
479 3893 531 3929 non
555 3894 625 3951 aegre
641 3873 759 3934 tulerunt
765 3901 774 3952 5
788 3897 850 3935 eum

107 3980 196 4023 autern
217 3964 370 4036 audierunt,
389 3963 563 4042 Antequam
578 3964 736 4024 Abrabam
746 3969 848 4049 fieret,

109 4080 159 4138 ego
173 4079 247 4128 sum,
261 4057 326 4114 acsi
341 4078 432 4114 eorum
449 4055 575 4114 nobilitas
588 4055 770 4135 degeneraret,
787 4080 851 4118 exa·

107 4166 247 4232 sperantur
263 4164 288 4208 et
307 4148 408 4229 lapides
420 4148 533 4228 jaciunt.
550 4150 628 4206 Vidit
645 4152 722 4208 diem
742 4173 848 4226 uuum,

108 4261 136 4306 et
154 4249 270 4326 gavisus
295 4257 345 4303 est.
364 4241 488 4301 Ostendit
499 4263 527 4303 se
541 4264 594 4301 non
611 4243 728 4305 invit-'m
740 4245 776 4305 ad
790 4268 851 4306 eru·

108 4361 165 4398 cem
188 4337 278 4396 venire
290 4360 296 4393 :
309 4334 443 4412 siqnidem
464 4332 556 4392 laudat
575 4356 636 4395 eum
655 4337 703 4416 qui
725 4338 760 4398 de
773 4360 853 4400 eruoe

109 4430 217 4509 gaudet,
233 4451 292 4506 quae
308 4427 380 4484 salus
394 4424 489 4483 mundi
503 4438 570 4484 erat.
586 4427 631 4485 illi
644 4443 734 4490 autem
747 4431 851 4513 lapida-

107 4525 172 4583 bant
184 4548 189 4580 :
201 4523 238 4581 ita
246 4519 362 4580 erantad
371 4518 457 4577 cedes
466 4518 589 4598 parati,et
597 4520 654 4579 sine
664 4521 721 4582 ullo
729 4526 853 4593 examine

55 4647 56 4652 κ
74 4619 92 4665 G
108 4617 137 4675 id
149 4637 182 4674 ex
197 4637 224 4673 se
233 4613 373 4672 faciebant.
391 4611 446 4668 Cur
456 4630 520 4669 vero
533 4630 585 4669 non
597 4610 678 4688 dixit,
693 4614 854 4695 Priusquam

111 4709 247 4768 Abraham
264 4707 348 4778 fieret,
359 4725 409 4782 ego
423 4724 515 4778 eram,
529 4703 588 4777 sed,
602 4707 668 4786 Ego
681 4716 768 4768 sum?
779 4710 856 4770 Sicut

55 4868 56 4875 ἵ
111 4803 195 4883 ipsius
212 4803 291 4859 Pater
306 4798 352 4856 illa
369 4817 434 4856 usus
453 4809 492 4855 est
509 4817 583 4873 voce,
599 4798 687 4871 Sum,
705 4799 783 4860 sicet
797 4801 852 4862 ille.

95 4997 342 5053 BnrlierinoCotlioe.
356 4995 407 5048 Sed
415 4996 521 5048 oliorum
531 4998 596 5048 Nori
607 4999 763 5048 Testamenti
779 5015 861 5048 exem·

98 5080 205 5146 plurium
225 5090 324 5143 recepta
345 5075 420 5128 lectio
437 5089 474 5128 est
493 5089 640 5135 πεντήκοντα.
655 5077 760 5144 Vulgata
783 5081 861 5145 quin·

100 5162 235 5227 quaginta.
