3750 5940
55 476 73 495 ..
103 450 196 499 nxxr.
225 426 273 499 ul.
303 452 381 500 cxx.
777 434 846 529 477

96 587 211 652 patrem
223 594 308 655 super
319 588 436 636 terrum.
449 574 522 635 lllud
531 588 631 649 autem,
647 596 717 635 unus
731 590 759 635 et
769 597 848 653 unus,

99 685 153 724 non
166 663 201 725 de
214 668 293 726 Patre
303 680 409 726 tantum
418 664 530 741 dieitur,
538 665 586 726 sed
599 666 681 727 etiam
689 666 724 727 de
735 667 794 749 ipso
803 668 849 727 Fi-

98 752 152 827 lio;
166 752 208 812 sin
219 752 291 814 dese
304 775 358 814 non
378 755 542 833 loqueretur,
566 754 703 834 quomodo
723 754 848 833 dixisset,

103 849 142 906 Ut
147 848 214 929 filii
227 850 302 909 lucis
313 854 397 909 sitis?
415 854 455 908 Ac
467 870 572 927 uirens,
586 848 610 908 si
632 848 793 930 magistrum
806 872 848 911 so·
857 870 917 915 rom
946 884 983 919 ιι.

100 939 159 997 lum
171 943 277 1000 Patrem
288 941 397 1017 diceret,
413 940 548 1019 quomodo
558 940 597 1000 sio
605 940 769 1021 loqueretur,
779 942 849 1004 Sum
858 933 901 981 ³⁶·

66 1038 86 1086 Ε
101 1036 232 1089 etenim?
246 1045 281 1102 et,
300 1035 382 1092 [suus
401 1046 443 1092 est
456 1045 616 1113 preceptor
634 1046 742 1108 vester,
763 1034 849 1093 Cbri·

102 1130 182 1182 stus?
193 1125 241 1182 ll.
254 1125 286 1184 Si
298 1147 377 1206 ergo,
390 1125 486 1205 inquit,
499 1147 553 1206 ego
567 1127 716 1186 Dominus
731 1138 761 1185 et
780 1128 849 1186 Mo·

101 1219 191 1295 gister
204 1217 266 1275 taor·
276 1220 363 1297 pedes
375 1231 500 1289 vestros,
521 1231 548 1277 et
566 1239 621 1278 vos
640 1219 751 1277 debetis
772 1219 850 1279 alter

102 1307 224 1368 alterius
241 1309 344 1369 lavore
351 1312 450 1391 podes.
469 1311 517 1370 15.
530 1310 707 1389 Exemplum
719 1311 788 1369 dedi
795 1331 849 1369 oo-

103 1402 157 1473 lu's,
169 1415 202 1460 ut
212 1405 458 1483 quemadmodum
466 1425 518 1484 ego
518 1405 587 1485 feci
595 1406 692 1476 eoois,
703 1407 748 1463 ito
757 1417 785 1464 ct
793 1424 849 1466 oos

99 1495 231 1573 sociatis.
245 1495 327 1575 Atqui
342 1516 395 1555 non
410 1509 449 1555 est
462 1496 591 1576 idipsum.
603 1494 653 1556 llle
662 1499 848 1574 namquebia-

102 1584 184 1663 gister
191 1601 231 1646 est
241 1600 268 1646 et
279 1588 422 1662 Dominus,
430 1602 455 1648 et
466 1610 516 1649 vos
524 1600 619 1648 mutuo
630 1588 761 1650 conservi.
770 1587 845 1664 Quid
872 1576 1001 1684 ΜΡὛ·

102 1697 168 1756 ergo
182 1678 234 1737 sni
249 1680 308 1739 vsu
322 1680 403 1758 trinu,
417 1684 485 1741 rear
498 1678 602 1741 mrem
617 1678 715 1740 sturio.
728 1678 794 1741 roeo
810 1654 915 1747 exilii·
934 1656 1002 1746 tit}

61 1771 252 1863 mmajoribus
262 1772 343 1833 rebus
354 1774 478 1855 exempla
488 1773 583 1848 sumit,
592 1786 623 1831 ut
644 1773 739 1833 saltem
757 1773 1000 1871 ¹¹¹1ss¹¹⁵⁸¹¹1'”¹·,·'}⁰'

68 1877 88 1923 Α
102 1862 242 1924 [amamus.
256 1866 328 1925 Nam
340 1866 463 1946 magistri
475 1865 567 1946 [rueris
580 1865 672 1924 literas
692 1864 848 1947 pulcherri-
859 1842 1001 1935 exibui

103 1979 160 2016 mas
176 1955 311 2034 scribunt,
342 1971 383 2034 ut,
405 1956 467 2016 licet
488 1956 679 2038 imperfectius,
700 1955 849 2017 imitentur.

104 2051 158 2111 Ubi
167 2072 239 2110 nunc
260 2065 322 2111 sunt
332 2051 381 2131 qni
398 2071 539 2111 conservos
552 2049 633 2110 nihili
647 2047 788 2132 pendunt?
803 2050 851 2111 ubi

103 2144 150 2224 qui
164 2144 278 2205 bonores
287 2145 435 2227 expetunt?
456 2143 606 2205 Proditoris
624 2141 707 2226 pedes
726 2142 852 2205 Christus

103 2237 182 2315 lavit,
198 2237 321 2318 sacrilegi
331 2252 357 2298 et
366 2237 445 2312 suris,
460 2237 594 2318 etiamque
607 2234 770 2318 proditionis
782 2249 850 2297 tem·

104 2351 178 2411 pore,
189 2344 215 2389 ct
226 2351 288 2390 enm
298 2331 373 2390 nulla
385 2329 572 2412 resipiscentiae
585 2351 646 2413 spes
657 2343 736 2408 essct,
752 2350 851 2391 mensus

105 2436 255 2482 consortem
262 2423 358 2500 effecit,
372 2409 436 2483 et'tu
450 2423 538 2483 altum
559 2422 641 2504 sapis,
664 2436 691 2483 et
708 2422 851 2504 supercilia

104 2515 232 2575 extollis?
252 2515 337 2576 Pedes
348 2530 443 2575 mutuo
455 2516 589 2593 lavemus,
601 2514 703 2595 inquit,
714 2515 851 2594 etiamque

105 2631 253 2669 servorum.
262 2609 299 2669 Et
308 2609 376 2690 quid
384 2630 524 2690 magnum,
536 2609 560 2669 si
569 2629 711 2669 servorum
725 2608 851 2689 quoque?

106 2701 159 2760 Hic
171 2702 243 2762 enim
257 2702 366 2762 liberet
381 2723 476 2764 servus
485 2701 594 2761 nominc
608 2714 686 2761 tenus
702 2700 850 2779 differunt,

108 2795 164 2855 illic
177 2817 241 2855 vero
256 2795 293 2854 nei
309 2795 429 2855 veritate.
445 2796 517 2855 Nam
531 2794 577 2854 ille
600 2808 697 2853 natura
717 2793 852 2855 Dominus

71 2900 88 2945 n
107 2902 155 2962 est,
168 2901 193 2945 ct
202 2908 250 2947 nos
266 2887 336 2947 servi
341 2912 351 2963 3
365 2908 451 2966 neque
465 2901 553 2946 tamen
561 2886 590 2946 id
598 2887 686 2945 lacere
694 2906 766 2947 nuno
775 2907 852 2947 reeu-

107 2975 185 3034 savit.
198 2977 277 3035 b'unc
285 2996 348 3036 vero
362 2975 473 3051 inicum,
488 2975 512 3034 si
524 2996 577 3034 non
587 2974 679 3033 liberis
690 2987 721 3034 ut
732 2975 853 3036 serviret

109 3084 138 3129 ut
150 3071 229 3129 emtis
237 3069 379 3150 mancipiis
387 3084 504 3130 utamur.
522 3068 629 3149 Ecquid
643 3082 708 3128 tunc
719 3067 852 3145 dicemus,

107 3184 170 3220 eum
183 3175 263 3221 tantm
277 3161 411 3243 patientias
426 3175 452 3220 et
463 3159 654 3221 moderationis
667 3160 791 3243 exempla
805 3162 854 3224 ha·

107 3254 230 3332 beamus,
242 3276 290 3314 nee
303 3254 450 3329 imitemur,
466 3253 521 3313 imo
542 3274 578 3314 ex
590 3253 723 3315 diametro
734 3255 854 3336 oppositi

109 3363 134 3407 et
152 3348 213 3409 elati
239 3363 350 3423 stemus,
369 3368 454 3426 neque
467 3346 591 3407 debitum
611 3346 776 3408 reddamus?
798 3349 855 3409 Nos

107 3441 209 3522 quippe
218 3454 313 3501 mutuo
320 3438 455 3527 debitores
466 3439 604 3500 constituit
614 3442 700 3513 Deus,
712 3440 770 3522 ipse
778 3441 855 3523 prius

108 3554 229 3610 exorsus,
243 3547 269 3591 et
277 3533 305 3591 in
320 3531 417 3591 minori
430 3544 505 3612 parte
513 3529 656 3592 debitores.
669 3533 732 3613 lpse
739 3552 856 3612 namque

108 3625 243 3686 Dominus
253 3639 322 3698 erat;
332 3637 414 3683 ctnos
423 3644 488 3682 vero
497 3621 519 3681 si
533 3622 561 3681 id
568 3623 709 3699 iaciamus,
716 3643 854 3703 ergacon·

108 3738 200 3779 servos
209 3716 331 3776 iacimus.
347 3714 429 3788 Quod
440 3715 530 3796 ipsum
544 3714 727 3776 subindicavit
737 3737 798 3775 cum
810 3715 855 3775 di·

109 3824 188 3885 ceret,
199 3810 230 3870 Si
241 3830 308 3889 ergo
322 3830 375 3890 ego
385 3809 532 3867 Dominus
542 3821 571 3867 et
584 3810 730 3888 Magister
735 3829 786 3879 ;ac
793 3830 853 3868 rur·
888 3826 891 3831 ·

108 3924 178 3979 sum,
192 3907 241 3962 Ita
254 3916 282 3961 et
297 3923 361 3962 eos.
380 3902 551 3978 sonsequens
574 3901 646 3960 enim
671 3914 728 3960 erat
751 3899 852 3981 dicere,

71 3995 89 4042 C
108 3997 216 4068 Quanto
231 3995 317 4075 magis
328 3993 476 4056 rosservi?
497 4013 593 4051 vuum
608 3992 678 4051 illud
697 3992 852 4053 auditorum

109 4089 276 4149 conscientiae
292 4086 412 4165 reliquit.
429 4087 483 4144 Cur
496 4097 587 4144 autem
608 4085 660 4145 boe
679 4106 752 4145 nunc
770 4085 852 4145 lecit?
890 4078 895 4089 '

109 4184 244 4242 Honorem
263 4178 452 4260 consequuturi
476 4190 560 4253 erant,
576 4177 623 4237 alii
647 4179 786 4260 majorem,
802 4177 851 4239 alii

109 4277 247 4335 minorem.

147 4734 176 4788 2.
189 4730 228 4787 Nc
236 4727 320 4807 igitur
332 4725 525 4787 seseadversus
544 4726 613 4786 alios
624 4726 792 4799 extollerent,
805 4726 849 4785 di·

106 4834 246 4899 cerentque
266 4833 295 4878 nt
308 4832 394 4897 antea,
410 4822 481 4897 Quis
499 4822 595 4900 major
617 4824 682 4877 est?
695 4839 780 4897 neque
801 4818 848 4877 alii

105 4912 234 4973 adversus
247 4911 313 4971 ulios
322 4910 536 4992 indignarentur,
547 4930 654 4970 omnem
668 4909 704 4968 ab
716 4909 784 4992 ipsis
796 4909 848 4969 tol·

124 5098 134 5120 ¹
147 5098 203 5161 [καὶ
215 5101 291 5149 πάλιν.
306 5095 367 5144 Haec
380 5109 431 5143 non
448 5090 577 5144 babeotur'
591 5094 617 5142 in
633 5087 711 5143 savit.
724 5100 751 5140 et
759 5086 845 5143 codo.

89 5176 197 5236 nostris3
208 5184 233 5222 et
241 5170 321 5220 aliena
329 5182 389 5221 scrut
399 5170 432 5221 ab
444 5167 471 5224 h.
485 5167 515 5235 b]

122 5254 134 5291 b
146 5249 232 5305 steret.
246 5258 356 5322 aalulpu.
430 5263 431 5267 ’
659 5314 697 5360 Ὤ
