3750 5940
170 407 238 462 200
515 410 546 463 8.
571 407 711 466 solunte
735 412 919 467 CHRYBOST.

206 537 234 595 5.
254 533 404 616 Diligenter
426 535 510 616 igitur
533 538 622 598 omnia
646 552 709 600 sunt
733 538 909 623 exploranda.

166 629 238 689 Nam
256 629 403 712 Scripturae
415 629 489 690 dicta
508 631 660 714 spiritualia
678 656 754 696 arma
767 649 839 696 sunt
852 637 912 698 Ve-

165 745 226 783 rum
248 724 272 784 si
293 745 324 785 ea
347 723 476 807 adaptare
493 739 519 785 et
533 725 683 810 discipulos
699 730 784 812 probe
806 750 910 790 armare

164 819 329 896 nesciamus,
355 820 412 902 ipsa
448 822 559 901 quidem
588 844 665 884 suam
699 826 757 886 vim
792 825 908 905 habent,

163 914 335 976 sedarmmis
354 915 460 977 inutilia
482 932 553 978 sunt.
574 920 766 1002 Supponamus
786 943 842 981 esse
861 922 908 981 fir-

163 1029 239 1067 mum
259 1009 413 1088 thoracem,
434 1011 557 1091 galeam,
581 1012 709 1096 clypeum
733 1027 758 1074 et
778 1013 905 1075 hastam:

162 1101 261 1162 deinde
275 1124 349 1163 arma
362 1102 409 1164 illa
423 1104 484 1184 quis
496 1104 626 1186 accipiat,
641 1120 667 1166 et
680 1106 817 1167 thoraoem
830 1106 906 1188 pedi-

162 1197 229 1274 hus3
244 1199 347 1279 galeam
361 1220 413 1260 non
427 1201 525 1282 capiti,
537 1199 584 1261 sed
594 1201 680 1262 oculis
688 1224 697 1280 3
711 1202 838 1285 clypeum
851 1223 904 1262 nnn

161 1292 278 1372 pectori,
293 1292 341 1352 sed
360 1291 475 1375 pedibus
498 1293 607 1375 adaptet
619 1318 626 1352 ι
638 1315 672 1355 an
686 1294 784 1377 poterit
804 1295 848 1355 his
861 1318 905 1356 ar-
920 1288 941 1337 ⁰

162 1384 214 1444 mis
223 1383 339 1466 juvari?
353 1406 441 1445 annon
450 1385 543 1467 potius
553 1385 587 1444 iis
601 1384 737 1446 laedetur?
748 1385 822 1446 lllud
835 1401 905 1447 certe

161 1480 297 1561 liquidum
315 1496 364 1542 est.
380 1482 438 1542 Hoc
453 1503 515 1543 vero
534 1503 587 1543 non
605 1504 640 1542 ex
658 1503 797 1542 armorum
812 1482 902 1543 imbe-

161 1573 288 1651 cillitate,
304 1573 351 1634 sed
364 1595 400 1634 ex
412 1574 548 1656 imperitia
566 1574 664 1634 utentis
676 1575 808 1657 provenit.
822 1575 864 1634 lta
877 1588 904 1634 et

161 1670 189 1729 in
204 1669 365 1751 scripturis,
377 1669 401 1730 si
420 1668 531 1729 illarum
551 1670 675 1730 ordinem
688 1670 902 1748 confundamus,

160 1762 214 1823 illae
238 1784 344 1845 semper
369 1783 419 1823 sua
441 1777 520 1823 erunt
546 1764 575 1826 vi
590 1764 749 1825 instructa:
768 1786 816 1825 nos
839 1786 903 1827 rere

160 1857 230 1917 nihil
250 1858 396 1939 juvabunt.
412 1858 477 1918 Haec
491 1858 570 1919 vobis
591 1858 702 1940 publice
724 1872 751 1918 et
773 1859 903 1941 privatim

128 2029 132 2040 ¹
160 1967 299 2034 repetens,
326 1953 397 2012 nihil
417 1953 532 2035 proficio
554 1977 561 2010 ι
582 1974 646 2014 narn
667 1953 840 2014 sacularibus
854 1976 903 2015 vos

159 2070 265 2131 semper
275 2050 356 2109 rebus
367 2047 489 2108 addictos
502 2048 655 2130 conspicio,
670 2047 738 2108 dum
751 2049 903 2130 spiritualia

159 2145 229 2205 nihil
239 2141 368 2226 penditis.
383 2142 447 2203 ldeo
465 2157 492 2204 et
508 2144 591 2204 vitam
604 2143 782 2224 negligimus,
800 2159 902 2205 etcum

158 2263 209 2323 pro
232 2240 346 2302 veritate
359 2253 508 2317 certamus,
532 2261 585 2299 non
610 2260 708 2319 magna
727 2239 756 2300 vi
778 2240 901 2300 instructi

159 2357 269 2414 sumus,
288 2335 336 2395 sed
358 2334 468 2394 ridiculi
480 2333 638 2411 evadimus,
659 2349 718 2394 tum
731 2335 803 2417 apud
818 2336 902 2416 genti·
918 2382 937 2430 Β

157 2424 211 2503 les,
226 2440 285 2485 tum
303 2423 377 2505 apud
398 2423 508 2487 Judaeus
528 2438 554 2484 et
568 2424 643 2506 apud
656 2425 805 2485 hereticos.
820 2425 902 2499 Quod

157 2513 288 2587 siinaliis
296 2533 402 2593 quoque
411 2512 491 2572 rebus
502 2512 561 2594 pari
572 2513 734 2594 negligentia
746 2513 900 2591 uteremini,

157 2631 191 2670 ue
203 2609 243 2669 sic
260 2607 372 2689 quidem
389 2608 468 2669 rubis
485 2623 553 2668 esset
572 2608 775 2690 ignoscendum.
795 2612 901 2673 Verum

156 2707 184 2765 in
197 2705 371 2766 sacularibus
384 2704 499 2784 negotiis
514 2703 628 2784 quisque
644 2718 766 2766 vestrum
783 2719 823 2765 est
839 2707 900 2787 gla-

155 2801 203 2862 dio
219 2801 337 2876 acutior,
357 2814 414 2861 tam
430 2801 480 2880 qui
502 2814 573 2861 artes
593 2815 732 2879 exercent,
752 2823 835 2880 quam
853 2801 901 2883 qui

154 2915 199 2955 res
224 2893 318 2957 civiles
339 2894 509 2954 tractant.1n
528 2892 682 2954 necessariis
694 2914 759 2957 vero
779 2908 805 2954 et
819 2894 900 2976 spiri-

125 3017 129 3024 ·
155 2990 294 3068 tualibus,
322 2989 415 3070 ignavi
450 3010 561 3072 prorsus
587 3010 698 3066 sumus,
723 2989 795 3052 levia
817 2990 899 3052 rebus

154 3087 230 3147 seriis
244 3087 422 3169 preferentes.
447 3085 515 3157 Quae
536 3098 627 3144 eutem
651 3085 754 3147 oeteris
773 3086 900 3147 omuibus

153 3181 321 3242 anteferenda
341 3194 434 3258 erant,
455 3180 513 3240 haec
531 3201 565 3240 ne
578 3179 649 3240 levia
668 3179 781 3260 quidem
793 3203 900 3242 censere
908 3177 943 3220 ¹⁷⁴

153 3277 307 3358 dignamur.
331 3279 372 3336 dn
396 3274 505 3336 nescitis
520 3275 578 3334 hec
597 3296 650 3335 nun
674 3276 770 3357 priscis
793 3236 936 3337 tantu'mA

153 3372 311 3432 hominibus
333 3373 433 3453 scripta
447 3391 520 3448 esse,
543 3369 590 3430 sed
612 3371 693 3430 etiam
718 3371 816 3430 nobis?
838 3374 898 3433 Nou

6 3466 231 3539 1.c,‚„1.,‚audis
245 3466 361 3526 Paulum
384 3466 519 3526 dicentem
534 3488 541 3523 r
556 3468 629 3526 Hoec
644 3467 686 3524 ad
700 3479 832 3526 nostram
845 3469 897 3528 do·

5 3563 42 3598 ¹¹·
154 3560 281 3617 utrinam
305 3559 414 3636 scripta
438 3566 523 3626 sunt,
540 3554 754 3635 adquosfines
776 3556 896 3615 saeculo-

13 3623 68 3662 om.
82 3613 143 3680 '⁵¹4'
154 3669 220 3708 rum
238 3649 436 3707 devenerunt.-
452 3659 484 3706 ut
495 3666 549 3726 per
559 3649 735 3726 patientiam
745 3659 774 3704 et
794 3667 895 3707 conso-

152 3744 296 3803 lationem
312 3740 528 3820 Scripturarum
541 3759 621 3820 spem
638 3741 820 3799 habeamus?
833 3740 895 3801 Scio

150 3835 276 3916 equidem
288 3853 332 3892 me
346 3833 447 3892 frustra
457 3830 549 3910 loqui,
564 3831 612 3891 sed
627 3830 710 3891 linem
719 3830 826 3892 dicendi
842 3854 893 3893 non

149 3928 257 3987 faciam.
272 3926 336 3987 Haec
350 3924 423 3984 enim
444 3921 565 3983 suendo
578 3922 653 4004 apud
665 3926 754 3983 Deum
777 3946 894 3985 excusa-

149 4037 194 4084 tus
205 4044 266 4098 ero,
280 4020 396 4091 etiamsi
409 4020 501 4080 nullus
513 4017 617 4080 audiat.
635 4018 713 4079 Certe
723 4018 772 4098 qui
786 4022 894 4082 attentis

149 4115 507 4198 loquitur,'ccnsolati0nem
520 4135 556 4173 er
569 4113 725 4174 auditorum
744 4115 892 4194 obsequen·

149 4214 187 4273 tia
200 4213 298 4293 accipit
310 4235 317 4268 ι
331 4211 380 4291 qui
391 4225 481 4271 autem
492 4230 561 4290 sape
570 4209 731 4270 concionans
746 4231 799 4270 non
811 4211 893 4271 audi-

149 4319 209 4383 tur,
224 4327 272 4366 nec
286 4319 373 4365 tamen
388 4304 539 4365 concinnari
553 4317 657 4381 cessat,
671 4304 768 4385 majori
784 4306 894 4386 praemio
913 4329 930 4376 n

148 4400 248 4481 dignus
261 4401 324 4475 erit,
334 4401 397 4479 quia
411 4400 558 4461 secundum
567 4399 617 4459 Dei
627 4398 769 4480 placitum,
782 4401 894 4461 auscul-

149 4506 221 4552 tante
233 4492 350 4568 neminc,
364 4492 487 4551 officium
496 4492 589 4572 implet
600 4513 690 4551 suurn.
701 4494 825 4552 Attamen
833 4493 896 4553 licet

148 4588 226 4647 nobis
240 4587 326 4666 major
345 4607 446 4646 merces
461 4587 498 4646 ob
522 4586 672 4646 socordiam
686 4600 802 4647 vestram
816 4609 894 4668 pare·

148 4690 208 4753 tur,
235 4673 370 4734 malumus
395 4674 466 4732 hanc
495 4674 597 4749 minui,
621 4689 648 4734 et
672 4675 769 4735 salutis
795 4690 892 4736 vestrae

147 4789 223 4849 spem
246 4787 302 4826 esse
325 4766 482 4845 majorem:
505 4767 656 4847 proiectum
677 4768 750 4827 enim
771 4781 892 4829 vestrum

182 4975 246 5029 'Sic
255 4972 332 5027 Sflvll·
344 4972 434 5028 Morti·
447 4981 615 5030 &reveteretur

182 5054 294 5106 bnorel.
307 5067 463 5122 πνοιματικῶιι
474 5058 552 5108 οὐδένα
565 5059 629 5121 λόγον
651 5064 802 5122 ποιουμένους.
815 5054 912 5122 [Supra

149 5140 223 5186 ταῦτα
240 5139 263 5186 dl
281 5138 319 5186 real
339 5136 384 5200 tlte
400 5129 484 5185 codd.
497 5132 546 5182 705
560 5142 587 5181 et
602 5133 661 5183 706.
673 5133 740 5183 Tum
759 5131 834 5185 iidem
855 5138 913 5188 dein

149 5216 225 5273 nito»,
238 5215 300 5263 alte
310 5222 356 5270 rote
366 5208 419 5276 (μοι
428 5205 489 5260 edd.
502 5205 562 5272 705)
574 5211 705 5276 βιωτικοῖς]
