3750 5940
61 480 80 528 n
107 479 197 528 emto
224 480 387 528 nnomuo.
776 457 841 530 051

108 602 172 660 dam
184 602 264 661 verba
282 603 346 662 lacit
354 648 363 678 ,
375 617 400 662 ct
410 603 444 662 de
454 602 538 663 servis
550 603 623 662 velut
636 603 670 662 dc
683 603 748 663 fitiis
757 605 849 683 loqui·

109 695 169 756 tur,
183 695 212 739 ut
226 683 276 741 Dei
288 682 315 741 in
330 683 451 742 homines
462 696 603 763 patemurn
612 703 729 742 amorem
742 683 848 764 signifi·

109 775 159 819 cet.
174 764 270 819 Homo
284 764 424 842 quidam,
441 763 543 840 inquit,
556 764 660 820 babuit
673 764 745 821 dnos
753 765 844 843 filios.

109 840 178 910 Quis
191 840 236 898 bic
246 841 326 900 homo
340 842 398 899 est?
413 845 505 900 Pater
517 844 801 914 misericordiarum,
820 856 848 903 et
858 858 996 903 aceras.

109 922 189 978 Deus
208 925 296 979 totius
312 922 530 980 consolationis.
553 922 692 991 Quasnam
705 943 786 1002 porro
800 921 848 982 ha-

107 999 166 1057 buit
179 998 248 1058 diros
263 1000 352 1058 filios?
364 1002 456 1061 Justos
471 990 572 1058 scilice't
582 1014 607 1059 et
621 1015 771 1080 peccatores
780 1047 788 1076 ,
804 1023 848 1061 eos

108 1079 153 1156 qui
167 1078 260 1138 dis-ina
271 1081 329 1159 ejus
343 1079 466 1138 mandata
477 1093 596 1156 servant,
606 1093 631 1138 et
644 1081 692 1158 qui
706 1081 849 1140 Dominica

108 1158 340 1237 transgrediuntur
349 1174 488 1240 praecepta.
499 1162 540 1218 Et
551 1162 626 1218 dixit
637 1161 850 1220 adolescentior
858 1179 956 1226 Lucr5.
964 1192 998 1223 ια.

109 1261 145 1295 ex
165 1240 226 1297 illis
239 1244 328 1319 putri.
343 1240 412 1310 Quis
424 1239 470 1297 hic
483 1253 523 1297 est
537 1238 731 1299 adolescentior
751 1241 848 1300 filius?

110 1317 164 1390 Qui
181 1333 268 1376 mente
287 1318 338 1376 suit
360 1318 477 1378 instabili
494 1318 635 1398 preditus,
656 1333 682 1377 et
699 1321 850 1400 juventutis

110 1397 262 1456 turbinibus
274 1399 400 1478 agitatus.
418 1399 524 1456 Patrem
538 1398 756 1477 agnuuiffltura
770 1422 846 1477 eum,

72 1493 90 1536 t.
109 1476 198 1554 quise
216 1477 387 1551 condiderat,
412 1478 474 1536 licet
491 1478 591 1536 honore
608 1498 660 1539 non
688 1494 848 1561 prosequuta

108 1555 142 1613 sit
166 1557 290 1616 voluntas
307 1558 391 1616 libera
405 1559 557 1616 Creatorem
579 1561 781 1632 suumPuter,
808 1562 849 1618 do

109 1638 181 1693 milii
196 1642 358 1717 portionem
374 1640 544 1697 substantie
559 1658 623 1718 pute
638 1660 684 1696 me
693 1643 846 1719 contingit.

108 1716 189 1774 Recte
204 1717 280 1797 petiit
294 1739 309 1774 a
324 1719 380 1775 Deo
394 1739 453 1796 quae
473 1717 522 1775 Dei
545 1731 620 1788 sunt,
641 1717 687 1776 sed
701 1718 770 1777 male
789 1740 849 1797 quae

107 1797 223 1875 accepit,
241 1796 381 1856 absumsit.
398 1799 439 1855 Et
450 1799 548 1855 divisit
571 1798 633 1856 illis
655 1801 849 1857 substantiam

106 1889 199 1954 puter.
215 1875 297 1934 Dedit
319 1876 374 1934 illis
391 1890 421 1934 ut
438 1875 550 1934 domum
583 1880 702 1957 rnpriam
715 1876 849 1936 mundum

111 1955 280 2031 universum;
305 1955 380 2014 dedit
403 1955 486 2036 ipsis,
510 1970 539 2014 ut
556 1899 678 2031 iireatur,
700 1971 848 2016 creaturam

109 2056 215 2094 omnem
229 2060 234 2092 :
252 2036 317 2116 ipsis
334 2055 444 2116 corpora
457 2050 483 2094 et
493 2035 596 2094 animas
609 2036 711 2094 ratione
721 2036 849 2117 pradinas

109 2114 222 2192 largitus
244 2128 297 2191 est,
325 2129 353 2174 ut
374 2115 476 2173 ratione
490 2116 566 2193 quasi
584 2137 666 2174 manu
687 2115 763 2174 ducti
780 2117 848 2175 nihil

108 2208 215 2272 agerent
239 2209 329 2254 contra
347 2195 476 2254 rationem
495 2219 501 2250 :
519 2196 658 2285 proposuit
678 2195 743 2275 ipsis
763 2197 848 2275 legem
876 2218 1003 2261 tantumt-

108 2295 183 2333 suam
192 2320 199 2348 ,
220 2288 245 2332 et
267 2274 415 2334 naturalem
428 2288 454 2333 et
473 2289 615 2355 scrrptam,
631 2275 708 2353 quasi
723 2274 849 2335 divinum
861 2297 913 2324 uuo·
929 2281 1003 2338 urb·

109 2353 301 2434 padagogum,
316 2369 346 2413 ut
359 2356 394 2413 ab
405 2376 434 2413 ea
444 2354 560 2413 instituti
570 2355 744 2434 legislatoris
752 2356 850 2415 volun·
859 2359 934 2402 8⁰2⁰&

109 2447 190 2491 tatem
211 2434 399 2515 adimplerent.
415 2437 457 2493 Et
474 2457 533 2492 tion
551 2448 616 2515 post
639 2434 746 2494 multoe
767 2437 999 2508 dies,ttt‹t.v.13·

108 2519 290 2594 congregntis
304 2518 447 2586 omnibus,
472 2515 685 2574 adolescentior
698 2516 787 2595 filius
807 2522 852 2590 (ut

71 2598 90 2644 D
108 2592 342 2652 adolescentiorem
354 2593 477 2670 decebat,
498 2594 575 2668 fecit)
588 2596 735 2676 profectus
746 2607 789 2652 est
800 2618 852 2675 pe-

109 2695 190 2752 regre
214 2677 246 2730 in
276 2678 422 2754 regionem
453 2676 652 2754 longinquam.
679 2674 808 2732 Discessit
836 2699 851 2733 a

110 2754 166 2810 Deo
174 2799 182 2828 ,
197 2766 223 2811 et
235 2752 357 2812 discessit
368 2753 403 2811 ab
414 2775 445 2812 eo
459 2755 531 2811 Deus
545 2777 551 2808 :
567 2753 704 2811 nonenim
718 2753 773 2813 vitu
788 2754 852 2813 facit

69 2857 92 2898 a,
110 2831 166 2907 illi,
187 2832 234 2910 qui
253 2833 321 2891 nolit
341 2832 391 2913 ipsi
412 2832 521 2890 servire.
546 2833 615 2890 Sunt
637 2832 708 2890 enim
728 2832 850 2908 arbitrii,

72 2913 160 2969 lnon
180 2911 356 2987 necessitatis,
378 2912 491 2970 uirtutes
509 2932 608 2970 omnes.
629 2915 675 2970 lbi
699 2913 866 3002 dissipavit⁴

108 2995 302 3050 substantiam
313 3013 397 3050 sitam
411 2993 538 3050 uiuendo
553 2992 710 3050 luxuriose.
729 2990 774 3049 Ibr
788 2993 847 3051 ani-

108 3092 158 3128 mae
173 3071 285 3130 divitias
303 3092 394 3130 omnes
407 3069 541 3151 perdidit3
556 3070 594 3128 ibi
609 3070 742 3129 delectans
757 3084 783 3129 et
797 3072 848 3130 de-

108 3150 178 3209 liciis
198 3152 338 3231 perfruens
363 3149 534 3227 naufragium
550 3150 613 3208 fecit
625 3173 631 3205 :
643 3150 682 3208 ibi
705 3149 803 3210 ludens
823 3167 849 3210 et

108 3228 218 3288 delusus
228 3251 332 3310 pauper
344 3243 383 3288 cst
396 3230 481 3287 lacteis
494 3228 550 3286 :ibi
564 3229 742 3310 corruptrices
752 3233 849 3290 animae

109 3309 259 3390 voluptates
283 3323 430 3386 mercatus,
450 3323 476 3367 et
494 3308 580 3367 risum
604 3330 693 3367 emens
700 3355 709 3385 ,
728 3325 850 3392 parentes

109 3388 289 3470 lacrymarum
301 3410 363 3447 acce
384 3389 404 3446 it
413 3412 418 3444 :
427 3410 458 3447 ac
469 3388 584 3448 virtutes
592 3389 702 3466 quidem
707 3435 715 3465 ,
727 3412 793 3469 quas
803 3391 851 3449 ba·

109 3469 180 3544 buit,
193 3469 291 3549 abjecit
298 3492 306 3544 3
321 3411 419 3527 scelera
432 3482 538 3542 autem,
550 3490 609 3546 quae
621 3469 791 3546 nonhabuit,
809 3493 851 3530 as-

108 3549 213 3606 sumsit.
237 3551 310 3607 Cum
331 3569 403 3607 vero
422 3553 521 3608 omnia
549 3553 754 3609 consumsisset
775 3557 850 3625 (non
941 3590 944 3597 .
994 3586 999 3596 ·

109 3629 180 3686 cuim
196 3629 280 3686 solent
297 3627 397 3686 dirrare
409 3629 523 3710 turpiter
537 3628 692 3689 viventibus
706 3651 769 3710 opes
787 3652 849 3710 gra·

111 3708 177 3781 tia),
196 3711 283 3786 sactu
297 3723 339 3767 est
346 3711 449 3791 sames
463 3709 569 3766 ualido
591 3714 620 3767 in
649 3714 766 3844 regione
780 3712 847 3768 illa.

110 3787 165 3845 L’bi
175 3788 437 3869 enimtemperantia
449 3790 537 3866 fruges
554 3809 606 3846 non
621 3809 686 3846 exeo
699 3802 795 3864 untur,
811 3789 850 3847 ibi

110 3869 192 3924 sames
211 3867 302 3926 valida
317 3893 323 3924 :
340 3868 387 3925 ubi
402 3866 570 3926 continentiae
583 3868 649 3926 vitis
662 3867 782 3946 plantata
798 3889 850 3927 nou

110 3960 160 4021 est,
169 3946 206 4003 ibi
220 3946 398 4004 samesralida
413 3947 474 4004 :ubi
485 3946 614 4005 castitatis
624 3967 743 4005 racemus
756 3947 783 4005 in
795 3961 850 4005 tor-

110 4026 193 4083 culari
208 4047 260 4083 non
281 4026 429 4105 premitur,
441 4026 479 4084 ibi
494 4026 576 4084 sames
589 4024 699 4084 valida:
721 4025 768 4084 ubi
791 4049 851 4085 mu-

111 4119 181 4162 stum
196 4105 298 4163 caeleste
312 4126 363 4163 non
376 4105 511 4178 abundat,
524 4105 563 4162 ibi
577 4125 673 4181 magna
689 4106 771 4165 sames
784 4130 791 4162 ε
803 4108 850 4165 ubi

110 4185 231 4242 fertilitas
241 4185 384 4259 malorum,
395 4184 432 4242 ibi
444 4184 553 4243 omnino
566 4184 692 4242 sterilitas
702 4185 849 4244 bonorem:

73 4276 90 4320 tt
111 4265 156 4322 ulii
183 4264 347 4322 abundantia
368 4265 500 4323 malarum
516 4265 667 4337 actionum,
683 4264 722 4323 ibi
741 4267 851 4324 omnino

110 4344 204 4401 raritas
218 4344 349 4402 uirtutum
364 4367 370 4399 ι
384 4343 430 4401 ubi
442 4344 616 4402 humanitatis
627 4344 717 4403 oleum
731 4365 783 4403 non
793 4367 851 4404 sca·

110 4424 192 4499 turit,
210 4424 247 4481 ibi
262 4424 347 4482 fames
358 4421 458 4481 valida.
477 4426 558 4482 Tunc
571 4436 674 4502 ergoet
687 4429 748 4504 ipse
768 4429 852 4504 coepit

109 4525 199 4582 egere.
224 4503 300 4561 Nibil
316 4503 387 4560 enirn
402 4502 426 4560 ei
443 4502 578 4581 reliquum
594 4517 665 4578 erat,
681 4504 732 4563 nisi
747 4525 777 4563 ea
791 4526 852 4583 quae

109 4583 318 4662 intemperantiae
330 4581 439 4662 propria
450 4596 511 4641 sunt
520 4583 602 4660 mala,
611 4597 752 4664 postquam
762 4585 851 4643 omnia

108 4662 285 4742 turpitudinis
300 4663 419 4720 facinora
441 4664 617 4721 commiserat.
643 4666 683 4722 Et
704 4666 883 4746 profectusv·
930 4702 935 4711 ·

109 4744 231 4801 ‹cdlimsit
248 4745 300 4800 tini
310 4745 417 4800 civium
428 4747 552 4823 regionis
565 4744 656 4801 illius.
671 4744 750 4803 Cives
762 4758 853 4802 atatem

107 4822 223 4899 regionis
244 4820 319 4879 illius
340 4835 415 4879 erant
435 4822 585 4895 daemones,
607 4823 635 4880 in
652 4845 706 4900 qua
722 4824 853 4913 profugus

108 4902 231 4980 degebat.
250 4904 288 4959 Et
318 4905 395 4959 misit
415 4923 480 4960 enm
499 4907 531 4960 in
552 4902 661 4961 villum
683 4923 769 4962 suom
787 4902 854 4960 avis

130 5080 141 5102 ι
159 5062 200 5113 Sic
230 5064 287 5113 lise.
315 5078 411 5114 omnes.
436 5063 505 5112 Editi
525 5069 660 5117 tardatus.
683 5058 763 5112 Iidem
796 5077 855 5138 mox

94 5149 227 5211 scarila&-
242 5139 312 5191 Edit't
323 5147 485 5212 speculativo.

128 5223 139 5257 b
157 5219 203 5270 Alii
215 5230 270 5274 ὅπου
281 5234 321 5279 τῆς
333 5227 452 5289 παρθενίας
472 5227 483 5272 b
500 5229 583 5290 βότρυς
600 5226 624 5272 oi
643 5226 806 5277 tentanum.

696 5314 729 5344 in
