3750 5940
67 40 179 168 tis

56 470 227 528 ‘'xxxviu.
249 455 308 528 ·sl.·
332 476 464 531 xxxvu.
786 459 858 556 249

55 619 60 659 r
115 599 239 663 tudinem
247 603 343 686 pariat.
360 604 406 666 Sie
419 617 445 665 et
457 601 532 686 apud
546 600 699 665 Corinthios
710 601 857 664 fornicato-

55 725 59 738 ·
115 710 173 752 rem
180 695 281 755 Paulus
291 696 508 777 emendavit,per
518 694 606 756 earnis
614 694 752 755 interitum
761 693 858 754 anime

55 805 59 853 ;
114 786 384 849 morbumoohibens.
393 791 464 848 Nam
472 789 578 849 invecta
587 787 616 849 in
625 784 880 870 oorpusseetione,

55 892 59 934 t
115 875 155 935 sie
168 877 270 938 malurn
284 880 440 962 oompreesit
450 904 457 938 =
469 879 546 940 baud
558 900 634 940 aeuus
642 900 724 960 qoam
735 879 859 940 medicus

55 999 57 1013 ·
114 968 245 1049 optimus,
254 971 301 1049 qui
311 992 372 1033 cum
382 971 545 1055 hydropisin
557 985 605 1032 aut
614 971 733 1053 splenem
745 970 857 1032 interio-
870 990 874 997 ‘

55 1083 59 1113 ι
114 1058 190 1120 ribus
207 1061 361 1143 pharmacis
378 1086 431 1125 non
448 1063 541 1125 cedere
553 1062 639 1142 videt,
652 1064 772 1124 exterius
788 1065 855 1124 urit.

55 1185 58 1199 ·
114 1151 161 1212 Sic
173 1173 236 1234 erga
251 1156 432 1239 paralyticum
445 1156 499 1238 egit
512 1155 645 1216 Christus.
661 1159 702 1215 Aa
712 1155 857 1237 videque·

55 1247 95 1304 iG
114 1247 196 1306 modo
213 1248 243 1307 id
265 1250 403 1310 declaret:
418 1252 715 1333 Eeeessnussaetus
732 1271 776 1322 es;
790 1253 874 1332 jam*
917 1264 918 1268 ’

55 1359 58 1373 ·
114 1339 178 1397 noli
184 1341 314 1420 peecare,
323 1364 361 1402 ne
370 1344 498 1403 merlus
507 1344 562 1402 tibi
574 1343 857 1424 aliquideontingat.

55 1451 59 1479 ν
114 1430 191 1502 Quid
203 1433 287 1513 igitur
300 1434 364 1495 inde
376 1434 527 1495 discimus?
540 1435 679 1509 Primum,
697 1456 732 1496 ex
750 1447 859 1518 pensato

55 1555 58 1566 ·
113 1522 165 1605 ipsi
188 1540 282 1586 natum
305 1528 431 1588 morbum
438 1552 448 1607 3
464 1527 601 1606 seeundo,
616 1549 680 1588 vere
696 1527 858 1591 uredmdm

55 1636 57 1648 ·
112 1636 169 1675 osse
184 1617 351 1697 gehennam,
373 1619 464 1698 tertio,
483 1619 646 1680 diuturnum
661 1633 741 1700 atque
760 1640 859 1703 perpe·

55 1739 58 1751 ›
113 1719 191 1767 tunm
206 1730 262 1770 esse
273 1701 452 1792 supplicium.
469 1712 589 1773 Ubinam
602 1731 667 1793 ergo
678 1725 741 1772 sunt
752 1706 796 1772 illi
807 1711 858 1793 qui

55 1806 57 1848 i
111 1787 218 1879 dicunt,
233 1802 313 1862 llorae
335 1803 416 1863 unius
428 1803 516 1885 spatio
525 1802 625 1882 ooeidi,
639 1803 719 1865 brevi
737 1809 858 1886 tempore

111 1891 277 1954 adulterium
288 1896 423 1974 commisi,
441 1911 467 1956 et
483 1897 647 1956 immortales
662 1895 734 1959 dabo
745 1898 857 1979 peenas?

55 2009 57 2043 ι
112 1983 182 2043 Eece
194 1985 240 2044 hic
254 2009 307 2047 non
319 2000 359 2046 tot
374 1987 497 2069 peccavit
506 2002 572 2076 qpot
592 1988 691 2069 plexus
709 2002 750 2049 est
765 1989 855 2068 annis,

55 2101 58 2142 ς
110 2088 137 2135 et
149 2075 177 2134 in
190 2075 370 2138 diuturnitate
379 2100 465 2160 poene
478 2092 563 2144 totam
573 2080 629 2141 lere
639 2079 758 2140 bominis
768 2079 858 2142 riam

55 2207 56 2214 κ
109 2167 251 2227 absumsit.
268 2172 334 2230 Non
344 2170 462 2231 enimex
480 2184 601 2254 tempore
623 2185 733 2254 peceati
745 2172 858 2233 metitur

55 2288 57 2328 :
110 2260 194 2335 Deus,
209 2260 304 2321 seder
315 2261 373 2343 ipsa
387 2263 518 2323 mierum
529 2277 636 2324 nnuma.
656 2262 859 2326 Adbaroillud
1064 2292 1082 2347 a

74 2365 94 2413 Ι)
110 2373 218 2430 quoque
232 2353 468 2435 oonsiderandum,
485 2356 536 2416 etsi
550 2377 648 2437 graves
659 2356 785 2438 priorum
797 2377 855 2417 soe*

110 2444 196 2505 lerum
210 2468 302 2527 poenas
312 2447 421 2525 demus,
439 2445 513 2509 siin
530 2448 624 2510 'eadem
641 2463 735 2532 postea
752 2448 857 2511 ineida-

55 2568 56 2582 κ
109 2558 180 2612 mus,
202 2539 281 2619 longe
299 2541 424 2622 graviora
449 2562 498 2602 nos
523 2541 650 2624 deineeps
670 2563 809 2625 passuros,
825 2563 858 2604 se

86 2654 91 2666 ·
105 2631 168 2711 jure
181 2631 287 2693 merito.
304 2633 413 2693 lsenim
426 2634 474 2714 qui
486 2655 520 2695 ue
532 2634 668 2717 supplicio
677 2634 855 2715 quidemmo·

108 2722 161 2781 lior
169 2724 298 2806 eflicitur,
314 2726 392 2804 quasi
404 2726 530 2808 stupidus
545 2725 657 2787 demum
672 2741 700 2787 et
706 2739 858 2788 oontentor
965 2766 968 2773 -

109 2813 137 2873 in
156 2816 286 2896 majorem
300 2816 415 2878 duoetur
430 2818 592 2878 cruciatum.
615 2818 706 2879 Semel
720 2818 795 2879 enirn
814 2818 856 2879 la-

108 2928 188 2987 psum
201 2908 316 2968 debebat
336 2909 504 2992 supplicium
518 2907 645 2970 solabere
657 2923 685 2970 et
707 2909 744 2971 sd
760 2910 856 2972 melio=

109 3020 165 3058 rem
186 3002 294 3080 frugem
320 3001 449 3063 reduoere
466 3027 472 3060 ε
490 3002 555 3082 quia
570 3024 637 3064 vero
660 3016 722 3085 post
747 3003 856 3081 illatum

107 3092 275 3172 supplicium
296 3116 349 3153 non
372 3094 566 3176 temperantior
592 3094 722 3174 efficitur,
735 3092 785 3155 sed
810 3115 855 3156 ea·

107 3186 170 3246 dem
191 3188 250 3268 ipsa
270 3189 351 3249 audet
378 3189 504 3270 aggredi,
524 3190 588 3270 jure
608 3188 688 3249 dabit
709 3209 804 3272 poenas
818 3187 856 3250 sd

108 3302 174 3357 quas
188 3281 338 3341 inserendas
351 3281 408 3364 ipse
421 3282 591 3363 provocarit.
605 3281 636 3342 Si
656 3303 726 3355 vero·
745 3296 855 3365 poetata

71 3393 88 3440 ις
107 3371 152 3429 bic
167 3374 278 3454 repetita
295 3375 407 3454 gravius
416 3374 581 3455 puniuntur,
598 3374 710 3452 quando
729 3374 777 3434 bio
792 3374 854 3435 nul·

106 3464 326 3545 laspeccatorum
343 3488 434 3548 poenas
452 3465 560 3545 danum
584 3487 673 3526 annon
693 3486 856 3548 magnopere

107 3559 258 3619 timendum
272 3561 497 3641 tremendumque
513 3561 592 3622 nobis
609 3576 659 3641 est,
676 3575 770 3644 utpote
784 3561 854 3624 into·

105 3650 228 3712 lerabilia
238 3655 377 3734 passuris?
393 3654 429 3713 Et
443 3676 503 3731 eur,
514 3654 630 3733 inquies,
643 3675 697 3714 non
711 3675 803 3715 omnes
814 3655 855 3716 sio

105 3745 279 3824 puniuntur?
296 3747 399 3805 Multos
419 3746 492 3805 enim
508 3747 633 3807 scelestos
650 3745 774 3807 videmus
792 3747 854 3828 pin·

106 3837 153 3914 gui
168 3839 324 3897 valetudine
337 3839 465 3915 fruentes,
478 3859 660 3920 prosperaque
669 3840 786 3899 fruentes
800 3841 854 3899 sor·

105 3942 178 3989 tuna.
192 3934 297 3992 Verum
309 3954 342 3990 ne
356 3931 484 4007 fidamus,
498 3930 547 3991 sed
559 3930 718 4012 hujusmodi
730 3930 853 3992 bomiues

60 4061 97 4100 „7
106 4023 229 4082 omnium
240 4023 359 4084 maxime
371 4023 553 4106 deploremus.
580 4022 610 4082 Si
631 4022 703 4082 enim
717 4022 764 4082 bic
780 4022 853 4084 nillil

67 4115 251 4195 Aperiantur,
268 4116 319 4175 boc
335 4117 390 4175 illis
409 4115 541 4176 viaticum
566 4128 605 4173 est
629 4113 665 4173 ad
679 4115 767 4195 majus
786 4136 851 4197 sup-

104 4207 226 4287 plicium.
254 4209 311 4266 Hoc
335 4209 435 4267 Paulus
461 4207 505 4266 his
535 4206 627 4267 verbis
648 4205 815 4286 significavit
842 4230 850 4264 ε

104 4304 192 4360 Nune
212 4316 310 4360 autem
328 4323 395 4360 eum
405 4304 587 4383 judicamur,
606 4322 625 4360 a
643 4302 850 4374 Dominooor·
863 4311 950 4359 nem.
965 4325 1001 4360 ir.

102 4400 233 4474 ripimur,
247 4410 278 4454 ut
297 4416 356 4452 riou
373 4416 440 4455 eum
458 4396 513 4454 boe
536 4395 646 4453 mundo
662 4395 846 4457 dammum.
859 4373 900 4421 ³²·

103 4487 154 4545 llic
168 4486 327 4564 admonitio,
342 4487 399 4545 illic
411 4487 585 4568 supplicium.
601 4485 678 4560 Quid
688 4484 794 4569 igitur?
808 4489 848 4549 in·
858 4511 931 4558 Horti
949 4516 1002 4575 ptu-

102 4582 177 4660 quies
187 4605 195 4657 ;
207 4603 240 4640 an
254 4581 341 4639 morbi
352 4602 444 4640 omnes
457 4602 493 4641 ex
505 4581 622 4663 peooatis
632 4579 777 4642 oriuntur?
787 4583 847 4643 Non
858 4577 1002 4650 ’ΜΝ

101 4696 201 4749 omnes,
210 4672 257 4732 sed
271 4673 391 4754 plurimi.
403 4673 525 4744 Quidam
538 4674 611 4734 enim
625 4695 660 4736 ex
678 4673 792 4756 segnitie
805 4696 848 4735 or·
857 4645 904 4744 3¹1⁰
921 4653 1000 4684 Μ’

101 4779 159 4824 tom
178 4767 285 4825 babent.
303 4768 372 4825 Nam
396 4767 477 4846 gula,
491 4768 617 4846 ebrietas,
640 4768 778 4850 segnities,
794 4768 848 4827 bu-

97 4859 218 4941 jusmodi
245 4859 354 4919 morbos
374 4860 494 4941 pariunt.
522 4863 617 4921 Unum
641 4883 723 4943 porro
747 4861 849 4941 ubique

101 4954 300 5014 observandum
314 4966 364 5032 est,
382 4969 412 5013 ut
429 4955 538 5036 plagam
555 4975 660 5015 omnem
673 4975 735 5014 cum
748 4953 848 5034 gratia·

85 5149 143 5199 llox
157 5148 232 5199 iidem
244 5149 351 5199 multum
361 5166 375 5197 a
387 5147 479 5201 Montf.
493 5147 660 5215 discrepant]

119 5228 223 5280 dSetvll.
240 5237 260 5283 sl
280 5236 303 5284 di
322 5235 383 5291 δίκην
401 5235 488 5293 δόντας,
505 5241 531 5282 el
548 5228 623 5294 paulo
642 5238 700 5294 post
721 5232 776 5281 trev
792 5231 848 5291 μηδ’

86 5314 141 5368 ὅλως
153 5317 319 5379 τιμωρηθῶμεν
331 5318 480 5380 ἁμαρτόντες.
