3750 5940
139 420 208 518 378
460 444 490 491 s.
518 442 661 493 roannrs
684 441 870 494 mansuer.
897 446 920 494 1

135 567 305 648 neglexisset,
316 565 394 626 exiis
407 588 467 646 que
481 581 593 646 sequuta
604 581 666 627 sunt
675 567 767 648 palam
778 580 829 644 ert,
840 588 877 628 ex

135 659 293 720 fortitudine
309 680 404 741 nempe
420 673 448 719 ct
465 680 501 720 cx
518 660 574 720 fide
592 659 660 741 ejus.
681 663 789 720 Poterat
805 658 877 719 enim

134 775 226 815 secum
246 754 365 835 negitare
382 772 414 813 ac
431 753 539 814 dicere:
552 753 629 828 Quid
647 754 700 814 hoc
716 754 777 814 est?
788 753 878 813 lutum

132 847 206 924 iecit,
218 861 244 907 et
257 846 353 907 lenivit
363 844 455 906 oculos
466 868 538 907 meos
548 870 558 926 ς
569 861 596 907 et
609 847 681 907 dixit
693 847 771 920 milri,
783 849 874 920 Vade,

134 940 246 1015 lavere.
255 941 348 999 Annon
356 953 460 1021 poterat
468 961 563 999 curare
571 962 623 1016 me,
630 953 657 999 et
664 953 728 999 tunc
736 939 764 999 in
775 939 876 1000 Siloam

133 1032 261 1091 mittere?
272 1033 349 1113 Saepe
359 1032 398 1090 ibi
411 1053 455 1091 me
462 1032 520 1093 lavi
532 1053 595 1092 cum
606 1031 677 1108 aliis,
688 1031 813 1111 nihilque
824 1032 877 1091 mi-

134 1123 164 1183 hi
182 1122 292 1204 proluit.
307 1125 433 1204 Siquam
452 1136 611 1206 potestatem
625 1123 747 1200 haberet,
762 1145 878 1206 presens

17 1222 110 1282 ltere.
136 1237 180 1276 me
192 1216 348 1277 sanarisset.
364 1216 446 1289 Quod
459 1217 539 1276 etiam
553 1216 662 1277 dicebat
685 1212 878 1277 1111111111]Ιί-

17 1316 23 1329 '
135 1309 294 1368 sentinus
302 1307 375 1368 enim
386 1309 477 1368 lavare
487 1307 735 1385 seinJordane,non
743 1308 877 1382 credebat,
895 1303 914 1351 Β

136 1419 200 1458 cnm
216 1411 305 1459 tamen
319 1413 392 1459 tanta
405 1413 473 1459 esset
487 1398 579 1458 Elisaei
592 1401 672 1459 111111.
684 1403 809 1459 Atcaecus
823 1420 876 1460 non

134 1491 187 1551 init
198 1491 363 1571 incredulus,
372 1513 421 1552 nec
432 1492 608 1570 contradixit,
615 1513 665 1551 nec
671 1512 762 1551 smum
770 1505 877 1573 reputa-

134 1584 190 1644 vit:
205 1582 281 1656 Quid
297 1583 349 1643 hoc
364 1584 423 1644 ert?
436 1606 471 1644 an
485 1583 575 1644 lotum
591 1584 728 1665 imponere
739 1583 876 1664 oportuit?

135 1675 187 1736 lroc
199 1677 291 1758 potius
309 1696 410 1736 caecum
429 1675 579 1736 reddiderit
592 1700 599 1734 r
621 1677 682 1756 qnia
695 1697 825 1755 nmquam
837 1675 877 1735 sic

133 1768 224 1829 visum
242 1768 364 1851 recepit?
374 1767 429 1828 Sed
444 1768 514 1828 nihil
529 1769 627 1828 horum
647 1769 784 1848 cogitavit.
793 1768 876 1831 Vidi-

132 1862 196 1922 stin'
208 1861 293 1922 fidem
304 1874 331 1921 et
347 1861 468 1920 animum
481 1861 611 1919 611111111ιὲ
627 1863 789 1920 Venitnox.
805 1861 876 1921 Hinc

132 1957 258 2033 ostendit,
272 1957 354 2017 etiam
369 1970 431 2038 post
451 1977 558 2018 crucem
573 1978 601 2016 se
620 1956 766 2038 impiorum
782 1978 876 2016 curam
887 2001 922 2043 ,w

133 2049 292 2109 habiturum
309 2071 376 2121 esse,
395 2049 550 2128 multosque
567 2062 754 2108 attractnrum.
766 2048 878 2109 Adhuc
896 2062 916 2106 Δ

133 2143 196 2202 dies
216 2154 268 2201 est.
290 2140 406 2200 Posthac
424 2161 489 2201 vero
511 2140 572 2200 illos
590 2140 698 2221 penitus
717 2140 875 2218 abscindet,

134 2230 207 2311 quod
221 2231 259 2291 ita
267 2231 404 2292 declarat:
422 2235 449 2293 5.
466 2233 613 2310 Quamdiu
624 2236 657 2290 in
672 2235 782 2291 mundo
795 2254 874 2306 sum,

136 2325 189 2384 lua
202 2346 267 2385 sum
274 2326 385 2384 mundi.
396 2323 479 2396 Quod
485 2324 568 2384 etiam
577 2324 733 2385 aliisdixit:
748 2326 874 2399 Credite,

135 2419 227 2478 donec
243 2416 295 2478 lut
309 2420 463 2477 nobiscum
477 2429 530 2479 est.

173 2789 201 2848 5.
224 2787 281 2847 Gur
292 2808 357 2869 ergo
377 2785 477 2847 Patrius
491 2800 651 2869 presentem
667 2784 752 2848 vitam
771 2797 878 2845 noctem

133 2879 255 2956 vocarit,
270 2879 347 2940 illam
362 2895 453 2940 autem
464 2879 547 2940 vitam
560 2879 655 2940 diem?
667 2880 729 2941 Non
743 2879 876 2938 contraria

133 2971 236 3033 Christi
244 2973 348 3051 verbis,
363 2972 412 3034 sed
426 2972 519 3032 eadem
533 2972 593 3055 ipsa
605 2972 699 3032 dicens
708 2985 811 3049 mente,
823 2991 876 3030 nou

133 3066 225 3144 litera,
245 3088 356 3148 nempe,
378 3068 447 3126 Nox
460 3069 622 3148 praecessit,
638 3067 701 3125 dies
711 3078 809 3124 autem
822 3086 876 3146 ap·
896 3070 913 3116 Β

131 3163 348 3240 propinquavit.
363 3159 476 3218 Noctem
490 3159 561 3218 enim
574 3179 692 3240 praesens
706 3171 812 3238 tempus
829 3178 878 3217 vo-

132 3264 189 3328 cat,
203 3263 314 3333 propter
328 3271 372 3308 eos
386 3250 476 3328 quiin
490 3250 607 3309 tenebris
624 3249 730 3324 sedent,
744 3250 788 3308 vel
806 3270 878 3308 com-

130 3342 252 3422 parando
263 3339 322 3400 earn
333 3363 396 3401 curn
410 3342 457 3400 illa
469 3343 513 3401 die
527 3367 533 3399 z
555 3342 681 3401 Christus
694 3362 759 3401 vero
774 3355 879 3400 noctem

131 3432 250 3512 appellat
263 3434 387 3491 lutrinum
400 3447 520 3514 tempus,
543 3433 617 3513 quod
631 3447 695 3493 tunc
707 3454 723 3492 a
743 3433 878 3514 peccando

132 3539 256 3584 cessetur.
280 3526 382 3585 Paulus
400 3547 465 3586 vero
488 3540 645 3607 praesentem
667 3526 751 3587 vitam
773 3541 878 3585 noctem

132 3616 263 3698 appellat,
277 3617 341 3696 qnia
365 3617 385 3675 ii
402 3618 447 3697 qui
466 3617 494 3677 in
510 3618 627 3697 nequitia
646 3633 672 3677 et
690 3619 879 3678 incredulitate

131 3708 245 3787 vivunt,
259 3709 413 3770 intenebris
426 3724 497 3770 sient.
517 3711 622 3770 Fideles
637 3711 722 3791 igitur
739 3712 877 3791 alloquens

131 3800 183 3879 ait,
193 3804 262 3861 Nox
269 3807 425 3885 precessit,
440 3805 501 3862 dies
511 3815 608 3862 autem
617 3808 874 3886 appropinquarit,

133 3907 226 3975 utpote
249 3896 296 3975 qui
317 3895 379 3955 luce
399 3895 446 3954 illa
465 3895 574 3954 fruituri
595 3896 649 3955 sint
666 3920 672 3952 :
691 3911 797 3956 noctem
812 3920 877 3958 vero

15 3996 19 4003 '
38 4023 44 4035 ·
133 4000 251 4047 veterem
270 3988 357 4047 vitam
378 3988 505 4070 appellat.
537 3988 569 4048 A
572 3992 724 4070 ejiciamus
731 4036 741 4062 ,
770 3991 876 4070 inquit,

87 4126 92 4139 .
133 4099 222 4160 operu
247 4084 439 4140 tenebrarum.
466 4080 566 4141 Viden'
583 4081 662 4140 illum
682 4096 787 4141 noctem
810 4084 912 4163 ipsisc

132 4192 190 4231 esse
202 4171 309 4232 dicere?
324 4173 415 4245 Quare
428 4172 527 4233 addit:
548 4174 631 4234 Sicut
645 4179 675 4231 iu
689 4176 737 4232 die
757 4178 877 4236 honeste

133 4267 330 4339 ambulemus,
352 4281 383 4325 nt
395 4267 443 4325 illa
465 4268 589 4326 fruamur
607 4268 676 4327 luce.
700 4270 770 4327 Nam
789 4270 812 4327 si
826 4269 876 4329 lux

133 4357 191 4417 haec
201 4373 257 4417 tam
267 4361 380 4440 pulchra
391 4375 444 4437 est,
462 4362 549 4441 cogita
560 4362 647 4440 qualis
657 4361 707 4420 erit
716 4363 771 4421 illa.
783 4364 876 4435 Quan-

134 4465 192 4510 tum
206 4452 278 4509 enim
290 4453 384 4512 solaris
398 4453 489 4512 radius
500 4469 539 4513 est
549 4455 664 4514 lucerna
676 4456 777 4515 lumine
787 4458 874 4538 splen·

134 4543 240 4618 didior,
254 4558 340 4619 tanto,
364 4545 418 4605 imo
434 4548 512 4626 longe
526 4549 611 4628 magis
627 4549 679 4608 erit
696 4550 745 4609 1111
762 4552 808 4610 illa
825 4552 876 4609 hnc

134 4637 314 4719 praestantior.
336 4638 373 4697 Et
385 4638 436 4697 hoc
450 4640 619 4719 significabat
634 4642 677 4700 his
693 4644 800 4720 verbis,
825 4644 877 4704 Sol

135 4733 370 4790 obtenebrabitur
375 4756 387 4800 ;
408 4731 436 4789 id
447 4746 500 4808 cst,
520 4734 555 4791 ob
568 4735 624 4793 vim
637 4736 787 4815 splendoris
801 4736 876 4796 illius

135 4844 189 4882 non
202 4823 352 4904 apparebit.
363 4823 474 4894 Quodsi
485 4846 557 4884 nunc
565 4841 594 4884 ut
605 4827 759 4908 splendidas
771 4843 796 4888 et
806 4831 876 4890 bono

23 4939 197 4995 Supera-acre
217 4918 334 4975 fruentes
349 4916 419 4975 aedes
433 4917 591 4993 habeamus,
615 4920 733 4980 infinitas
746 4944 809 5004 opes
829 4945 877 4982 ex·

1 5001 60 5106 :²2¹²
76 4999 129 5043 ml·
137 5009 281 5092 pendimus
293 5008 389 5068 misere
408 5009 614 5070 exaedificando:
634 5013 722 5092 cogita
743 5029 808 5094 quot
824 5016 877 5077 sint

172 5213 185 5249 b
202 5210 289 5263 Morel.
299 5217 402 5283 dripere,
413 5215 495 5264 minus
503 5226 579 5265 recte.
