3750 5940
283 409 317 455 ill
343 408 537 458 l’lllllCtl’lUbl
563 412 710 479 tunice,
741 414 772 460 tlt
801 415 923 480 itanc,
947 416 1024 465 ETC.
1359 427 1429 500 729

61 555 104 607 ιτι,
117 537 161 592 νῦν
171 533 216 592 καὶ
230 530 287 604 cet,
296 532 341 592 ιιαί
355 536 391 602 ιίς
401 532 461 602 τοὺς
472 537 568 602 αἰῶνας
580 539 633 593 τῶν
689 550 713 596 et
730 537 906 618 omnipotenti
916 539 1033 621 Spiritu,
1049 562 1120 602 nune
1133 555 1284 626 etsemper,
1296 559 1321 606 et
1331 548 1358 607 io
1375 568 1429 607 aa·

61 636 83 670 ν.
603 628 606 635 ’
689 616 750 677 culo
767 616 937 678 seculorum.
955 623 1048 681 Amen.

395 1010 397 1015 ’
431 1011 840 1143 MONITUM

259 1300 328 1374 nn
364 1278 709 1439 'seoncurtem
746 1301 1046 1379 nuuinrau.

61 1549 116 1609 ione
130 1567 190 1626 que
215 1547 243 1606 in
256 1546 337 1605 titulo
349 1546 445 1624 fertur,
464 1568 497 1606 ne
510 1547 626 1608 verbum
643 1548 755 1627 quidem
769 1564 810 1610 est
825 1550 855 1611 in
871 1550 922 1612 bac
942 1551 1066 1627 homilia,
1080 1574 1140 1633 que
1152 1556 1209 1615 sere
1223 1568 1278 1617 tota
1292 1556 1431 1619 mulierem

61 1664 124 1703 xum
146 1642 293 1724 patientem
308 1640 429 1723 respicit.
446 1643 478 1701 ln
494 1643 558 1703 anni
573 1643 709 1726 principio
723 1644 825 1704 dictam
840 1646 987 1728 profitetur
997 1646 1083 1728 isqui
1104 1648 1224 1732 scripsit.
1236 1648 1315 1712 Hane
1326 1673 1434 1731 quoque

61 1738 200 1798 abalorum
219 1737 345 1819 episcopo
365 1736 496 1797 adscribit
513 1737 586 1799 idem
611 1760 730 1821 nuperus
747 1764 754 1798 ι
774 1755 801 1800 et
816 1755 917 1811 certer
931 1741 1074 1806 Sercrimi
1089 1745 1163 1826 stylo
1179 1767 1233 1807 non
1247 1745 1375 1810 abhorret
1387 1747 1434 1807 hic

66 1829 210 1890 Graeculus
219 1852 229 1907 3
261 1829 317 1888 imo
337 1827 513 1890 Severianum
539 1831 691 1911 nugacitate
714 1847 843 1914 superat,
870 1833 967 1916 figuris
996 1850 1022 1895 et
1047 1837 1133 1918 tropis
1153 1837 1255 1917 ubique
1279 1838 1433 1916 redundat,

61 1925 152 2006 νοοείιιι
164 1937 297 2004 usurpat,
318 1922 355 1983 ita
369 1938 400 1983 ut
409 1923 499 2005 ipsum
512 1925 652 2005 sanguinis
664 1927 786 2003 fluxum,
795 1928 960 2008 quolmulier
970 1928 1018 1990 illa
1030 1929 1187 2010 laborabat,
1203 1931 1371 2013 loquentem,
1385 1954 1434 1993 nec

61 2041 99 2079 em
112 2017 233 2078 inducat.
249 2018 320 2077 Cum
333 2039 415 2098 porro
433 2017 532 2079 multos
551 2018 738 2100 hujuscemodi
757 2020 898 2083 Greottlos
912 2024 1059 2106 scriptores
1082 2012 1235 2106 frequenter
1250 2027 1432 2110 reperiamus,

61 2114 126 2174 icere
139 2114 227 2190 hune,
244 2112 309 2192 quia
322 2113 374 2172 boc
386 2113 457 2175 uitio
470 2112 594 2192 laborat,
609 2115 787 2176 Severianum
803 2116 880 2178 esse?

61 2209 94 2270 tio
104 2209 202 2270 Latina
217 2221 258 2269 est
268 2208 412 2270 Frontonis
428 2210 533 2271 Dueei.

61 2421 1420 2458 W

61 2589 98 2671 plo
113 2594 160 2663 τῆς
183 2591 344 2659 ἰνθοιτιῶνος
357 2598 402 2652 τοῦ
417 2592 474 2652 νέου
493 2591 579 2665 ίτοος,
593 2590 639 2649 καλ
655 2593 673 2639 Α
689 2591 727 2647 In
739 2593 918 2671 principium
925 2592 1096 2654 indictionis
1105 2599 1174 2680 novi
1184 2599 1267 2670 anni,
1276 2600 1345 2655 etin
1354 2618 1433 2658 mar-

67 2682 219 2763 μάρτυρας,
231 2680 276 2742 καί
290 2685 329 2751 εἰς
343 2682 492 2764 αίμίρῤουν.
729 2695 825 2759 tyres,
853 2697 944 2766 atque
956 2686 988 2743 r‘rt
1001 2687 1172 2760 mulierem,
1196 2709 1261 2768 quoe
1281 2694 1435 2770 sanguinis

716 2775 840 2859 fluxum
852 2777 1029 2857 patiebatur.

61 2968 198 3038 νσημιῖον
217 2959 291 3042 παρὰ
306 2966 352 3020 τοῦ
372 2958 546 3021 ΔεονιάτουΧ
567 2963 637 3020 ιστοῒι
729 2960 756 3016 1.
767 2957 910 3020 Alternum
919 2973 958 3020 est
966 2958 1107 3040 quoddam
1120 2961 1332 3042 continuumque
1347 2963 1433 3026 mira-

61 3039 229 3192 νίπομξρία,
239 3039 285 3100 ιιαλ
302 3040 381 3108 ἄλλος
394 3039 473 3099 ἄλλον
488 2984 639 3120 &religaret
688 3036 794 3114 culum,
808 3037 941 3099 aChristo
949 3039 1068 3101 Domino
1076 3040 1211 3101 bonorum
1220 3041 1309 3103 imber
1321 3044 1433 3120 effusus,

61 3119 132 3178 ιιιαλ
182 3142 260 3201 μαρον
278 3124 351 3197 ἡμᾶς
372 3123 493 3179 ἑστιῶσιν
508 3120 533 3179 οἱ
546 3117 638 3178 καλλί-
688 3117 858 3178 etaliaealiis
866 3117 1014 3179 succedunt
1026 3141 1101 3202 opes.
1113 3119 1184 3180 Eece
1196 3142 1244 3182 nos
1257 3122 1339 3183 etiam
1351 3122 1434 3186 bodie

61 3223 93 3273 ις,
105 3197 164 3265 τοὺς
175 3199 283 3267 οἰκείως
296 3198 389 3267 ἄθλους
398 3197 593 3281 προτιθιοιότις
603 3201 640 3264 εἷς
688 3195 804 3257 victores
812 3210 944 3280 martyres
952 3198 1033 3280 epulo
1045 3198 1196 3281 excipiunt,
1203 3215 1231 3261 et
1239 3222 1288 3261 sua
1295 3201 1373 3263 nobis
1379 3225 1436 3264 cer-

61 3277 165 3360 ροωίνης
179 3276 334 3357 συμπόσιον.
346 3277 423 3338 ''Edet
436 3277 504 3378 γὰρ,
519 3278 570 3338 ἔδει
581 3275 641 3344 τοίας
690 3276 791 3336 tamine
804 3291 941 3357 tamquam
953 3277 1053 3338 laetitiae
1066 3301 1207 3340 commune
1222 3281 1379 3343 convivium
1389 3304 1436 3366 ap·

72 3357 212 3439 τῇχάριτι
227 3358 374 3440 μάρτυρας,
388 3358 434 3416 καλ
454 3381 488 3438 τῃ
509 3362 555 3416 τοῦ
569 3357 641 3425 ἔτους
690 3370 804 3436 ponunt.
812 3356 961 3438 Oportebat
986 3359 1075 3435 enirn,
1089 3360 1231 3441 oportebat
1252 3375 1282 3422 ut
1305 3376 1438 3445 martyres

61 3443 96 3496 λαι
120 3444 174 3504 τοῖς
191 3436 324 3498 ιθσεὸίσιν
345 3435 466 3519 ἀφορμὴν
483 3435 640 3505 θεξιώσιως·
691 3456 796 3517 semper
807 3435 894 3516 gratia
903 3437 1123 3517 juvenescentes,
1136 3439 1220 3500 etiam
1233 3437 1286 3500 sub
1295 3441 1360 3503 novi
1373 3444 1439 3504 anni

69 3520 107 3596 τῷ
122 3515 174 3596 νέῳ
187 3519 299 3596 ἐνιαυτῷ
311 3525 365 3584 τοῖς
381 3524 483 3585 πιστοῖς
492 3522 642 3590 ὑπαντῆσαι
691 3515 841 3596 ingressum
866 3515 1033 3578 occasionem
1053 3517 1174 3579 convivii
1212 3518 1265 3601 piis
1290 3520 1437 3583 afferrent:

61 3619 110 3655 νιν·
127 3594 179 3655 ἔδει
201 3595 270 3675 μετά
290 3596 418 3668 τοσαύτης
432 3600 503 3674 ἡμᾶς
524 3596 642 3676 εὐλογίας
690 3596 831 3676 oportebat
844 3609 875 3655 ut
888 3610 1040 3678 temporum
1060 3597 1218 3658 mutationis
1238 3600 1352 3662 exordia
1365 3615 1440 3663 tanta

61 3678 102 3746 τῆς
114 3680 159 3734 τοῦ
172 3674 267 3757 χρόνου
287 3678 432 3756 ἑναλλαγῆς
445 3674 479 3734 τά
500 3676 641 3756 προοίμια·
690 3696 740 3734 nos
752 3695 815 3735 cum
828 3675 1013 3736 benedictione
1025 3677 1222 3759 susciperemus
1231 3681 1393 3762 :oportebat
1409 3697 1439 3742 ut

70 3754 205 3835 παρούσης
224 3753 327 3836 ἡμέρας
346 3755 417 3828 πανή
454 3779 493 3836 ριν
512 3759 551 3836 τῷ
569 3759 642 3856 γορῷ
690 3753 745 3814 diei
765 3754 848 3835 hujus
866 3755 1049 3817 celebritatem
1072 3757 1155 3817 choro
1179 3772 1333 3819 sauctorum
1359 3782 1438 3821 exon

61 3835 208 3913 τιμημένην
220 3833 407 3904 ὑποδέξασθαι·
437 3836 475 3894 δει
491 3834 535 3896 τὸν
547 3837 642 3894 κυιιλον
658 3839 675 3885 Β
691 3848 781 3894 natam
792 3837 994 3916 exciperemus:
1007 3837 1217 3917 oportebatanni
1226 3851 1257 3896 ut
1270 3837 1388 3899 circulus
1397 3861 1440 3900 co-

82 3917 135 3972 τῶν
150 3912 291 3997 μαρτύρων
315 3918 483 3992 κοσμηθῆναι
507 3915 641 3996 στεφάνῳ·
691 3935 756 3974 rona
771 3927 923 4005 martyrum
939 3915 1125 3975 decoraretur:
1135 3915 1274 3996 oportebat
1286 3931 1316 3976 ut
1327 3918 1375 3977 tali
1386 3919 1439 3979 sub

61 3994 208 4075 χρήσασθαι
221 3994 264 4054 ἐπί
284 3998 329 4054 τοῦ
350 3993 504 4062 ἐπιστάντος
524 3997 642 4054 ἐνιαυτοῦ
691 3993 860 4052 adventantis
881 3993 944 4054 anni
960 3995 1069 4054 initium
1081 3993 1254 4076 jucunditate
1271 3995 1438 4073 frueremur,

61 4073 238 4154 ἐπαγομένους
249 4075 294 4132 sol
308 4072 358 4144 τὴν
376 4077 427 4133 τῶν
443 4072 584 4153 μαρτύρων
599 4099 642 4134 τι·
691 4093 803 4150 eamque
820 4086 973 4154 martyrum
989 4072 1091 4133 honore
1106 4073 1315 4136 cumularemus.
1330 4076 1366 4135 Hi
1375 4092 1439 4138 sunt

62 4151 114 4235 γάρ
139 4158 189 4214 εἰσι
212 4150 301 4227 πάσας
328 4152 486 4234 εὐφροσύνης
512 4159 550 4234 τῷ
574 4153 643 4232 γένει
692 4151 764 4211 enim
780 4151 823 4211 illi
837 4173 929 4214 omnes
944 4152 1058 4289 petitia
1071 4154 1161 4233 generi
1175 4153 1294 4215 humano
1316 4171 1439 4235 auctores

61 4243 166 4313 γενναῖοι
177 4238 222 4292 τοῦ
235 4233 351 4314 Χριστοῦ
367 4237 537 4313 στρατιῶται,
553 4236 577 4291 ol
598 4235 643 4294 καλ
693 4231 812 4311 generosi
820 4231 949 4291 militesC
970 4231 1157 4311 risti,e'usque
1169 4233 1279 4293 virtutis
1293 4250 1354 4315 post
1364 4257 1438 4296 mor-

61 4336 65 4365 t
84 4315 133 4383 τῆς
147 4314 225 4371 αὐτοῦ
240 4312 376 4390 δυνάμεως
401 4310 529 4392 κήρυκες,
551 4315 575 4372 οἱ
599 4314 643 4373 τὸν
693 4311 836 4371 temetiam
862 4255 1439 4397 raecones5quideceptoremserpentempar-

62 4414 85 4449 ιν
96 4392 159 4452 ποσλ
179 4390 319 4472 ναρτιρίας
334 4393 643 4464 καταπατήσαντες,ιιαλ
692 4390 820 4472 tientiaep
858 4390 918 4450 ‘us
934 4391 1145 4468 conculcarunt,
1159 4406 1186 4451 et
1199 4392 1342 4473 tyrannico
1360 4416 1438 4454 sensu

61 4493 133 4550 ρρσνα
154 4471 249 4531 λίοντα
263 4468 395 4551 φιλοθείας
418 4472 508 4553 χερσὶν
531 4471 643 4532 άποπνί-
694 4471 831 4530 tumidum
840 4470 963 4548 leonem,
980 4469 1079 4530 amoris
1096 4470 1124 4531 in
1147 4473 1235 4531 Deum
1248 4471 1440 4534 manibussus-

60 4549 92 4622 λν
108 4550 233 4622 ιίλήθιιαν
252 4550 462 4633 φανερώσαντες·
474 4555 499 4611 οἰ
525 4549 573 4622 clu
588 4575 643 4610 πα·
693 4550 831 4624 locarunt,
844 4570 876 4609 ac
889 4550 1032 4611 veritatem
1046 4549 1224 4632 propalarunt
1230 4575 1239 4628 5
1256 4553 1304 4631 qui
1324 4575 1442 4634 praesen·

72 4633 108 4696 ὡς
128 4629 244 4708 ματαίαν
271 4629 445 4708 μισήσαντες,
459 4630 505 4689 καλ
526 4629 575 4703 πλν
591 4635 645 4690 τῶν
694 4643 751 4689 tem
770 4630 857 4691 vitam
879 4642 910 4688 ut
930 4649 1029 4690 vanam
1047 4628 1178 4708 oderunt,
1205 4644 1233 4689 et
1253 4633 1380 4693 caelormn
1399 4656 1442 4695 re·

61 4707 160 4781 ιιλιίαν,
179 4714 216 4778 ὡς
240 4710 292 4769 etot
304 4709 416 4789 μητέρα,
432 4709 606 4777 ποθήσαντος·
621 4713 645 4770 οἱ
696 4729 792 4788 gnum,
807 4723 838 4768 ut
848 4707 901 4768 filii
910 4723 1034 4785 matrem,
1047 4708 1222 4787 adamarunt,
1238 4711 1286 4790 qui
1302 4734 1351 4794 per
1367 4736 1441 4783 mor·

61 4787 99 4855 :te
108 4791 157 4858 τῆς
171 4788 314 4858 ἀθανασίας
324 4789 410 4857 πύλας
428 4788 589 4864 ἀνοίξαντες,
600 4790 646 4850 ael
697 4802 753 4848 tem
761 4789 859 4870 januas
876 4787 1088 4849 immortalitatis
1110 4804 1282 4868 reserarunt,
1296 4793 1443 4872 mortisque

61 4890 97 4927 ,·ου
112 4868 258 4948 γιννήτορα
270 4872 308 4949 τῷ
317 4868 405 4950 οἰκείῳ
425 4870 530 4950 θανάτῳ
544 4869 645 4952 νεκράν·
697 4867 845 4960 genitorem
858 4875 944 4927 morte
951 4868 1060 4949 propria
1068 4882 1225 4947 caecarunt,
1237 4870 1285 4950 qui
1295 4873 1323 4931 in
1332 4893 1443 4955 corpore

61 4970 75 5004 ν
99 4946 205 5025 σάματι
230 4945 291 5016 τοὺς
314 4947 471 5027 ἀσωμάτους
492 4950 645 5023 νικήσαντες
698 4967 869 5030 incorporeos
891 4944 1027 5008 &mones
1049 4963 1224 5029 superarunt,
1247 4970 1300 5011 non
1323 4952 1442 5037 corporis

61 5132 106 5164 um
117 5114 213 5167 Codice
224 5117 302 5184 Regio
314 5120 389 5170 2843.
683 5126 768 5174 ίαυτθίν
779 5119 860 5187 irrep]

62 5200 120 5261 οιχίᾳ
129 5199 182 5260 ,καθ’
195 5199 281 5248 ἑαυτῶν
292 5206 457 5264 συναγομένους.
469 5198 478 5262 [
490 5196 567 5249 Satil.
579 5204 633 5263 μεθ’

61 5279 108 5318 Νι
121 5280 152 5318 Vl
159 5282 166 5316 l
173 5281 193 5318 l.
