3750 5940
80 475 211 525 cxxxv.
237 451 286 524 al.
314 473 457 522 cxxxiv.
777 445 847 542 575

103 625 144 672 tos
151 612 255 675 ludaeis
266 610 427 672 commixtos
438 608 520 668 fuisse
530 619 639 688 propter
649 606 847 680 solennitatem,

104 716 135 762 ut
150 723 229 763 nano
242 704 299 784 ejus
313 701 467 783 apologiam
486 699 636 779 ignoraret,
655 696 781 756 omuibus
795 695 848 757 tin-

67 804 85 851 B
106 795 167 876 guis
180 795 338 857 ludaeorum
352 795 470 854 furorem
483 791 631 851 denotavit.
645 790 715 849 Natu
730 789 775 850 vel
787 811 851 849 cru·

105 889 190 949 ciiixo
199 889 368 949 invidebant.
385 887 467 966 Atqui
481 885 549 965 quid
561 884 614 945 boc
625 882 704 946 vobis
717 882 850 944 nocebat?

106 980 193 1041 Nihil.
214 980 245 1040 Si
260 980 333 1041 enim
348 978 469 1039 mortalis
484 992 540 1039 erat
547 1023 558 1056 ,
572 975 743 1054 imbecillus,
759 989 786 1035 ct
799 997 849 1037 ex·

107 1076 295 1156 stingueudus,
312 1097 361 1135 eur
375 1075 474 1135 timetis
488 1074 602 1156 scriptas
616 1072 719 1132 litteras
732 1070 852 1132 dicentes

108 1167 187 1227 illum
200 1189 257 1227 esse
269 1170 370 1250 Regem
390 1166 567 1230 ludaeorum?
589 1165 625 1225 Et
644 1164 713 1244 quid
732 1163 851 1223 dicunt?

107 1262 160 1322 Dic
179 1262 252 1341 qnod
274 1261 320 1321 ille
345 1261 455 1322 dixerit.
480 1261 551 1320 Nam
566 1280 639 1320 nunc
654 1257 783 1318 sententia
812 1270 851 1318 est
862 1283 884 1311 v.
897 1280 925 1317 ar

107 1368 133 1414 et
146 1354 296 1415 communis
304 1355 424 1415 calculus
429 1378 438 1433 3
449 1353 473 1414 si
483 1375 550 1415 vero
560 1351 706 1435 adjiciatur
711 1397 721 1430 ,
729 1354 796 1433 Ipse
809 1353 852 1410 di·

107 1450 153 1506 rit
163 1491 173 1519 ,
187 1446 261 1506 illius
271 1446 425 1528 petulantia
435 1444 627 1526 etarrogantiae
638 1443 669 1504 id
679 1442 851 1504 adscribitur.

62 1541 202 1624 ,oeNeque
226 1556 314 1602 umen
337 1541 496 1602 sententiam
521 1540 638 1603 mutavit
659 1539 781 1614 Pilatus,
804 1539 852 1599 sed

70 1643 90 1685 Α
109 1633 236 1715 perstitit.
248 1634 319 1693 Hinc
336 1647 487 1694 autemnon
498 1632 794 1715 parvaquaepiamres,
805 1631 852 1692 sed

109 1738 197 1784 totum
210 1724 392 1806 dispensatur.
410 1727 480 1784 Cum
494 1726 566 1785 enim
584 1724 672 1784 crucis
684 1724 791 1805 liguum
804 1724 852 1784 de-

110 1818 211 1877 fossum
222 1819 316 1879 suisset
327 1839 393 1894 ,nec
402 1818 471 1878 illud
485 1818 621 1899 quispiam
630 1839 722 1878 eruere
733 1816 852 1893 auderet,

111 1909 227 1970 instante
246 1925 337 1989 metu,
352 1925 379 1971 et
388 1911 496 1987 fideles,
508 1911 570 1972 aliis
585 1912 665 1971 rebus
679 1910 852 1991 urgentibus,

111 2001 307 2082 incumberent,
313 2017 339 2063 et
349 2017 437 2063 tamen
446 2004 570 2064 futurum
583 2017 649 2082 erat,
664 2016 695 2062 ut
704 2001 853 2082 insequenti

111 2107 230 2175 tempore
254 2117 322 2155 crux
344 2096 558 2177 perquireretur,
581 2110 608 2156 et
623 2110 677 2156 tres
695 2116 788 2155 cruces
800 2115 853 2153 una

108 2188 227 2266 jacerent
241 2211 248 2244 ε
265 2209 297 2246 ne
309 2189 480 2269 ignoraretur
489 2209 613 2268 quaenam
624 2187 735 2250 Domini
747 2186 853 2262 luisset,
900 2197 943 2241 Cui
955 2197 1005 2239 mni

111 2279 200 2361 primo
220 2280 294 2359 quoa
314 2281 343 2341 sn
364 2281 455 2342 mean
484 2296 566 2357 sset,
590 2281 690 2342 aare
714 2302 749 2341 ιι
773 2259 1007 2369 utunfissftgffis,

111 2372 201 2452 agnita
221 2373 288 2449 suin
301 2374 437 2434 latronum
454 2374 557 2456 quippe
577 2396 669 2435 cruces
691 2373 784 2435 titulos
800 2392 854 2454 nou
865 2387 951 2434 titulun

111 2466 255 2525 habebant.
276 2466 380 2526 Milites
394 2480 486 2528 autem
509 2466 662 2528 diviserunt
682 2467 854 2544 vestimenta,

111 2557 158 2618 sod
171 2580 224 2618 non
234 2558 364 2649 tunicam.
376 2559 450 2621 Vide
462 2581 571 2619 rursum
585 2581 635 2642 per
647 2581 732 2642 prava
744 2558 855 2619 illorum

112 2665 185 2730 gesta
199 2652 355 2734 prophetias
368 2651 470 2732 ubique
484 2653 603 2734 Mpleri.
623 2654 694 2713 Nam
704 2652 776 2713 illud
784 2673 853 2731 quo·

74 2768 92 2814 B
111 2745 228 2825 quejam
246 2744 590 2825 olimpraediotumfuerat.
609 2745 690 2825 eltqui
707 2732 857 2806 tres'erant

112 2837 253 2915 ministri,
271 2837 319 2897 sed
331 2837 479 2919 prophetie
492 2838 521 2922 in
535 2839 583 2898 illo
594 2838 786 2920 implebantur.
800 2839 857 2898 Gur

113 2930 185 2987 enim
200 2951 254 2989 non
268 2931 296 2990 in
310 2930 372 2990 aliis
392 2929 466 2989 idem
479 2931 613 3010 iecerunt,
632 2930 680 2991 sed
692 2930 720 2990 in
732 2931 785 2991 boc
795 2942 855 2990 tan·

114 3024 192 3082 tum?
216 3023 262 3082 Tu
281 3045 346 3084 vero
369 3025 437 3084 mihi
448 3024 598 3085 consideres
611 3026 695 3086 velim
708 3023 856 3107 prophetiae

114 3118 319 3177 accurationem.
332 3119 393 3177 Non
406 3119 487 3178 modo
501 3119 573 3179 enim
585 3119 712 3180 divisisse
719 3118 787 3179 dicit
795 3139 857 3200 pro-

113 3209 213 3291 pheta,
230 3209 277 3269 sed
295 3210 377 3269 etiam
397 3232 450 3270 non
463 3211 590 3272 divisisse
604 3236 610 3270 :
623 3212 677 3272 alia
691 3211 856 3288 diviserunt,

114 3304 234 3363 tunicam
247 3323 300 3362 non
315 3302 481 3380 diviserunt,
496 3302 544 3363 sod
564 3304 629 3365 sorti
643 3325 700 3364 rum
715 3303 857 3364 commise-

115 3410 187 3455 runt.
202 3395 277 3454 lllud
293 3417 374 3469 vero,
396 3399 446 3456 95.
469 3398 603 3476 Desuper
626 3409 777 3469 contexta,
802 3416 856 3456 non

114 3489 172 3547 sine
180 3508 258 3546 causa
269 3488 394 3569 ponitur;
405 3488 453 3549 sed
463 3488 509 3548 alii
520 3487 616 3549 dicunt
623 3486 780 3568 allegoriam
788 3509 855 3564 esse,

61 3599 62 3602 ’
115 3579 179 3658 quia
192 3601 244 3638 non
253 3580 499 3661 simpliciterbomo
512 3594 567 3640 erat
575 3580 722 3641 crucifixus
734 3579 782 3640 ille
786 3626 796 3658 ,
810 3578 858 3640 sod

61 3709 62 3715 .
115 3676 190 3756 prius
204 3674 374 3737 divinitatem
387 3675 494 3734 habuit.

61 4427 63 4444 ‚
159 4382 186 4437 9.
203 4377 258 4436 atii
280 4377 376 4437 dicunt
400 4377 471 4437 illud
503 4380 584 4442 vestis
611 4398 696 4460 genus
709 4378 862 4445 describere
913 4405 1015 4450 vfflrum

61 4518 65 4551 ,
119 4470 319 4548 evangelistam.
335 4471 408 4542 Quia
421 4471 494 4530 enim
513 4471 541 4532 in
560 4473 700 4533 Palaestina
715 4473 784 4535 duos
799 4496 861 4536 cou-
871 4470 959 4514 ’ἰωὴ
977 4470 1017 4510 Ρ··

61 4620 65 4628 .
120 4576 224 4623 suentes
235 4585 346 4644 pannos,
360 4565 399 4624 sic
408 4565 565 4626 vestimenta
575 4580 680 4644 texum,
692 4581 723 4629 ut
730 4569 864 4650 signis,cet
871 4533 963 4576 Ιιιιιιι..

61 4723 68 4751 ,
121 4662 246 4733 loannes,
256 4657 337 4718 talem
346 4659 427 4718 fuisse
437 4659 645 4738 tunicamdicit,
654 4664 788 4744 Desuper
797 4685 864 4725 con·
931 4685 1017 4731 rnatu

61 4775 102 4842 ‚n
122 4766 212 4812 texto.
226 4752 259 4810 ld
278 4773 341 4813 vero
361 4752 450 4812 dicere
463 4753 532 4813 mihi
558 4753 674 4831 videtur,
694 4769 725 4815 ut
748 4759 865 4818 vestium
875 4752 999 4829 ⁵?‘⁰¹¹⁸⁰¹²'

61 4884 68 4918 >
122 4847 255 4907 vilitatem
278 4845 451 4906 subindicet:
468 4860 494 4906 et
510 4847 580 4908 sicut
602 4848 630 4908 in
648 4848 709 4909 aliis
728 4816 912 4932 omnibus‚¹¹''

61 4978 67 5008 ,
122 4941 160 4998 sic
184 4941 211 4999 in
239 4952 311 5000 veste
342 4960 403 4998 eum
427 4939 526 5001 vilitati
558 4941 703 5003 studuisse.
738 4943 774 5004 Et
811 4946 868 5005 baec

61 5066 65 5081 ·
123 5032 233 5110 quidem
245 5031 354 5092 milites.
368 5032 428 5113 lpse
439 5052 505 5094 vero
516 5034 662 5097 crucifixus
671 5049 783 5097 matrem
791 5057 868 5099 suam
878 5060 900 5092 v·
918 5043 956 5103 ²4·
