3750 5940
88 438 205 490 uxxur.
231 416 280 488 al.
308 416 415 489 ullu.

61 821 93 922 ³2⁹
314 821 474 883 HOMILlA
495 820 629 885 bllell.

105 1007 172 1066 Cur.
187 1005 264 1066 Xlll.
276 1030 303 1069 v.
313 1010 360 1069 56.
371 1011 453 1069 Dicit
461 1009 562 1070 Simon
571 1012 691 1070 Petrus:
705 1012 843 1080 Domine,

144 1119 201 1181 quo
220 1101 334 1160 vadis?
355 1101 514 1181 Respondit
534 1105 561 1160 ei
579 1101 688 1160 lesus:
712 1101 776 1180 Quo
794 1120 846 1182 ego

142 1193 232 1263 vado,
248 1212 307 1252 non
327 1205 409 1273 potes
433 1197 516 1271 sequi
534 1213 581 1252 me
599 1194 706 1264 montm-
719 1196 848 1274 requeis

144 1297 242 1344 nutem
253 1298 365 1366 postea.

145 1476 171 1529 l.
193 1473 326 1551 Magnum
342 1472 483 1555 quidpiam
496 1473 621 1547 dilectio,
641 1486 667 1532 et
685 1474 748 1554 igne
765 1472 847 1535 vebe-
905 1467 910 1472 ⁵

104 1564 232 1643 mentius,
246 1564 320 1644 quod
332 1565 368 1624 ad
383 1566 473 1647 ipsum
490 1567 585 1626 caelum
606 1566 741 1627 sustollit:
756 1567 848 1626 nullus

104 1671 191 1737 potest
211 1658 281 1717 obex
300 1658 431 1739 impeturn
448 1659 506 1739 ejus
524 1658 656 1719 cohibere.
673 1658 846 1721 Ferventissi-
887 1668 946 1714 Petri
955 1669 1001 1741 rof-

67 1749 85 1796 Β
105 1770 165 1807 mus
179 1749 262 1828 igitur
275 1751 371 1809 Petrus
381 1795 390 1827 ,
405 1772 467 1810 cum
484 1751 602 1810 audisset
619 1750 764 1828 dicentem,
783 1746 914 1840 Quoffi
949 1747 1000 1776 '¹¹¹'

106 1863 157 1922 ego
168 1843 259 1913 vado,
278 1863 335 1902 ‘uos
350 1864 408 1901 non
416 1848 537 1924 potestis
551 1847 663 1916 venire,
679 1842 748 1921 quid
759 1842 847 1902 dicit?

107 1936 244 2008 Domine,
264 1954 324 2015 quo
338 1937 448 1995 vodis?
462 1936 520 1994 Hoc
541 1950 631 1994 autern
648 1934 771 2011 dicebat,
796 1955 849 1994 nou

107 2039 162 2084 tarn
173 2025 305 2104 discendi,
317 2049 399 2106 quam
410 2025 537 2105 sequendi
552 2026 632 2086 illum
643 2025 781 2087 desiderio.
789 2027 851 2086 Non

107 2140 188 2177 ansus
206 2133 275 2177 certe
287 2133 326 2178 est
336 2118 523 2197 dicere,Venio
530 2142 540 2197 3
551 2117 599 2179 sod
610 2119 658 2196 ait,
672 2120 736 2197 Quo
746 2120 854 2179 vadis?

109 2210 234 2270 Christus
247 2232 300 2271 uon
315 2212 413 2289 verbis,
427 2213 474 2272 sod
486 2212 578 2272 animo
592 2213 650 2293 ejus
660 2212 811 2294 respondet,
821 2225 853 2271 ut

109 2325 144 2361 ex
168 2304 233 2383 ipsis
251 2306 310 2385 ejus
331 2305 422 2367 verbis
442 2303 532 2387 palam
552 2318 599 2365 est.
618 2304 694 2378 Quid
706 2305 779 2366 enim
795 2304 855 2365 ait?

113 2397 177 2472 Quo
191 2417 243 2477 ego
257 2398 347 2470 vado,
369 2417 429 2456 non
445 2410 528 2478 potes
540 2399 626 2457 modo
642 2418 688 2458 me
696 2401 789 2480 sequi.
803 2397 856 2459 vi-

110 2487 171 2547 den'
186 2489 265 2548 illum
279 2490 354 2569 sequi
366 2490 517 2571 optavisse,
533 2489 647 2569 ideoque
661 2490 856 2570 interrogasse?

111 2582 149 2638 Ut
164 2581 270 2642 audivit
280 2597 379 2657 autem,
393 2583 646 2663 Sequerispostea,
659 2604 744 2663 noque
754 2584 794 2644 sie
811 2584 857 2643 de-

112 2671 242 2731 siderium
264 2674 406 2751 cohibuit,
421 2673 471 2732 etsi
486 2674 647 2754 sperandum
666 2674 789 2749 audiret3
812 2675 859 2735 aod

74 2768 93 2815 C
113 2784 143 2821 eo
158 2765 231 2824 venit
247 2779 277 2823 ut
292 2764 414 2826 diceret:
429 2766 477 2823 57.
494 2767 592 2844 Quare
615 2787 674 2825 non
689 2787 809 2848 possum
831 2781 859 2828 te
890 2755 895 2767 ¹

113 2863 197 2937 seqru'
216 2860 322 2916 modo?
344 2858 491 2917 Animam
514 2879 609 2940 meam
624 2881 679 2940 pro
698 2873 727 2919 te
738 2881 857 2942 ponam.

114 2950 185 3021 Quia
199 2950 271 3009 enim
281 2951 441 3031 proditionis
455 2964 558 3010 metum
571 2952 738 3032 deposuerat,
751 2966 777 3012 et
790 2952 861 3013 inter·

114 3043 214 3123 probos
233 3043 401 3120 censebatur,
418 3064 479 3101 cum
493 3042 594 3103 fiducia
611 3043 733 3121 demum,
746 3043 809 3104 aliis
824 3044 860 3104 si·

115 3135 248 3210 lentibus,
263 3134 424 3194 sciscitatur.
444 3133 520 3205 Quid
532 3136 584 3210 ais,
601 3136 699 3196 Petne?
717 3134 786 3196 dicit
803 3136 859 3214 ille,
916 3182 1011 3228 nilocno

116 3230 184 3285 ll'on
202 3239 300 3305 potes,·
321 3240 347 3284 et
364 3238 393 3283 lu
412 3224 499 3303 dieis,
520 3227 652 3287 Possum?
668 3227 860 3309 Experimento
869 3248 916 3291 nine
933 3261 1011 3303 roper-

115 3320 205 3398 itaque
218 3319 291 3379 dices
300 3318 470 3378 dilectionem
486 3334 559 3381 tuam
574 3321 632 3380 sine
646 3341 758 3402 superna
775 3322 860 3402 gratia
870 3310 1009 3416 ffifl'll'

116 3413 184 3471 nibil
198 3433 262 3473 esse.
279 3412 360 3473 Unde
374 3413 465 3494 palam
475 3428 524 3485 est,
540 3433 602 3472 eum
616 3413 722 3494 lapsum
732 3414 812 3474 illum
825 3415 863 3477 ad
950 3402 955 3415 ¹

117 3505 261 3564 utilitatem
272 3505 343 3564 Petri
354 3505 516 3586 permisisse.
530 3505 648 3564 Volebat
659 3505 769 3584 quidem
784 3506 861 3566 Chri·

116 3612 172 3657 stus
198 3599 241 3657 his
259 3599 371 3680 prolatis
394 3599 484 3659 verbis
507 3599 596 3680 ipsum
617 3599 772 3660 instituere:
797 3603 862 3680 quia

116 3713 180 3751 vero
192 3692 238 3750 ille
249 3692 276 3750 in
288 3692 455 3754 vehementia
465 3714 510 3750 sua
522 3692 719 3773 perseverabat,
734 3714 787 3753 uon
797 3693 862 3773 injo-

116 3786 153 3844 cit
175 3785 302 3863 quidem,
329 3806 414 3863 neque
435 3784 544 3865 impulit
561 3784 597 3843 ad
615 3786 800 3864 negationem,
815 3786 862 3845 sed

115 3878 367 3953 descruit‚11tsuam
382 3877 510 3935 edisceret
529 3876 721 3936 infirmitatem.
730 3877 810 3937 Dixit
817 3881 862 3939 Je-

79 3975 99 4022 1>
117 3991 162 4028 sus
179 3991 206 4027 se
221 3968 380 4027 trudendum
395 3969 451 4027 sore
460 3992 468 4045 5
484 3967 698 4056 respondltjlle:
712 3971 861 4050 Propitius
870 4007 955 4056 uam„
974 4005 1011 4052 ,50

117 4074 178 4120 esto
202 4065 255 4119 tibi
268 4085 276 4116 :
295 4081 354 4119 non
377 4064 432 4119 erit
455 4064 509 4118 tibi
531 4061 596 4119 loc.
622 4060 787 4140 surreptus,
807 4081 859 4121 non
871 4086 909 4118 aa.

117 4156 271 4215 emendatus
285 4170 323 4214 est
330 4179 338 4232 3
351 4155 396 4214 sod
408 4176 469 4213 eum
484 4154 565 4215 vellet
575 4153 626 4234 ipsi
638 4155 716 4215 Jesus
728 4153 811 4236 pedes
820 4156 860 4215 la·

117 4270 190 4323 vare,
199 4248 280 4324 dixit,
292 4250 359 4306 Non
368 4248 482 4305 lavabis
490 4248 562 4304 milti
569 4247 658 4326 pedes
668 4249 701 4304 in
710 4258 859 4307 aetmnum.

119 4340 239 4399 Audiens
254 4342 451 4415 rursum,Non
463 4351 544 4418 potes
558 4359 604 4397 me
613 4341 697 4419 sequi
708 4340 804 4413 modo,
815 4340 861 4400 di-

118 4434 171 4492 cit:
187 4437 254 4492 Etsi
270 4454 369 4493 omnes
384 4446 412 4491 te
426 4435 616 4512 negaverint,
632 4454 685 4514 ego
700 4453 759 4493 non
772 4456 861 4518 nega·

61 4575 62 4587 ,
119 4525 163 4582 bo.
180 4523 252 4594 Quia
265 4523 349 4600 igitur
361 4521 451 4582 videre
464 4535 521 4580 erat
533 4521 613 4580 illum
632 4522 660 4581 in
679 4527 861 4604 arrogantiam

118 4616 239 4696 prolabi,
254 4615 435 4674 contradicere
448 4613 629 4689 meditantem,
641 4632 732 4677 monet
752 4618 862 4678 demum

61 4757 63 4767 ,
118 4729 151 4766 ue
168 4721 304 4787 repugnet.
316 4706 347 4765 ld
362 4729 443 4788 porro
462 4705 635 4768 subindicans
646 4709 745 4785 ercas,
760 4709 863 4770 dixisse
911 4706 915 4718 ’

118 4800 195 4857 illum
211 4800 248 4856 nit
264 4823 271 4855 ε
286 4802 326 4857 Et
343 4821 394 4880 ego
406 4821 460 4879 pro
475 4813 503 4858 te
514 4805 624 4881 rogavi,
642 4815 674 4860 ut
689 4823 748 4859 non
758 4804 862 4885 defice·

81 4894 99 4941 l:
119 4906 162 4952 ret
174 4893 248 4971 fides
269 4906 341 4962 tua,·
359 4892 505 4968 idest,Ne
519 4914 629 4973 prorsus
643 4908 766 4974 eiusque
782 4896 809 4953 in
829 4897 862 4954 sr-

61 5031 63 5040 .
119 5007 179 5044 nem
193 5007 304 5065 pereas:
323 4987 349 5046 in
370 4978 495 5045 omnibns
510 4987 690 5047 bumilitatem
705 4986 818 5058 docens,
838 5003 863 5047 et

871 4836 1012 4883 buconia.

139 5171 151 5207 b
164 5169 210 5219 Alii
222 5177 246 5223 oi
258 5181 292 5236 μὴ
305 5183 400 5231 ποιήσεις
409 5178 474 5224 τοῦτο
486 5179 515 5231 εἰς
527 5183 572 5225 τὶν.
