3750 5940
288 458 323 505 ιιι
349 458 567 509 ιιιιιιτιιιοιιιι
592 459 637 507 nr
662 456 875 506 rnanrsnun.
1144 426 1150 437 ’
1301 430 1374 530 675

51 582 84 661 τῷ
101 580 209 640 πεσόντι
223 579 269 638 καί
283 579 442 656 ἀνάσταντι,
452 583 523 654 λυαῆ
538 580 581 641 ἐπὶ
594 614 619 652 ς,
634 579 771 641 visumert
818 578 856 640 od
866 575 1373 660 nonabegerimsedjustificarimzre-

51 662 123 721 ’σόκ
136 658 242 737 εὔλογος
255 665 273 730 ἡ
287 646 581 762 μόμόιςσοοᾶόνκρι-
599 670 616 715 Α
632 599 855 743 prehendenbim
880 656 989 720 videtur
1011 655 1086 737 quod
1113 677 1167 717 non
1201 657 1285 717 iratus
1311 659 1374 718 fue-

51 738 112 800 nto
136 763 177 799 σοι
199 736 294 820 λίγιιν.
317 745 371 799 Δυο
392 740 582 821 χραοιφειλόται
633 740 703 811 rim,
729 738 776 800 sed
799 738 948 821 planatus:
980 735 1228 819 reprehendendum
1255 737 1373 813 videtur,

51 824 120 880 ,νι·ό
134 809 170 888 εἷς
179 816 275 920 piperis
288 817 399 898 δηνάρια
409 818 580 895 πεντακόσια,
632 818 704 900 quod
714 841 783 893 eam,
802 840 863 898 quae
891 816 927 877 ob
967 830 1055 878 ereata
1082 838 1130 876 sua
1149 817 1372 896 fugererolebat,

52 922 144 959 κοντα.
155 896 480 980 Τουτοιςδλοίττσρήσασιν
495 903 581 981 ἀμφο-
632 898 807 960 revocarim:
833 918 896 957 eum
920 897 955 957 de
1064 896 1155 980 potins
1179 896 1308 976 gratulari
1335 898 1375 957 la-

60 976 95 1036 rb
108 976 456 1059 χειράγραφαόδανειστῆς.
470 979 520 1046 Τίς
536 970 580 1039 οὖν
633 1001 692 1061 pso,
717 992 744 1038 et
770 999 835 1038 mox
859 978 1016 1058 resurgenti,
1040 977 1169 1049 dolorem¹
1187 977 1298 1036 inurunt
1324 977 1375 1037 tibi

51 1055 97 1117 εὀν
113 1061 236 1137 eperum
252 1056 286 1116 ‘0
300 1056 328 1117 δὲ
341 1057 371 1116 λε’
389 1081 427 1126 ει,
442 1056 580 1138 Ὑττολαμ-
632 1059 748 1118 aliorum
768 1057 846 1118 bona.
861 1059 1055 1119 Verumtamen
1069 1078 1123 1117 non
1147 1069 1186 1116 ost
1200 1056 1298 1116 rationi
1313 1078 1375 1117 con-

55 1140 145 1195 πλεῖον
164 1134 316 1217 ἐχαρίσατο.
333 1081 388 1196 Καί
405 1136 476 1214 λέγει
492 1141 581 1219 αὐτῷ,
633 1152 756 1198 sentanea
777 1136 948 1218 reprehensio
971 1150 1018 1196 tua
1035 1160 1054 1194 ·:
1074 1137 1165 1197 conset
1183 1134 1236 1196 hoo
1262 1157 1324 1196 eum
1344 1157 1375 1198 eo

51 1207 114 1275 Εἶτα
127 1215 258 1296 Στραφελς
271 1215 336 1297 πρδς
346 1214 395 1287 τὴν
409 1224 533 1294 γυναῖκα,
543 1222 582 1300 τῷ
632 1217 705 1296 quod
718 1217 769 1279 tibi
781 1231 936 1277 narraturus
947 1239 1016 1278 sum.
1038 1219 1108 1278 Duo
1121 1217 1265 1277 debitores
1289 1231 1375 1277 eram
1385 1226 1444 1271 Ibid-
1452 1241 1474 1270 v·
1484 1222 1522 1286 4¹·

51 1295 122 1362 ε’ττεις
139 1293 236 1368 ταύτην
252 1292 305 1366 ’τὴν
326 1304 452 1374 γυναῖκα,
468 1296 517 1368 τήν
540 1321 581 1358 σοι
632 1299 750 1358 cuidam
766 1299 971 1379 soeueratori:
995 1317 1070 1357 unus
1090 1298 1213 1356 debebat
1236 1298 1375 1357 denarios

51 1373 227 1455 σόμουνίψαι
238 1372 297 1441 τοὺς
310 1373 394 1441 πόδας
407 1376 436 1433 οὐ
451 1374 581 1448 nemeto·
632 1381 816 1458 quingentos,
829 1377 945 1436 elalius
968 1380 1194 1467 quinquagintn.
1221 1376 1292 1435 Cum
1310 1398 1375 1437 vero

52 1451 274 1615 ιιιιιιῑ
285 1452 367 1606 ι
382 1452 471 1594 ιι
479 1455 581 1597 ιιι
632 1557 649 1594 ,.
662 1455 1375 1617 ιιιιιιιιιιιιιιιιι,ιι

51 1641 55 1670 ι
68 1612 127 1680 τοὺς
136 1613 234 1680 πόδας·
250 1611 330 1694 ἐλαίῳ
344 1612 392 1684 τὴν
402 1636 432 1672 κε
453 1615 518 1686 αλήν
531 1639 581 1693 μου
631 1615 745 1695 diligere
756 1616 857 1675 debet?
868 1615 920 1675 llle
931 1631 1022 1676 autem
1033 1617 1071 1675 ait
1086 1638 1092 1673 :
1108 1617 1233 1674 AEstimo
1246 1620 1316 1696 quia
1335 1620 1370 1689 is,
1385 1626 1475 1669 torua.
1484 1621 1525 1681 43·

51 1717 86 1765 τη
102 1692 129 1750 δὲ
148 1691 223 1772 μόρῳ
241 1691 334 1772 ἤλειψέ
350 1715 400 1770 μου
413 1637 474 1762 robe
487 1694 580 1763 πόδας.
631 1700 680 1755 eui
691 1697 759 1776 plns
780 1697 913 1755 donavit.
938 1696 983 1755 Ait
1005 1695 1058 1776 ipsi
1078 1716 1086 1751 ε
1108 1697 1196 1754 Recte
1217 1696 1371 1777 judicasti.
1382 1703 1430 1746 ’Ψί-

60 1773 195 1853 Φαρισαῖε
205 1769 282 1845 ,τίςό
291 1771 428 1842 δανειστὴς
439 1817 446 1845 ,
457 1774 502 1832 καὶ
512 1774 581 1843 τίνες
632 1774 736 1835 Deinde
750 1776 914 1836 Conversus
938 1777 980 1834 ad
999 1776 1160 1847 mulierem,
1178 1778 1221 1833 ait
1239 1775 1372 1834 Simoni:

59 1849 132 1929 Ἐγώ
147 1854 227 1929 εἰμιὸ
242 1850 378 1922 δανειστὴς
389 1854 441 1909 τῶν
455 1851 518 1926 δύο,
533 1860 579 1915 σοῦ
633 1856 720 1915 Wdes
731 1857 809 1915 bane
820 1856 980 1927 mulierem,
996 1853 1031 1913 de
1040 1876 1093 1933 qua
1116 1868 1145 1913 tu
1173 1875 1246 1934 spem
1268 1875 1375 1913 omnem

51 1933 66 1990 ὗ
81 1931 158 2009 μόνον
172 1934 256 2008 ὑμῶν,
271 1929 339 1988 ἀλλὰ
353 1930 399 1989 καὶ
412 1929 518 1992 πάντων
536 1937 579 1993 ἄν·
630 1933 822 2016 abjeceras?m
833 1955 905 1994 meos
915 1934 1008 1995 lavare
1021 1933 1103 2015 pedes
1113 1954 1166 1993 non
1181 1955 1208 1993 es
1230 1933 1375 2013 dignatum

50 2021 108 2071 ᾶσιν
125 2010 238 2090 ἐχάρισα
250 2055 257 2082 ,
270 2010 338 2088 άπερ
352 2009 396 2068 καί
410 2009 515 2088 nasos,
530 2014 578 2072 ἀπ’
594 2026 612 2074 n
631 2015 798 2074 boeeautem
809 2015 952 2089 lacrymis
960 2016 1047 2095 pedes
1058 2033 1137 2072 oreos
1151 2015 1281 2093 'rigavita
1293 2034 1375 2073 oscu-

51 2089 101 2162 ιὴν,
120 2095 216 2166 σῶμα,
232 2087 365 2161 αίσόησιν,
379 2094 486 2168 γνῶσιν,
503 2091 579 2165 κίνη-
631 2094 694 2152 lum
706 2096 779 2154 mibi
790 2092 908 2152 caritatis
922 2116 982 2153 non
995 2095 1102 2152 dedisti
1106 2117 1118 2162 ,·
1130 2092 1192 2151 boee
1207 2105 1305 2152 nutem
1317 2113 1377 2152 non

51 2167 153 2242 ἐιατὴν,
167 2167 212 2227 τδν
225 2171 290 2227 ὀὐκ
303 2171 466 2230 aaronita
480 2195 510 2231 σε
522 2196 578 2231 ιτα-
630 2177 760 2232 cessauit
770 2174 900 2233 osculari
904 2174 993 2253 pedes
1002 2193 1096 2232 meos:
1109 2172 1172 2230 oleo
1184 2185 1272 2252 capnt
1280 2193 1376 2232 meum

53 2247 130 2323 αόες,
145 2250 181 2313 εἰς
197 2248 315 2328 πλῆρες,
331 2247 362 2306 δν
377 2247 415 2327 μὴ
436 2248 500 2330 ἔχῃς
514 2255 579 2311 ἀτο-
631 2273 690 2311 ιιοιι
700 2255 812 2312 ιιιιτίειί
819 2277 831 2322 ,·
841 2254 903 2312 boeo
913 2266 1011 2311 autem
1023 2263 1169 2332 unguento
1191 2255 1277 2309 unxit
1289 2253 1376 2332 pedes

51 2353 62 2387 ν
81 2326 253 2409 συγχωρῆσαί
266 2349 308 2385 σοι
327 2327 358 2387 τδ
377 2328 486 2389 δάνειον.
501 2332 577 2392 Είδί
630 2352 718 2391 meos.
733 2335 835 2393 Verum
852 2332 934 2408 disne,
944 2353 961 2391 o
973 2331 1115 2401 Pharisee,
1132 2329 1193 2408 quis
1206 2330 1241 2389 sit
1263 2330 1376 2390 foenera—

51 2407 156 2480 ίνασαι,
170 2405 229 2466 οὔτε
239 2409 371 2466 ἱκετεῦσαι
383 2407 463 2477 ἀξιοῖς
476 2434 578 2491 coppos
631 2425 683 2488 tor,
695 2425 721 2471 et
733 2411 781 2491 qui
790 2411 931 2472 debitores
942 2410 1002 2490 Ego
1016 2432 1077 2471 sum
1087 2410 1229 2469 loenerator
1249 2409 1376 2487 duorum,

51 2485 263 2567 siduntqutbfir
276 2488 427 2566 πολυλογίῖιν
447 2487 492 2546 καλ
507 2494 578 2551 άνθι-
632 2491 707 2551 tuiet
725 2489 816 2565 illius;
831 2513 880 2552 nee
900 2493 982 2553 vestri
1003 2491 1103 2564 solum,
1128 2486 1176 2548 sed
1203 2503 1230 2548 et
1253 2489 1376 2550 omnium

51 2591 77 2628 ον
96 2571 132 2635 ὡς
146 2564 213 2639 αὐτὴ
227 2570 244 2638 ἡ
258 2564 358 2646 πόρνη,
372 2565 431 2639 ἥτις
444 2565 479 2626 τδι
493 2570 579 2630 πολλὰ
631 2570 795 2631 monalium.
807 2570 867 2651 Ego
883 2570 1009 2631 omnibus
1028 2569 1143 2651 largitus
1164 2590 1226 2628 sum
1247 2569 1344 2649 gratis,
1360 2591 1375 2628 a

51 2646 109 2721 ιίη,
126 2638 199 2707 ε’ίπεν
218 2648 245 2705 ἐν
264 2649 365 2725 ἑαυτῇ·
382 2645 409 2705 τί
422 2647 546 2722 λαλήσω,
560 2649 577 2723 ἢ
631 2671 676 2710 me
695 2664 866 2732 roceperunt,
882 2651 1014 2726 animam,
1030 2649 1167 2732 spiritum,
1182 2669 1290 2729 corpus,
1318 2670 1376 2709 sen-

51 2727 174 2867 ·belpmo
193 2728 287 2800 sirete,
304 2726 333 2785 οὐ
348 2730 476 2806 χρεωστῶ
487 2729 519 2788 τδ
532 2730 578 2790 δά·
630 2751 701 2807 sum,
715 2730 905 2811 oognitionem,
926 2743 1039 2790 motum.
1066 2727 1233 2789 Creditorem
1248 2728 1339 2820 itaque
1360 2751 1376 2790 a

51 2832 86 2868 τα
106 2808 175 2880 οδε,
194 2804 239 2867 καλ
262 2805 333 2864 πόσα
352 2809 481 2886 χρεωστῶ
500 2809 579 2879 αὖτδς
631 2823 657 2870 te
667 2823 828 2891 repetentem
843 2810 870 2870 in
884 2809 1013 2887 solidum,
1034 2831 1096 2890 quae
1118 2806 1254 2889 accepisti,
1274 2830 1297 2867 σι
1322 2829 1375 2869 non

54 2888 108 2948 ἀπὸ
126 2885 206 2948 τοίαν
224 2883 332 2989 χρόνων
353 2885 493 2955 ὑπεύθυνός
512 2892 578 2967 alpe.
631 2889 740 2963 habeas,
754 2887 999 2965 undereddas,ora
1012 2903 1042 2948 ut
1059 2887 1185 2948 debitum
1201 2886 1341 2948 ubidonet
1366 2913 1373 2948 a

51 2975 114 3043 ῦσα,
137 2966 177 3028 ότι
195 2990 282 3026 ταντα
302 2955 370 3039 οἶδε,
382 2967 428 3026 καί
440 2965 513 3027 οὐδὲν
524 2972 577 3028 τῶν
631 2968 832 3062 quodsineque
840 2969 952 3031 reddere
961 2969 1056 3051 possis,
1069 2989 1155 3047 neque
1176 2988 1253 3027 orare
1276 2966 1373 3047 digne-

50 3053 82 3129 τῇ
103 3053 191 3108 κακῶν
212 3049 293 3119 ἐστιν,
309 3042 324 3103 δ
341 3045 463 3107 λανθάνει
483 3049 577 3121 αὐτὸν,
630 3049 678 3121 ris,
700 3063 730 3109 ut
742 3050 792 3109 tibi
803 3050 926 3123 donetur,
935 3050 998 3109 licet
1006 3070 1059 3108 non
1069 3047 1218 3121 erubescas,
1233 3045 1301 3106 dnm
1313 3068 1375 3128 gar·

53 3126 181 3210 κρόουσα,
192 3124 281 3203 καίτῇ
292 3125 387 3206 καρδία
398 3129 477 3198 αὐτῆς
486 3128 575 3188 πάντα
629 3129 706 3189 rulus
721 3150 759 3202 es,
775 3143 801 3189 et
810 3128 967 3203 contendis;
979 3143 1036 3189 tace
1048 3141 1078 3186 ut
1094 3127 1153 3186 haee
1166 3125 1304 3201 meretrix,
1314 3149 1374 3207 quae

51 3213 116 3280 ῡσα,
132 3203 318 3284 όξηυμενίσατο
332 3204 376 3263 τὸν
393 3205 472 3266 Θεόν.
490 3207 574 3286 Σίγη-
629 3208 783 3269 multaesse
802 3209 897 3270 videns
924 3208 1016 3270 debito
1043 3229 1101 3281 sua,
1129 3205 1201 3266 dixit
1222 3228 1237 3265 a
1258 3205 1296 3265 ud
1322 3227 1372 3266 se:

51 3294 180 3392 tapeoute,
190 3284 233 3344 ἴνα
242 3307 282 3344 σοι
292 3284 437 3367 χαρίσηται
451 3291 465 3345 ό
479 3286 573 3367 Κύριος
592 3302 611 3348 c
630 3288 707 3362 Quid
719 3287 820 3360 dicam,
835 3303 883 3349 aut
895 3289 961 3369 quid
979 3287 1163 3370 respondebo?
1180 3285 1203 3345 si
1223 3229 1313 3345 dcere
1327 3309 1373 3348 ve·

61 3392 109 3438 συ,
123 3365 263 3431 κατάδικος
278 3362 325 3434 ῶν,
345 3364 505 3434 καταδίκαζε
525 3366 573 3441 τὴν
628 3366 687 3441 lim,
703 3370 762 3428 Non
774 3369 867 3444 debeo,
882 3368 998 3451 seitipse
1006 3389 1049 3428 me
1061 3366 1169 3442 debere,
1183 3378 1297 3445 etaquo
1307 3379 1373 3425 tem-

51 3470 80 3505 ν·
96 3444 135 3549 pb
149 3444 195 3519 eb,
216 3442 323 3516 εὐτελὴς
340 3441 386 3515 ὢν,
400 3444 512 3513 eorum
524 3445 574 3518 τὴν
629 3468 693 3528 pore
706 3449 852 3509 referendis
878 3448 1029 3509 rationibus
1052 3447 1104 3507 sim
1129 3445 1256 3506 obnoxia.
1280 3447 1374 3525 ltaque

51 3528 202 3606 ίίσοχασον·
222 3524 283 3583 οὔτε
295 3521 347 3604 γίιρ
360 3527 412 3581 τῶν
429 3528 491 3599 σῶν,
514 3524 573 3587 οὔτε
628 3547 690 3586 eum
701 3527 786 3608 probe
798 3529 888 3603 sciret,
904 3549 965 3588 eum
986 3527 1076 3587 omnia
1105 3547 1190 3601 nosse,
1215 3524 1375 3604 nullumque

51 3630 60 3663 ι
81 3604 149 3686 ἔχω·
170 3605 228 3663 ἀλλ’
250 3602 407 3684 ἀμφοτέροις
423 3594 502 3676 ἦλθον
523 3605 572 3679 τὴν
627 3626 662 3665 ex
676 3607 710 3666 iis
717 3607 874 3682 sceleribus,
887 3628 948 3687 quae
958 3607 985 3666 in
997 3629 1025 3667 se
1038 3606 1193 3677 admiserat,
1208 3626 1271 3664 eum
1282 3605 1373 3682 latere,

51 3691 99 3745 λαι.
119 3687 181 3744 Τῶν
196 3682 248 3763 γάρ
262 3681 307 3743 δόο
321 3682 457 3755 δανειστὴς
476 3685 571 3765 φιλάν-
627 3685 734 3747 silentio
744 3688 873 3770 prooessit
885 3687 1047 3769 lacrymans,
1056 3702 1081 3747 et
1094 3687 1123 3746 in
1133 3683 1214 3745 corde
1227 3702 1275 3744 suo
1284 3685 1374 3756 omnia

62 3766 92 3825 οὐ
115 3763 192 3842 μόνον
209 3761 237 3823 δὲ
256 3766 340 3841 ὑμῶν,
354 3761 423 3822 ἀλλά
442 3763 488 3822 καί
505 3774 571 3826 πᾶσι
626 3763 718 3826 debita
726 3768 855 3840 consessa,
867 3767 1097 3847 Deumplaoatum
1106 3764 1234 3825 reddidit.
1244 3765 1317 3823 Tace
1326 3764 1373 3845 igi-

51 3846 202 3904 ίττοδοῦναι·
221 3843 266 3904 ἐὰν
289 3840 366 3919 μόνον
386 3843 571 3921 ὁμολογήσωσι
626 3856 672 3904 tur
684 3861 709 3906 et
719 3860 759 3919 tu,
773 3847 919 3924 Pharisaeos,
928 3860 959 3906 ut
973 3847 1023 3905 tibi
1033 3845 1156 3906 debitum
1168 3843 1300 3911 Dominus
1313 3864 1372 3903 eon·

51 3922 180 3997 τήσωνταί
193 3946 227 4001 με
239 3923 411 4026 ονγχοιρῆσαι
425 3925 513 3991 αὐτοῖς
526 3924 571 3985 διδ
625 3923 716 3985 donet.
733 3925 796 3986 Noli
811 3940 852 4004 tu,
869 3947 930 3985 cum
950 3947 1013 3985 rens
1030 3925 1076 3999 sis,
1100 3921 1305 3984 condemnatam
1314 3923 1373 4012 jam

53 4002 190 4086 ρόγραφον.
203 4001 240 4062 Et
252 4025 291 4067 τις
306 4025 349 4061 ουν
371 4007 509 4082 χρεωστῇ,
525 4004 571 4064 καί
626 4003 805 4064 condemnare
822 4029 828 4061 :
847 4005 904 4065 noli
919 4019 959 4079 tu,
972 4026 1033 4064 enm
1052 4003 1118 4065 vilis
1141 4002 1187 4077 sis,
1202 4001 1285 4063 vilem
1310 4001 1373 4061 mli·

51 4108 74 4144 τι
87 4090 133 4142 τοῦ
149 4081 348 4161 βαπτίσματος,
362 4080 395 4139 δι’
407 4085 487 4154 αὐτῆς
501 4085 570 4142 ἕλευ·
624 4083 750 4164 pendere.
761 4083 888 4161 Quiesce3
898 4106 984 4164 neque
998 4083 1070 4144 enim
1086 4096 1132 4142 ant
1147 4081 1201 4141 tuis
1228 4093 1275 4140 aut
1297 4080 1372 4142 illius

51 4188 87 4231 υς.
99 4162 232 4241 Ὑπάγετε
244 4161 340 4235 τοίνυν,
352 4158 406 4220 ἰδοὺ
417 4166 468 4221 τῶν
484 4165 569 4245 χρεῶν
625 4163 706 4223 rebus
715 4162 834 4239 indigeo,
855 4163 903 4224 sed
913 4163 1047 4224 ambobus
1058 4178 1089 4223 ut
1107 4161 1269 4222 remitterem
1294 4159 1371 4220 debi-

52 4245 169 4322 ςένοχῆς
189 4246 222 4321 τῇ
241 4239 333 4321 χάριτι
357 4242 466 4322 ἠλευθερ
481 4247 569 4314 ›bore-
623 4243 759 4303 tumveni.
770 4243 830 4324 Ego
844 4244 917 4304 onim
928 4265 989 4304 sum
1014 4243 1060 4303 ille
1072 4243 1208 4302 humanus
1229 4242 1372 4301 soenerator

51 4321 211 4404 [ειρόγραφον
233 4324 334 4390 ἑαυτοῖς
355 4320 473 4381 ίπεισενί
506 4346 568 4397 ητι,
626 4321 753 4399 duorum,
765 4344 852 4403 neque
863 4336 969 4385 tantum
981 4322 1068 4399 vobis,
1084 4321 1131 4382 sed
1141 4336 1165 4381 et
1174 4320 1308 4395 omnibus,
1322 4322 1370 4414 qui

51 4398 570 4558 {st⁰bbeblbi⁶tsll”bt
587 4415 606 4461 ⁰
624 4402 951 4543 libididem?
964 4399 1371 4543 dttlbtmssttssb'liti
1449 4516 1461 4539 ,

60 4559 192 4641 (ἀτδγδιρ
211 4563 264 4620 τῶν
273 4504 388 4621 πολλῶνχ
389 4525 512 4639 ἀνομιῶν,
518 4584 568 4639 μου
624 4504 854 4642 ῑειιι,ἰίοιλ)σιιιι]ιιο
877 4505 1099 4645 eiiii-ographum.
1121 4528 1152 4622 Si
1170 4559 1232 4643 quis
1250 4582 1279 4621 er
1297 4582 1314 4621 o
1335 4583 1371 4622 aes

51 4639 120 4702 >obv
141 4638 211 4721 τόκῳ
235 4643 323 4708 κακῶς
345 4638 506 4719 ἀνήλωσα),
550 4640 567 4714 ὴ
622 4640 743 4701 alienum
759 4643 934 4717 mntraxerit,
953 4640 1062 4703 accedat
1086 4641 1124 4702 ad
1150 4641 1265 4723 gratiam
1279 4581 1371 4722 bapti-

51 4720 184 4821 παρέσχες
196 4742 259 4798 μοι,
283 4723 331 4790 τῆς
344 4721 432 4800 ψυχῆς
446 4717 476 4778 τὸ
489 4720 568 4801 >etpri-
622 4721 686 4799 smi,
699 4733 725 4780 et
773 4743 857 4783 ream
870 4744 886 4782 a
899 4721 992 4783 debito
1005 4721 1174 4786 liberabitur.
1191 4721 1271 4780 Abite
1293 4740 1368 4800 ergo,

53 4800 113 4882 ρκδς
132 4824 176 4860 τον
197 4798 288 4860 τόκον·
304 4797 372 4858 ἀλλὰ
392 4798 514 4881 κοάφισόν
533 4824 567 4877 με
621 4820 681 4860 ecoe
694 4821 710 4860 a
723 4742 824 4862 diribitis
837 4800 921 4863 soluti
929 4801 1005 4876 estis,
1016 4802 1132 4863 abomni
1155 4799 1319 4882 obligatione
1337 4800 1369 4858 li-

51 4885 106 4941 ιεῶν
121 4902 185 4958 μου,
196 4882 231 4945 ῶς
241 4877 440 4960 φιλάνθρωπος,
455 4879 501 4939 καί
510 4879 566 4939 εἰπὲ
621 4879 705 4940 berati
719 4901 768 4963 per
779 4879 897 4962 gratiam
905 4880 981 4960 estis,
992 4903 1026 4941 ne
1036 4903 1094 4957 vos,
1107 4881 1195 4964 primo
1203 4882 1261 4962 jam
1274 4879 1368 4940 reseis-

51 4958 218 5042 ι,ἀφε’ωντοί
227 4980 274 5018 σου
283 4963 310 5018 αἱ
320 4958 417 5018 πολλαὶ
427 4959 565 5038 ἁμαρτίαι.
622 4981 661 5035 so,
683 4960 738 5020 alio
759 4982 856 5022 rursus
876 4960 1057 5044 chirographo
1079 4961 1211 5022 obnoxios
1235 4957 1365 5020 reddatis.

51 5039 224 5119 ίναμάρτητος
238 5038 283 5098 καὶ
303 5038 400 5118 ἀγαθός
416 5039 461 5099 καί
475 5038 563 5118 φιλάν-
621 5041 736 5119 Verum,
753 5040 870 5102 Domine
879 5039 1032 5105 dominator
1042 5045 1106 5106 lesu
1117 5040 1234 5118 Christe,
1247 5039 1367 5119 quando·

51 5254 102 5309 ιείσ
110 5257 236 5322 irrepsisse
247 5253 355 5310 videtur.
