3750 5940
276 438 311 484 ιν
337 437 497 487 sancrau
523 435 690 485 νιιιοιιιιιιι
716 436 906 484 narrantur.
1306 419 1378 519 915

51 589 62 629 ;.
78 564 111 625 Ὁ
131 563 210 625 'neat
223 565 267 626 ded
279 566 368 626 θυσίαν
387 566 551 645 ὀνομάζεται,
569 571 583 625 θ
637 578 686 623 tas.
705 564 773 625 Abel
788 565 823 625 ob
835 564 998 626 sacrificium
1011 580 1182 647 memoratur,
1196 569 1291 633 Enoch
1304 575 1380 653 quod

51 667 142 717 στησιν
159 645 394 722 μνημονιόιται,ό
414 643 584 724 Μελχισεδὲχ
639 645 696 703 Deo
709 644 841 724 placuerit
860 644 1028 722 celebratur,
1044 645 1223 709 Melchisedec
1244 664 1274 710 ut
1288 652 1379 736 imago

59 723 235 803 κηρύσσεται,
255 727 270 783 δ
294 723 415 804 Ἀθραδιμ
436 725 478 783 διὰ
493 724 583 784 πίστιν
637 722 689 782 Dei
699 723 869 804 predicatur,
881 724 1020 784 Abraham
1051 727 1233 807 ropteriidem
1241 729 1379 811 laudatur,

64 803 212 905 Ἰσαδκδιδι
227 803 308 904 τόπον
321 807 481 877 ἐπαινεῖται,
497 809 511 865 ὁ
529 803 582 906 Ἰρ-
636 802 800 882 lsaacqnod
814 803 903 893 ligura
917 803 952 863 sit
965 825 1000 863 ex
1053 805 1118 882 tur,
1132 807 1265 898 Jacobob
1278 809 1380 874 luctam

51 882 583 1044 iiiiiiiiitiiiiaiiiiii]
600 880 1380 1048 „ltffiltltllulti‘llltssllllllt

55 1041 443 1141 ςεθρημεῖται,’1ησοθςθτοῦ
456 1040 533 1114 Neci,
547 1046 583 1108 ὡς
635 1039 705 1100 lator
717 1040 895 1119 benedicitur,
916 1044 994 1104 lasus
1007 1043 1083 1103 titius
1103 1047 1178 1106 Nave
1192 1059 1223 1119 ut
1236 1047 1301 1108 belli
1341 1072 1381 1111 ux

51 1145 192 1196 ιονευεται,
215 1121 359 1201 ’Σαμψὼν
384 1127 419 1190 ὡς
446 1121 584 1199 συνόμιλος
635 1120 796 1197 celebratur,
808 1122 921 1181 Samson
935 1143 969 1181 ex
983 1121 1117 1201 colloquio
1133 1145 1196 1184 cum
1217 1128 1275 1186 Deo
1285 1128 1380 1191 beann

51 1227 88 1272 αι,
104 1200 198 1268 Ἠλίας
215 1206 251 1267 ὡς
268 1200 387 1274 ζηλωτὴς
401 1211 583 1284 μαρτυρεῖται,
635 1198 748 1277 dicitur,
757 1200 849 1260 Helias
859 1200 908 1260 zeii
915 1201 1097 1262 testimonium
1107 1202 1198 1281 habet,
1209 1206 1294 1266 isaias
1303 1208 1379 1270 tbeo·

51 1279 107 1357 όγος
121 1281 316 1363 ἀναγράφεται,
338 1280 441 1353 Δανιὴλ
460 1285 496 1348 ὡς
508 1305 582 1341 συντ·
634 1277 776 1358 loguseese
784 1279 921 1354 scribitur,
931 1280 1028 1341 Daniel
1036 1294 1066 1340 ut
1075 1282 1195 1363 prudens
1202 1286 1377 1368 praedicatur,

53 1358 181 1432 Ἰεζικιηλ
193 1363 229 1427 ὡς
246 1359 341 1431 θεατὴς
359 1365 412 1419 τῶν
426 1359 583 1440 ἀπορρήτων
637 1356 761 1419 Ezechiel
773 1373 804 1418 ut
814 1380 976 1419 &canorum
993 1374 1125 1441 spectator
1144 1362 1318 1426 admirationi
1330 1368 1379 1428 ha-

51 1438 228 1519 λδὼςπατλρ
244 1446 289 1499 τοῦ
305 1438 373 1498 κατὰ
385 1440 472 1518 σάρκα
487 1463 585 1517 μυστη·
635 1437 723 1514 betur,
739 1437 830 1498 David
843 1452 874 1499 ut
886 1452 963 1519 pater
975 1441 1097 1521 mysterii
1111 1441 1260 1503 secundum
1270 1467 1379 1508 carnem
1449 1486 1451 1491 ‹

51 1518 160 1594 ζολομὼν
178 1522 214 1586 ὡς
233 1517 311 1599 σοφὸς
325 1518 504 1597 θαυμάζεται·
524 1521 582 1579 ἀλλ’
637 1517 798 1595 celebratur,
805 1518 933 1578 Salomon
945 1532 974 1577 ut
981 1519 1087 1600 sapiens
1095 1542 1140 1580 sos
1160 1522 1379 1601 icitur3sednihil

51 1589 113 1669 ίονόΙ
127 1598 244 1665 θεοτόκος
254 1596 354 1678 Μαρία.
364 1596 417 1658 Ὃν
428 1598 480 1679 γδιρ
489 1601 583 1658 ἐκεῖνοι
635 1596 832 1675 exaequandum
854 1597 978 1679 Deiparae
1003 1599 1109 1658 Mariae.
1137 1543 1208 1661 ivam
1226 1624 1307 1680 quem
1334 1606 1378 1665 illi

51 1699 125 1735 τοισιν
139 1669 217 1751 εἶδον,
238 1676 305 1748 αὕτη
325 1679 353 1736 ἐν
383 1678 461 1757 αστρλ
480 1702 584 1758 σαρκω·
635 1675 1139 1759 omnesinaenigmatevidemnt,ipsa
1154 1681 1271 1742 iontem
1288 1683 1378 1745 iucar-

64 1755 109 1815 καὶ
121 1754 193 1815 οὐδὲν
208 1755 342 1817 ἐνεπόδισε
353 1701 401 1829 siv
414 1757 528 1840 ἄρρητον
541 1761 582 1819 ol·
635 1769 728 1816 natum
751 1757 884 1846 gestavit,
904 1778 935 1816 ac
956 1756 1027 1816 nihil
1049 1758 1194 1838 impedivit
1215 1760 1381 1824 ineffabilem

51 1837 108 1895 δεοῦ
132 1835 227 1912 Λόγου.
257 1833 370 1914 Ὄγκας
399 1835 469 1896 Ἀλλ’
494 1836 583 1897 ὑλικὸν
634 1854 809 1895 oeconomram
822 1835 908 1896 Verbi
924 1836 985 1894 Dei.
1001 1837 1159 1898 Tumornei'
1174 1843 1209 1899 At
1232 1842 1380 1903 materialis

51 1939 90 1974 ιου
109 1915 154 1973 καὶ
177 1913 274 1984 πάθοις
293 1919 353 1974 oli
386 1938 413 1981 ος
437 1915 582 1997 θλλόεριος.
634 1915 772 1995 estpassio
786 1937 792 1971 :
808 1929 836 1974 at
847 1928 950 1975 tumore
961 1929 987 1974 et
997 1917 1120 1995 passione
1129 1939 1247 1978 vacuum
1258 1934 1297 1979 est
1310 1925 1379 1984 Ver-

51 1994 153 2054 ὀιοότου
178 1993 302 2074 μέγεθος
315 1994 377 2054 Ἀλλ
402 1999 419 2065 ἡ
444 1994 534 2068 orem<
554 1999 583 2056 οὗ
633 1992 710 2054 bum.
727 1995 821 2054 Tanta
833 1994 1002 2054 demissionis
1015 1996 1194 2075 magnitudo?
1209 1998 1265 2059 Sed
1278 1999 1379 2061 divini·

51 2073 133 2147 ίύσοτ;
143 2073 214 2134 Ἀλλ’
226 2076 258 2146 ἣν
273 2073 447 2134 ἀναπλάττων
459 2077 506 2134 οὐκ
520 2073 581 2152 ipl-
601 2086 619 2132 Ε
634 2085 675 2132 tas
686 2093 738 2132 non
750 2073 992 2133 circumscribitur.
1012 2075 1177 2136 Piaculum?
1195 2077 1250 2138 Sed
1263 2100 1322 2140 eam
1336 2081 1378 2140 ef-

50 2154 246 2292 tilloit}
260 2151 582 2312 ἐξρῖόίμῖόη
634 2151 815 2291 iiiiii?
830 2151 1104 2294 ltllililil
1112 2155 1380 2299 titillat}

51 2277 126 2370 ,Αλλῗ
132 2257 331 2383 οὐκφήρλάπῶσε
350 2312 426 2377 τόκος
438 2313 482 2372 τὸν
488 2257 582 2392 φιίνιιρ-
633 2250 715 2369 atteri
723 2278 885 2402 benigiritas.
898 2254 1017 2370 ioartusi‘
1030 2278 1091 2373 sed'
1099 2334 1152 2373 uon
1165 2255 1272 2375 niinuit·
1285 2260 1380 2397 paritis

51 2391 217 2472 ινθριίιπησις;
233 2391 313 2453 tant
330 2389 479 2469 μιταθολὴν
493 2397 510 2465 ἡ
524 2393 582 2451 θεία
633 2410 704 2464 eum,
719 2390 767 2468 qui
777 2411 836 2449 nne
848 2389 981 2471 principio
993 2404 1040 2450 est.
1049 2393 1141 2452 Partui
1148 2395 1243 2473 juncta
1256 2395 1380 2457 incarna-
1499 2396 1503 2403 ’

51 2494 108 2530 ινεν.
123 2469 202 2550 Ἔχει
215 2471 284 2531 κατὰ
297 2472 383 2552 σάρκα
397 2471 512 2552 μητέρα,
524 2474 582 2531 ἀλλ’
634 2468 690 2527 tio?
703 2469 759 2529 Sed
772 2469 948 2536 mutationem
960 2470 1055 2530 divina
1068 2484 1162 2531 natura
1176 2495 1228 2532 non
1243 2495 1320 2555 passa
1331 2491 1379 2537 eet.

51 2540 116 2609 εἶναι
130 2549 199 2610 κατδι
209 2550 320 2625 θεότητα
337 2549 458 2629 ἀμήτωρ.
472 2551 582 2624 Φάτνη;
636 2549 750 2614 Matrem
762 2548 845 2607 habet
858 2549 1007 2608 secundum
1020 2541 1144 2627 caruerri,
1159 2552 1272 2612 sednon
1290 2557 1381 2617 amisit

51 2630 139 2709 Ιατρδς
155 2632 202 2689 οὐκ
223 2634 235 2690 ἑ
259 2631 358 2710 ’μνωσε
378 2630 485 2690 κόλπον.
506 2631 582 2702 Σπή-
633 2627 707 2704 quod
719 2628 1105 2689 essetsinematresecundum
1114 2631 1294 2691 divinitatem.
1306 2636 1380 2694 Prte-

51 2708 127 2768 έποτε
140 2714 180 2789 τῷ
203 2716 217 2770 θ
250 2716 317 2791 νῳὴ
335 2709 419 2790 Τριός
441 2709 582 2848 ἐνέλειρρν.
633 2707 718 2786 sepe?
736 2707 790 2768 Sed
805 2707 893 2767 Patris
906 2708 995 2766 sinum
1011 2729 1064 2767 non
1086 2709 1210 2770 nudavit.
1225 2713 1380 2804 Spelunca?

51 2814 55 2842 ν
79 2788 142 2869 βίιρ,
165 2781 249 2862 οἶονὴ
269 2790 387 2857 θεοτόκος
407 2788 507 2869 Μαρία.
556 2813 581 2847 ε-
633 2784 688 2844 Sed
711 2786 831 2846 Trinitas
854 2807 993 2876 nunquam
1013 2786 1141 2847 thronum
1161 2788 1281 2869 reliant.
1302 2792 1380 2852 Nihil

51 2893 96 2940 τε,
117 2879 206 2930 πᾶσαν
220 2869 267 2942 τλν
286 2869 372 2934 κτίσιν
391 2893 430 3006 τρ
447 2870 580 2948 λογισμῷ,
633 2864 887 2944 ergoinhominum
895 2865 1047 2926 vrtasimile
1055 2866 1165 2947 Virgini
1174 2870 1380 2932 Mariae.Mente

375 2951 438 3027 ἄγα

51 2971 73 3007 ιν
88 2947 186 3022 ίσον,ἢ
200 2952 286 3028 μεῖζον
306 2952 355 3019 τῆς
439 2948 511 3015 ςκαλ
526 2953 580 3007 θεο·
591 2942 755 3028 ²³⁷itaquae
765 2944 945 3020 homo,totam
957 2959 1105 3005 creaturam
1116 2949 1306 3029 percurrito,et
1316 2951 1381 3012 vide

51 3051 57 3064 ·
73 3028 260 3108 περινόστησον
276 3027 325 3100 τλν
342 3033 391 3106 γῆν
402 3072 410 3101 ,
423 3027 582 3108 περίάλιψαι
600 3044 620 3090 Λ
635 3045 700 3083 num
711 3023 777 3101 quid
790 3037 835 3082 aut
847 3023 950 3103 aequale
960 3025 997 3084 sit
1005 3024 1127 3106 Deiparae
1138 3027 1258 3107 Virgini,
1267 3045 1314 3090 aut
1323 3052 1379 3091 ma·

51 3110 293 3208 ιολυπραγμόνησον
306 3109 351 3167 τὸν
365 3107 441 3187 άίρα,
458 3105 519 3175 τοὺς
534 3110 580 3166 σό-
631 3104 677 3184 jns
690 3103 737 3162 illa
754 3127 761 3161 ι
782 3102 1020 3183 terramcircumi,
1040 3126 1114 3164 marc
1132 3106 1274 3188 perlustra,
1291 3131 1380 3171 aerem

51 3188 287 3268 ᾳέρεονησον,τδις
298 3185 425 3268 ἀοράτως
435 3186 522 3253 πάσας
537 3188 580 3246 δυ·
634 3197 762 3256 scrutare,
781 3182 859 3243 caelos
872 3197 961 3243 mente
976 3183 1120 3265 perpende,
1140 3184 1288 3248 invisibiles
1300 3204 1378 3271 pote·

51 3290 92 3339 γτι,
108 3266 154 3326 καί
171 3265 261 3346 βλέπε,
273 3271 297 3326 εἰ
310 3266 380 3326 ἔστιν
391 3267 458 3326 άλλο
467 3272 582 3326 τοιοῦτον
634 3268 714 3322 states
728 3262 825 3342 cogita,
839 3275 865 3322 et
879 3263 1020 3322 videnum
1035 3263 1129 3325 intuta
1143 3280 1238 3327 natura
1252 3267 1288 3328 sit
1301 3269 1380 3330 aliud

52 3350 85 3425 τῇ
107 3347 203 3406 κτίσει.
227 3347 343 3425 Οὐρανοί
365 3344 413 3423 μὲν
432 3345 483 3425 γάρ
506 3344 581 3414 δόξαν
635 3341 688 3401 tale
698 3342 891 3433 spectaculum.
906 3344 976 3403 Nam
987 3343 1045 3402 celi
1053 3359 1178 3405 enarrant
1187 3345 1302 3425 gloriam
1312 3351 1378 3423 Dei,

58 3472 66 3499 ,
82 3426 189 3505 ἄγγελοι
208 3429 386 3506 λειτουργοῦσι
400 3424 467 3503 μετὰ
489 3424 581 3504 peden,
634 3421 723 3501 augeb
735 3442 798 3481 cum
814 3421 909 3482 timore
921 3423 1084 3499 ministrant,
1098 3425 1197 3486 archan
1216 3426 1252 3486 eli
1264 3428 1378 3489 adorant

51 3511 166 3565 ικυνοθσι
185 3505 253 3584 μετὰ
269 3506 382 3587 τρόμου,
396 3505 430 3564 τό
444 3505 582 3584 Χερουὸδμ
634 3522 697 3560 eum
706 3501 1041 3576 tremoressherubininon
1051 3503 1192 3566 ferentesc
1231 3523 1378 3586 orrescunt,

51 3610 98 3660 τει,
111 3585 145 3644 τὰ
160 3585 283 3667 Σεραρὶμ
295 3589 324 3645 οὐ
337 3585 524 3657 πλησιάζωσι,
534 3608 581 3644 πε-
633 3580 777 3663 Seraphini
791 3602 843 3641 non
858 3581 999 3654 accedunt,
1015 3583 1063 3642 sed
1075 3584 1298 3647 circumvolantes
1315 3605 1380 3648 cunr·

54 3689 115 3744 ογον
128 3665 155 3723 δὲ
165 3665 256 3747 τρόμῳ
266 3711 273 3739 ,
285 3663 390 3744 Ἄγιος,
407 3664 493 3743 ἅγιος,
509 3663 582 3743 ἅγιος
634 3673 749 3721 tremore
759 3661 875 3721 clamant
883 3662 1030 3735 :Sanetus,
1042 3678 1172 3737 sanctus,
1185 3679 1305 3727 sanctus
1315 3671 1377 3728 Do-
1389 3679 1446 3726 [τοι.
1457 3680 1479 3727 6.
1493 3680 1516 3726 3.

63 3745 189 3824 πλήρηςό
201 3746 308 3825 οὐρανὸς
325 3746 399 3816 καὶὴ
420 3749 454 3824 γῆ
474 3749 522 3816 τῆς
536 3749 580 3804 αῖ·
634 3745 731 3801 minas
746 3741 877 3802 Sabaoth
893 3765 902 3798 .·
919 3743 1041 3822 plenum
1062 3757 1105 3802 est
1127 3746 1232 3804 coelum
1249 3760 1278 3805 et
1298 3759 1377 3808 terra

51 3827 57 3883 l
71 3824 152 3902 λίμνη
163 3825 193 3884 τὸ
210 3816 275 3906 ἦχος
295 3827 341 3884 οὐκ
358 3824 467 3902 ἤνεγκεν
472 3867 481 3896 ,
495 3828 523 3884 αἱ
536 3849 580 3884 νε-
634 3821 732 3880 laudis
742 3824 816 3903 ejus.
827 3823 915 3880 Lacus
928 3842 1023 3880 sonum
1035 3842 1087 3880 non
1099 3822 1171 3896 tulit,
1181 3824 1265 3883 nubes
1274 3846 1377 3886 assum-

51 3908 113 3982 peasa
123 3904 213 3986 τρόμῳ
223 3906 360 3982 γεγόνασιν
406 3904 581 3979 ημα,δῆλιος
633 3899 700 3959 tioni
714 3921 776 3959 cunr
791 3913 904 3958 tremore
916 3899 1042 3959 vehentes
1051 3900 1247 3979 ministrarunt,
1261 3903 1301 3963 sol
1313 3926 1377 3964 con·

51 3984 105 4062 ἶρων
122 3984 154 4064 ἔρ
173 3984 238 4056 ιξεν,
251 3989 265 4043 ὁ
279 3984 343 4064 ᾅδης
358 4007 417 4050 τους
433 3981 538 4063 νεκροὺς
553 3985 579 4042 ἐν
632 3976 771 4037 tumeliam
785 3999 837 4037 non
854 3980 942 4037 ferens
957 3978 1100 4057 inhorruit,
1116 3979 1236 4041 infernus
1256 3997 1377 4045 mortuos

51 4008 171 4143 [Ιολωρςλ
184 4065 279 4132 indm<
296 4087 325 4122 ος
345 4061 468 4136 ἔπτηξαν,
480 4061 512 4121 τὸ
522 4061 580 4142 ὄρος
632 4078 695 4116 cum
703 4057 799 4117 timore
808 4057 1054 4121 evomuieosaiarii
1064 4073 1090 4119 te
1100 4059 1222 4121 videntes
1230 4061 1377 4124 exhorrue-

51 4143 151 4220 ξάμενον
166 4145 352 4216 &emicem
371 4141 449 4221 βάτος
457 4140 495 4219 μὴ
510 4141 579 4223 tuly·
632 4158 670 4213 re,
682 4157 759 4197 mons
769 4158 908 4196 ascensum
918 4137 1055 4219 excipiens
1071 4140 1225 4220 fumigavit,
1237 4142 1324 4201 rubus
1334 4144 1377 4203 vi·

51 4224 107 4282 τίαν
131 4223 193 4304 ἐρλί
211 4247 265 4296 ετο,
287 4228 302 4283 δ
324 4221 458 4302 Ἰορδάνης
489 4221 580 4303 φρίξας
631 4217 734 4277 sionem
750 4238 803 4277 non
827 4219 915 4277 serens
928 4217 1038 4294 exarsit,
1053 4218 1179 4281 Jordanis
1197 4242 1254 4302 prae
1267 4221 1379 4282 horrore

51 4302 131 4373 πίσω,
143 4308 160 4374 ἡ
173 4307 292 4364 θαλασσα
305 4303 450 4383 ροθηθεῖσα
467 4301 516 4374 τὴν
536 4301 580 4384 ῥά·
598 4311 616 4359 Β
633 4317 778 4358 conversus
798 4311 837 4357 est
855 4310 1019 4374 retrorsum,
1041 4320 1115 4358 mare
1131 4298 1239 4379 virgam
1257 4315 1378 4362 metuens

52 4382 125 4441 διτθν
142 4382 294 4442 δεσποτικὸν
308 4382 388 4442 τύπον
402 4386 580 4461 ἡμερωθεῖσα,
633 4374 778 4436 dinectum
795 4391 834 4436 est
853 4377 1082 4457 perDominicam
1096 4378 1213 4457 liguram
1227 4383 1378 4441 mansuefa-

51 4461 112 4520 ιδιδι
127 4461 175 4533 τὴν
189 4462 276 4522 εἰκόνα
294 4461 367 4545 παρὰ
382 4460 457 4542 ρόσιν
474 4460 581 4533 ἤνθησε,
634 4470 723 4532 oum,
745 4457 823 4535 virga
846 4457 959 4516 daronis
981 4473 1091 4538 propter
1110 4458 1256 4540 imaginem
1279 4475 1379 4554 praeter

51 4543 119 4599 ιλῶνι
133 4541 247 4621 Τριάδος
266 4541 376 4622 ἀριθμὸν
393 4538 501 4620 ᾐδέσθη.
513 4540 581 4620 Ἀρί-
633 4550 758 4595 naturam
772 4536 873 4608 floruit,
887 4535 958 4617 ignis
970 4535 998 4596 in
1013 4537 1152 4619 Babylone
1165 4540 1307 4601 Trinitatis
1322 4563 1376 4601 nu·
1460 4541 1464 4549 '

51 4620 195 4701 παράδοξα,
211 4620 399 4697 καὶθαόμασον
412 4624 460 4691 τῆς
479 4621 523 4678 Πα
542 4619 580 4678 θί·
633 4636 738 4674 merum
751 4616 884 4678 reveritus
903 4629 951 4674 est.
968 4616 1107 4697 Stupenda
1125 4617 1181 4686 illa,
1191 4641 1331 4698 enumera,
1352 4636 1378 4681 et

51 4700 95 4758 ,ότι
107 4699 135 4758 ὃν
145 4710 218 4760 πᾶσα
231 4706 248 4773 ἡ
261 4700 345 4768 κτίσις
353 4699 426 4780 pido
437 4644 580 4780 καὶτρόμῳ
635 4695 759 4773 Virginis
769 4694 909 4756 victoriam
924 4695 1022 4754 mirare
1035 4719 1042 4752 ι
1055 4697 1118 4775 quia
1130 4718 1211 4777 quem
1225 4701 1312 4760 omnis
1323 4723 1379 4760 cre-
1487 4735 1492 4745 ·

51 4780 108 4852 ιόνη
124 4779 323 4858 ἀνερμηνεύτοις
336 4758 509 4855 ἐθαλάμευσε.
522 4780 581 4836 Μοι-
634 4789 710 4833 atura
731 4795 793 4832 cum
807 4775 904 4834 timore
922 4787 949 4834 et
962 4788 1077 4834 tremore
1089 4776 1200 4858 hymnis
1219 4779 1378 4857 celebravit,

58 4869 143 4918 πᾶσαι
163 4863 191 4918 αἱ
212 4869 350 4938 γυναῖκες·
362 4861 409 4917 οὐκ
422 4857 461 4916 ἔτι
473 4857 504 4916 τδ
518 4858 582 4928 θῆλυ
633 4876 695 4913 eum
708 4853 756 4914 illa
766 4851 913 4936 solamodo
926 4854 1110 4934 inexplicabili
1125 4856 1152 4916 in
1170 4858 1290 4918 thalamo
1302 4880 1377 4918 rece-

51 4963 80 5018 γε
91 4937 143 5020 γδρ
158 4939 187 4998 τὸ
202 4939 284 5016 γένος,
297 4942 342 5018 ἀφ’
354 4928 384 4995 ot
398 4936 442 4995 ιιαδ
457 4936 583 5016 ἀγγέλους
633 4933 685 5014 pit.
710 4933 797 4992 licatae
816 4946 927 5014 propter
947 4933 1024 4993 illam
1046 4956 1138 4995 omnes
1158 4937 1283 4997 mulieres
1302 4961 1309 4994 ι
1324 4958 1377 4997 non

51 5008 67 5077 ι.
82 5017 311 5098 Ίέθιράττεοταιὴ
330 5017 401 5092 Εὔα,
416 5015 581 5095 σεσίγητοιὴ
634 5013 704 5073 ultra
715 5011 859 5072 femineum
873 5032 956 5093 genus
968 5013 997 5073 in
1008 5014 1196 5075 maledictione
1209 5029 1257 5075 est.
1274 5015 1380 5078 Sexum

51 5202 104 5264 ολ]
