3750 5940
412 420 456 467 llll
484 418 576 469 tttbto
604 419 770 468 unomen.

55 578 69 622 ς
83 556 259 615 ἐποδυσπετεῖ
274 560 342 635 βοῦν
356 560 371 616 ὑ
384 558 501 626 Παῦλος·
516 558 571 618 Καί

55 633 108 694 ίσει
124 634 197 719 πορθ
209 635 255 694 τὸν
267 635 404 697 κτίσαντα.
415 635 451 697 Ἡ
469 635 536 710 αὑτὴ
552 642 570 709 ἡ

55 714 286 862 ‘diiambi'
307 715 571 857 Γλίομλύῖίίς

55 822 97 940 in.
115 872 151 934 ‘0
170 819 346 955 εὑσεὸλέμὺρᾷ
367 876 398 935 τὸ
415 840 511 944 ιίοίλλος
525 842 571 935 τού

55 984 58 1007 ι
78 958 125 1013 τοῦ
146 954 259 1022 κείλλους
280 955 325 1014 τὸν
339 957 519 1036 γενεσιουργὺν
531 959 574 1016 ἐν·

55 1056 86 1172 l:
98 1033 267 1181 ilbi?
279 1034 413 1174 Ῑίίῖύὺὲ
431 1034 498 1174 iii
520 1040 572 1174 ‘fit

55 1157 307 1274 ἐργασαμένω·ἐίδε
326 1138 573 1273 τὸνικύσμούῖικύίί

54 1273 193 1351 τμήσαντα.
207 1254 242 1333 ³0
255 1273 307 1354 γὰρ
328 1271 436 1345 εὐσεὸὴς
457 1273 505 1348 τὴν
524 1274 572 1352 μὲν

1296 404 1365 502 807

620 556 705 634 bene,
719 558 789 618 alim
803 560 873 621 male
887 559 935 620 illa
949 575 989 619 est
1003 580 1076 621 usur.
1089 559 1166 622 Ordo
1179 562 1225 622 hic
1238 577 1293 637 est,
1306 562 1373 625 ordo

623 637 670 696 ille
676 651 719 728 est
729 637 796 729 ,hic
807 638 890 716 bene,
903 639 950 700 ille
962 639 1144 732 conna3Pius
1152 634 1228 732 sidet
1237 642 1296 702 cati
1309 643 1371 734 pul·

624 717 894 793 chritudrnem,etex
901 718 1107 800 pulchritudine
1114 720 1248 801 Opificem
1257 736 1371 801 cogitat:

626 817 689 855 nam
703 798 741 856 ait
752 797 819 857 ille:
835 800 945 859 Videho
967 800 1055 860 ooelos
1073 812 1148 872 tuos,
1165 822 1253 882 opera
1266 804 1373 882 digito-
1383 817 1451 864 Psat.
1463 818 1486 864 ε.
1500 817 1523 880 4.

629 896 694 968 turn
718 890 842 938 tuorum.
862 878 1209 972 Vjffi‘‚t{¹¹l⁰l¹t,i¹¹¹5lln⁸,¹1¹2
1227 895 1254 940 et
1274 882 1373 961 gratias

629 957 1216 1099 tillenptll”²'³lltltffttltl‘
1225 961 1374 1102 iildullt

630 1129 779 1176 ereaturam
802 1059 1089 1195 laudailutlreatorem
1112 1140 1178 1179 vero
1200 1084 1297 1180 adorat
1311 1064 1374 1203 ipit

629 1195 957 1273 quandoaureaturarum
979 1197 1135 1258 adoratione
1155 1200 1308 1279 refugiunt,
1320 1221 1373 1260 non

630 1289 778 1335 ereaturam
796 1278 958 1338 contumelia
979 1277 1116 1350 alliciunt,
1130 1277 1177 1337 sed
1191 1280 1310 1339 Domino
1324 1282 1373 1339 tri-

55 1376 73 1409 n
89 1352 116 1411 δὲ
131 1353 241 1428 κτίστην
251 1363 406 1434 προσκυνεῖ·
422 1356 446 1413 ol
459 1355 572 1423 enceinte
581 1383 618 1422 tm
628 1353 717 1414 buont
731 1355 871 1417 honorem.
885 1361 945 1418 Non
959 1357 1017 1418 odit
1029 1356 1119 1416 fidelis
1138 1358 1232 1434 solem,
1243 1360 1372 1437 quianon

71 1433 247 1514 προσκύνησιν
268 1437 321 1491 τῶν
342 1433 517 1514 φαινομένων,
543 1438 572 1494 οὐ
591 1443 609 1486 t
629 1434 693 1494 colit
703 1435 793 1496 lucem
803 1458 864 1495 cum
876 1437 967 1518 impiis
972 1461 982 1516 ς
995 1435 1040 1497 sed
1054 1436 1151 1497 bonori
1161 1436 1274 1497 modum
1285 1439 1372 1577 impp-

55 1535 128 1586 υσιν,
153 1512 222 1572 ἀλλὰ
240 1517 276 1572 τ’
292 1512 413 1592 Δεσπύτη
428 1512 477 1586 τὴν
490 1514 572 1591 τιμὴν

64 1601 135 1668 μισεῖ
145 1592 237 1657 πιστὸς
247 1537 332 1665 lilim,
344 1595 434 1664 ἐπειδὴ
450 1593 488 1670 μὴ
499 1593 572 1653 σίύει

64 1672 183 1731 ἀσεθῶν·
204 1670 272 1732 ἀλλὰ
287 1671 380 1753 μίτρον
393 1673 525 1747 ἐπιτίθησι
537 1678 570 1752 τῆ

55 1751 70 1808 tl
84 1755 190 1832 ἀγαπᾷ,
209 1756 244 1819 ὡς
256 1754 327 1811 Θεοῦ
345 1755 433 1832 δῶρα,
453 1752 486 1811 τὰ
506 1776 570 1833 φαι-

54 1839 102 1903 eis,
115 1834 171 1900 πῶς
185 1835 233 1913 ὁρᾷ
247 1836 262 1891 ὑ
275 1831 399 1905 εύσεύὴς,
409 1834 454 1892 καί
467 1833 570 1908 θαυμαί-

57 1908 129 1982 inlr
149 1910 329 1990 προσκύνησιν
350 1915 389 1989 τῷ
412 1911 506 1991 κτίστῃ
519 1937 572 1972 τα-

55 2013 85 2056 τις
97 1994 150 2049 τῶν
171 1995 268 2070 σοφῶν,
281 1995 333 2050 τῶν
348 1990 417 2050 κατὰ
441 1990 491 2062 τὴν
502 1995 572 2052 εύσί-

59 2092 65 2106 ·
79 2067 174 2136 Ἥλιος
187 2070 333 2146 ἐκλύμπων
347 2072 374 2128 ἐν
387 2069 504 2149 ὑψίστοις
515 2074 572 2131 Κυ-

55 2149 152 2218 ιαστὸν,
169 2148 244 2230 ἔργον
257 2149 379 2228 ἰσχυρόν·
394 2152 501 2217 ἀκτῖνας
520 2176 570 2210 πυ-

55 2228 238 2307 καταλαίμπων
248 2229 328 2288 τὸνού
346 2229 415 2289 ανύν.
428 2229 480 2289 Καί
493 2228 519 2288 τί
529 2234 571 2289 εὑ·

60 2330 112 2389 ριος
125 2309 261 2380 ὑποιήσας
271 2252 357 2368 atri.
370 2308 423 2367 Καὶ
436 2309 467 2369 rb
475 2309 571 2378 κᾶλλος

55 2387 171 2467 repsit-nr
185 2389 233 2445 οὐκ
251 2388 371 2468 ἔκρυψεν.
385 2386 420 2448 Ὁ
433 2388 461 2447 δέ
473 2389 571 2462 ἀσεύὴς

55 2467 162 2546 ιἰρυινοὺς
182 2468 367 2546 διηγουμένους
390 2467 465 2536 δόξαν
483 2471 569 2543 Θεοῦ,

628 1515 669 1572 nit
679 1538 686 1571 ε
696 1529 776 1595 atque
789 1516 912 1576 visibilia
924 1517 953 1577 in
964 1517 1049 1598 pretio
1064 1516 1184 1576 habetet
1195 1531 1268 1576 amat
1281 1532 1311 1576 ut
1348 1520 1372 1578 ei

627 1592 706 1653 dona.
724 1596 777 1658 Vis
787 1594 881 1657 videre
893 1595 1028 1676 quomodo
1039 1597 1130 1678 justus
1146 1597 1271 1677 respiciat
1285 1611 1311 1657 et
1320 1599 1371 1657 mi-

627 1687 701 1733 retnr
721 1674 967 1755 pulchritudinem,
982 1689 1008 1735 et
1027 1674 1210 1735 adorationem
1231 1677 1372 1737 Conditori

627 1754 818 1815 reservaretis
829 1755 935 1835 sapiens
962 1754 1065 1831 uidam,
1076 1755 1224 1814 seeundum
1232 1756 1370 1837 pictatem,

627 1831 749 1910 inquam,
760 1834 867 1915 sapiens
878 1776 1052 1894 :Sollncens
1062 1837 1095 1892 in
1104 1836 1225 1894 excelsis
1235 1838 1368 1909 Domini,
1380 1858 1454 1902 aceti.
1466 1856 1506 1903 οδ.

628 1933 685 1971 vas
695 1915 842 1987 mirabile,
858 1934 929 1995 opus
936 1917 1032 1997 sorte,
1047 1915 1147 1973 radios
1164 1919 1270 1994 ignitos
1288 1920 1371 1976 emit·
1383 1920 1446 1967 ¹8³2·
1460 1921 1523 1964 Gt*-

629 2005 702 2064 tens,
718 1993 893 2053 illuminans
908 1994 1023 2053 eaelum.
1037 1992 1074 2051 Et
1088 1992 1153 2070 quid
1173 1995 1288 2054 statim?
1298 1998 1369 2054 Ma·
1381 1999 1417 2027 ⁶⁰·

626 2092 701 2151 gnus
713 2074 859 2133 Dominus
875 2077 927 2155 qui
935 2076 1016 2155 seeit
1029 2072 1125 2130 illum.
1139 2072 1175 2133 Et
1187 2073 1371 2154 pulchritudi-

628 2171 688 2210 nem
712 2151 881 2232 praedieavit,
906 2167 933 2212 et
957 2154 1110 2212 Creatorem
1135 2172 1188 2211 oon
1209 2154 1367 2214 occultavit.

627 2231 731 2322 lmpius
740 2245 831 2290 autem
841 2232 911 2291 male
920 2232 991 2292 vidit
1006 2231 1083 2290 caelos
1094 2244 1246 2292 enarrantes
1256 2233 1371 2313 gloriam
1382 2249 1449 2307 rant.
1460 2247 1493 2294 ι8.
1501 2262 1521 2296 ι.

628 2312 696 2384 Der,
708 2331 761 2371 non
770 2311 873 2387 verbis,
884 2311 931 2371 sed
940 2310 1041 2393 opificii
1050 2310 1255 2392 pulchritudine
1265 2336 1273 2369 τ
1284 2334 1302 2371 n
1339 2335 1372 2372 ue

628 2390 699 2450 enim
712 2391 809 2450 eaelum
817 2411 947 2470 umquam
958 2411 1051 2452 vocem
1063 2390 1168 2465 emisit,
1181 2390 1229 2450 sed
1241 2334 1371 2453 vooeecla-

627 2470 685 2529 rius
701 2470 885 2531 testimonium
907 2472 985 2531 effert
1002 2469 1039 2529 ob
1054 2468 1180 2529 decorem
1194 2490 1283 2530 suum.
1299 2475 1372 2531 Num

55 2552 77 2629 ῷ
96 2547 189 2607 κάλλει
203 2551 251 2618 τῆς
271 2548 455 2627 δημιουργίας·
475 2550 506 2606 ού
519 2547 570 2631 γὰρ
589 2569 607 2617 n
627 2549 813 2610 silenseaelum
828 2564 934 2611 enarrat
948 2550 1063 2689 ploriam
1077 2549 1150 2609 Deir
1166 2552 1238 2611 Sane
1250 2551 1370 2630 quidem.

55 2652 84 2692 ,εν
96 2632 110 2686 ὑ
121 2627 243 2707 οὐρανὸς,
258 2627 327 2686 ἀλλὰ
341 2631 430 2707 φωνῆς
440 2634 451 2660 ·
463 2628 570 2708 ἐνεργε·

55 2706 168 2786 ιρτυρίαν
192 2707 235 2766 διὰ
259 2712 305 2779 τῆς
330 2707 496 2786 εὐπρεπείας.
515 2708 570 2767 Καί

78 2788 207 2865 διηγεῖται
226 2785 301 2855 δόξαν
315 2790 398 2861 Θεοῦ,
421 2788 497 2847 Πάνυ
522 2787 569 2865 μίν

55 2890 120 2926 κατα
136 2871 277 2926 σιωπῶντα
298 2866 387 2939 λαλεῖ,
408 2877 527 2947 στοιχεῖα
541 2868 569 2927 δέ

55 2946 230 3026 ίφθέγγεταε,
246 2944 362 3012 Ἔλαύες
372 2945 424 3026 γὰρ
438 2945 469 3004 τὸ
483 2953 569 3027 γεῦμα

55 3028 74 3086 τὸ
84 3033 129 3085 τοῦ
141 3028 272 3105 γεύματος
284 3025 315 3084 τὸ
324 3035 377 3083 πᾶν
388 3025 509 3105 λοίμύανε
521 3033 569 3100 τῆς

56 3130 84 3166 ον
98 3106 129 3164 τὸ
146 3107 223 3186 μέρος
236 3112 282 3166 τοῦ
301 3103 426 3178 ἀσεθοῦς,
440 3110 497 3172 πῶς
516 3108 570 3167 ἀπὸ

55 3185 122 3285 ίπτεγ
130 3232 138 3258 ,
152 3189 196 3267 ἀφ’
212 3176 248 3243 ὧν
260 3185 305 3244 καί
315 3185 446 3287 ὑεθσεύιγς
455 3186 570 3245 δικαιοῦ·

55 3264 570 3420 lnss‘allftllcltlssil'll’23}

55 3449 116 3498 νου,
141 3431 165 3485 ol
185 3430 211 3486 ἐν
231 3427 297 3501 αὐτῇ
314 3424 485 3496 εἰσελθόντες,
502 3427 569 3502 μετὰ

55 3551 57 3561 ,
78 3508 160 3577 καλῆς
179 3503 319 3584 ὁμολογίας
334 3504 431 3582 ὑμνουν
442 3505 486 3563 τὸν
501 3507 570 3565 Θεὸν

55 3584 165 3664 ίγοντες·
180 3585 321 3687 Εύλυγεῖμε
338 3584 426 3643 πάντα
450 3583 483 3643 rb
504 3584 569 3667 ἔργα

55 3688 83 3722 ιν.
96 3664 182 3744 Ἀρκεῖ
206 3663 253 3743 μίν
274 3687 318 3723 ουν
333 3663 433 3737 ταύτην
448 3664 569 3732 εἰπόντας

626 2629 724 2689 Literae
744 2643 797 2689 tuae
818 2643 935 2690 tacentes
963 2642 1111 2708 oquuntur‚
1126 2642 1153 2688 et
1173 2629 1301 2689 elementa
1319 2633 1371 2691 Dei

625 2710 739 2770 tacentia
760 2730 814 2770 non
829 2710 991 2791 loquentur?
1010 2708 1145 2790 accepisti
1163 2722 1273 2788 gustum
1285 2709 1371 2800 pieta-

625 2789 676 2864 tis;
690 2811 724 2850 ex
735 2803 816 2869 gustu
835 2803 922 2851 totam
939 2790 995 2848 acci
1016 2810 1031 2847 e
1043 2789 1194 2848 veritatem.
1210 2789 1291 2869 lmpir
1304 2811 1370 2870 por-

624 2869 724 2929 tionem
744 2884 885 2929 scrutarer:
899 2811 1033 2948 quomodo
1043 2868 1183 2928 exiisdcm
1193 2866 1258 2948 ipsis
1267 2867 1369 2949 impin·

625 2962 683 3029 gat,
697 2971 731 3009 ex
753 2949 853 3029 quibus
871 2947 932 3029 pius
950 2949 1118 3008 'ustificatun
1135 2947 1220 3010 Videt
1231 2947 1324 3007 lunam
1345 2962 1370 3009 et

625 3029 718 3089 adorat
727 3027 813 3106 illam,
819 3029 895 3089 videt
910 2971 1000 3088 stellas
1009 3042 1035 3088 et
1042 3027 1106 3087 colit
1116 3027 1194 3099 illas,
1213 3026 1370 3087 videtmare

625 3122 651 3168 et
664 3109 745 3168 deum
754 3130 811 3169 esse
823 3121 911 3190 putat.
927 3108 983 3180 Qui
992 3108 1020 3167 in
1031 3109 1166 3167 fornacem
1174 3105 1370 3186 Babylonicam

626 3189 740 3249 immissi
762 3190 884 3264 fuerant,
902 3188 1015 3248 salutari
1031 3201 1057 3247 et
1070 3187 1184 3268 pulchra
1207 3185 1371 3246 confessione

625 3290 674 3327 sua
687 3270 776 3328 Deum
791 3290 839 3350 per
852 3289 932 3349 opera
953 3268 1134 3341 celebrabant,
1153 3265 1272 3325 dicentes
1286 3289 1293 3322 ε
1309 3269 1367 3325 Be·
1379 3272 1440 3316 Dan.
1452 3271 1519 3336 bip.

627 3350 751 3409 nedicite
767 3352 868 3408 omnia
890 3368 979 3428 opera
1000 3349 1122 3406 Domini
1149 3348 1287 3406 Domino.
1312 3345 1369 3405 Hac

626 3429 722 3487 emissa
735 3449 802 3489 voce
814 3428 932 3509 hymnus
946 3426 1113 3487 claudendus
1125 3438 1173 3485 est.
1190 3427 1284 3504 Neque
1296 3424 1369 3485 enim

625 3507 738 3567 laudum
759 3505 916 3587 longitudo,
935 3507 982 3567 sed
1007 3505 1178 3566 laudantium
1201 3504 1368 3586 propositum

625 3589 715 3648 Deum
733 3587 855 3648 delectat.
867 3587 938 3647 Cum
956 3587 1024 3646 dicit
1040 3607 1113 3665 ergo,
1137 3588 1243 3643 Omnia
1267 3606 1365 3665 opera,

625 3668 750 3729 universa
766 3666 968 3748 complectitur,
983 3688 1031 3726 nec
1044 3688 1112 3747 opus
1123 3678 1164 3723 est
1174 3664 1367 3723 additamento.

55 3768 76 3803 ιι
87 3744 131 3803 τὸν
145 3744 234 3823 ὑμνον.
251 3744 292 3802 Οὐ
304 3741 355 3822 γὰρ
369 3747 408 3824 τῷ
424 3743 504 3822 μήκει
515 3748 567 3804 τῶν
587 3751 606 3799 G
624 3747 678 3807 Sed
697 3748 762 3826 quia
783 3768 835 3807 non
853 3746 905 3806 sibi
923 3747 931 3804 i
952 3747 989 3805 sis
1005 3745 1204 3827 praedicabant,
1221 3743 1266 3802 sed
1278 3746 1368 3802 Deum

55 3824 159 3903 podices
174 3828 225 3883 τῶν
241 3822 391 3900 ὑμνούντων
411 3825 478 3891 Θεὸς
500 3825 567 3883 ἐπα·

55 3912 82 3963 οῦ
96 3903 182 3963 τοίνυν
204 3905 295 3970 είπεῑν,
311 3900 406 3962 Παίντα
427 3902 461 3961 τὰ
484 3902 568 3984 ἔργα,

55 3984 127 4058 ivero,
140 3986 185 4043 καὶ
197 3986 227 4043 οὐ
238 3981 317 4064 χρεία
331 3973 363 4054 ἦν
377 3983 467 4064 ἑτέρας
480 4006 567 4063 προσ-

55 4063 92 4135 obl
116 4068 166 4144 οὐχ
185 4067 285 4129 ἑαυτοῖς
304 4061 456 4141 ἐκήρυττον,
473 4062 517 4122 τὸν
539 4063 567 4123 dl

55 4191 57 4200 ,
79 4143 123 4203 διὰ
146 4150 192 4202 τοῦ
214 4141 296 4221 ὑμνου
316 4140 375 4208 τοὺς
396 4147 568 4222 παρεστῶτας

55 4246 115 4298 mov,
139 4221 288 4301 ἀναγκαίως
313 4220 358 4280 διὰ
375 4221 464 4293 πύσης
487 4225 567 4292 αὐτῆς

55 4303 198 4381 ςὸὑμνος·
215 4301 258 4361 ίυα
277 4302 394 4379 μάθωσιν
411 4305 435 4362 ol
457 4302 566 4361 πεπλα-

55 4427 61 4455 ,
89 4384 116 4442 τί
135 4383 166 4442 τὸ
186 4379 362 4460 ὑμνούμενον,
385 4381 430 4440 καί
451 4381 510 4440 τίνα
532 4381 566 4441 τὰ

66 4541 166 4613 πολλὴν
181 4541 291 4623 θεωρίαν
302 4546 317 4601 ὑ
329 4541 405 4620 λύγος
425 4543 496 4620 ἡμᾶς
509 4540 566 4600 tvt-

57 4646 68 4689 ς
83 4622 201 4700 ἀφέντες,
218 4625 253 4689 είς
266 4620 297 4680 τὸ
317 4620 488 4702 προκείμενον
503 4624 565 4680 ἐπα-

55 4725 129 4775 εησεν
144 4705 180 4769 εἰς
193 4702 284 4782 χώραν
298 4701 402 4780 μακρὰν
416 4705 430 4759 ὑ
442 4699 567 4774 νεύετερος

55 4807 84 4843 σε
106 4786 194 4850 κακῶς
208 4781 256 4854 ’.ην
275 4781 382 4854 οῦσίαν,
403 4780 449 4841 καὶ
469 4780 567 4863 ἤρξατο

55 4886 106 4921 σιοι
115 4862 167 4941 γὰρ
178 4861 349 4942 ἐπτώχευσαν
358 4860 404 4920 καί
417 4860 566 4920 ἐπείνασαν·

55 4941 84 4999 ὸν
93 4941 200 5022 Κύριον,
207 4942 254 5001 οὐκ
265 4941 490 5013 ἐλαττωθήσονται
500 4962 568 4999 παν-

55 5022 131 5102 ιςγὰρ
142 5023 171 5080 οὐ
180 5020 302 5102 στερήσει
313 5020 347 5081 τίς
357 5020 443 5100 ἀγαθὰ
456 5029 510 5087 τοῖς
520 5042 568 5079 πο·

623 3827 808 3902 celebrabant,
823 3839 849 3886 et
868 3847 918 3907 per
930 3769 1064 3906 liymnum
1079 3823 1215 3882 adstantes
1226 3822 1367 3881 Cbaldaeos

624 3907 815 3977 instituebant,
830 3908 978 3964 necessario
997 3905 1115 3984 hymnus
1129 3922 1221 3960 omncs
1232 3915 1366 3960 creaturas

642 3986 846 4064 roscqoebatur,
859 3997 888 4042 ut
899 3981 1017 4042 errantes
1027 3980 1148 4040 Chatdaei
1158 3980 1291 4039 discerent
1299 3979 1367 4058 quid

623 4008 791 4142 laudaretur,
807 4078 832 4122 et
850 4083 973 4143 quanam
998 4075 1083 4121 essent
1096 4081 1126 4120 ea
1137 4081 1198 4139 quae
1217 4058 1365 4121 laudarent.

666 4539 767 4597 Verum
778 4533 842 4613 quia
860 4531 888 4591 in
904 4530 1017 4590 multam
1033 4525 1240 4667 speculationem
1252 4546 1300 4585 nos
1313 4546 1368 4585 scr-

622 4637 668 4675 mo
682 4613 808 4690 deduxit,
818 4612 866 4671 illa
884 4610 1036 4682 dimissa,a
1070 4606 1239 4688 propositum
1251 4620 1367 4667 reverta-

622 4717 693 4755 mur.
708 4695 847 4753 Proiectus
863 4704 903 4752 est
926 4690 972 4750 ille
990 4686 1184 4748 adolescentior
1197 4685 1270 4744 lilius
1284 4685 1311 4744 in
1325 4707 1367 4744 re-

622 4777 728 4855 gionem
746 4773 931 4853 longinquam,
949 4783 976 4829 et
996 4768 1066 4828 male
1083 4767 1227 4908 dissipavit
1244 4766 1366 4824 substan·

621 4857 687 4916 tiam
700 4875 788 4931 suam,
802 4866 829 4913 et
848 4851 930 4933 eoepit
948 4870 1033 4930 egere.
1050 4849 1121 4908 Nam
1177 4850 1264 4905 ivites
1277 4866 1365 4925 egric-
1375 4869 1442 4914 pm,
1458 4867 1499 4916 33,

621 4949 690 4996 runt
707 4948 736 4994 et
756 4936 931 5001 esurientem
944 4933 1125 5012 inquirentes
1141 4940 1238 4986 autem
1256 4927 1413 5014 Donni-1¹·

623 5038 691 5075 num
707 5035 766 5074 non
779 5017 947 5074 minuentur
959 5013 1040 5070 omni
1054 5013 1138 5068 bono.
1153 5006 1365 5066 Dominnsemm
1382 5042 1387 5051 ⁴

55 5216 77 5249 tn
88 5211 161 5266 putat
171 5208 346 5273 ίνκργεατίραν,
355 5198 398 5252 ned
407 5208 564 5272 ίνεργεστίραι
575 5195 675 5249 retineri
688 5205 778 5263 [rotent.
