3750 5940
42 426 65 473 ll
90 424 135 471 El*
160 421 372 470 Pttttttsletm.

44 1114 253 1189 lBLlCANO
278 1114 343 1186 ET
368 1113 624 1186 Pnanlssro.

46 1385 54 1422 s
73 1363 269 1446 Chrysostomo
279 1359 458 1442 abjudicetur,
473 1375 532 1420 tum
548 1361 585 1421 ob
595 1359 660 1443 styli
673 1358 865 1431 diversitatem,

47 1472 133 1518 stomo
153 1477 286 1536 nusquam
301 1470 481 1539 usurpantur,
500 1470 541 1517 est
553 1470 641 1517 tantm
652 1455 734 1538 paulo
745 1454 865 1515 melioris

60 1553 188 1612 Oratione
199 1550 332 1612 Manassis
344 1550 424 1632 regis,
437 1573 497 1630 quac
513 1550 582 1611 inter
595 1550 751 1633 apocrypha
762 1570 867 1629 semper

47 1663 72 1724 it,
86 1650 130 1708 rel
144 1670 197 1707 nna
213 1647 278 1708 satis
291 1646 369 1722 essct,
383 1661 414 1707 ut
432 1668 491 1708 eam
504 1669 540 1707 ex
552 1668 665 1708 numero
685 1651 738 1706 τῶν
751 1644 866 1726 γνησίων

47 1765 66 1801 ic
79 1742 179 1800 multas
193 1739 304 1818 quidam
319 1760 440 1820 nuperus
453 1740 569 1822 scriptor
582 1740 728 1800 Severiano
741 1738 866 1799 Gabalo-

48 1833 211 1893 imilitndine
223 1833 329 1892 ductus.
345 1834 450 1893 Vemm
460 1831 512 1892 hoc
527 1832 627 1892 criterii
637 1852 721 1912 genus
731 1851 784 1890 non
796 1842 867 1889 oerct

48 1931 97 1990 otis
109 1929 271 2009 indiciisque
287 1925 391 2009 prodat.
406 1926 496 2008 Hujus
506 1940 577 1986 certe
589 1926 677 2008 stylus
690 1924 786 1986 melior
796 1923 865 1982 milri

49 2026 138 2104 iones,
152 2024 237 2085 dictio
256 2043 364 2104 quoque
377 2021 484 2098 clarior,
497 2022 655 2101 feliciorque
668 2019 798 2081 inventio.
813 2020 868 2078 De-

49 2236 139 2274 ttaetls.

90 2609 107 2653 B
197 2605 234 2660 In
245 2601 442 2661 Publicanum
451 2613 480 2660 et
493 2602 679 2661 Pharisoeum
690 2572 798 2661 Sarno.

169 2801 196 2854 1.
217 2798 301 2870 Quia
316 2797 463 2877 longinquo
476 2811 554 2879 prata
570 2797 671 2857 luerint
686 2797 869 2878 contemplati,

52 2884 60 2903 “
127 2877 231 2938 variam
248 2876 288 2935 illi
303 2876 412 2955 quidem
422 2877 520 2937 florum
536 2877 705 2959 conspiciunt
713 2876 872 2960 jncundita-

52 2986 71 3020 ι-
129 2972 182 3015 tem
195 2980 201 3012 :
214 2971 273 3015 tum
283 2978 347 3017 vcro
356 2956 587 3038 pulchritudinem
598 2978 691 3018 eorum
700 2970 872 3050 cognoscunt,

52 3040 74 3085 '·
128 3057 202 3111 cum,
218 3036 266 3095 ubi
280 3058 363 3128 prope
375 3037 544 3113 accesserint,
558 3037 637 3097 flores
649 3037 767 3118 propriis
780 3036 871 3096 mani·

62 3155 74 3164 -
128 3115 763 3193 buscontrectannt.Talem,dilectc,cssevelim
772 3116 874 3196 cogites

53 3209 74 3268 ῖς
130 3195 255 3254 Ecclesia
276 3209 375 3255 statum
397 3195 639 3276 :quandoquidem
656 3208 795 3277 tamquam
815 3197 872 3256 im-

65 3314 75 3323 ·
130 3274 326 3334 marcescibiles
339 3273 451 3354 quidam
466 3276 544 3336 flores
560 3275 715 3336 volentibus
735 3297 792 3336 sese
806 3275 872 3336 offe·

54 3384 75 3426 tt
130 3354 872 3438 runtinspiratarumdivinitusScripturarumlectiones

54 3466 74 3515 3,
130 3435 248 3494 Cuilibet
261 3434 334 3493 enim
353 3433 444 3494 videre
457 3434 528 3513 licet,
547 3435 575 3494 in
590 3433 776 3517 spiritualibus
825 3457 874 3494 ra·

66 3566 74 3593 ‚
128 3513 195 3573 disis
208 3528 235 3573 at
274 3512 438 3574 cviridariis
452 3515 560 3576 choreas
574 3514 701 3575 ducentes
718 3536 786 3598 prop
807 3528 874 3592 etas,

55 3625 74 3673 r,
93 3608 111 3654 C
129 3536 372 3653 ordinesqduoenres
381 3595 525 3676 apostolos,
532 3609 664 3677 martyres
674 3596 874 3676 legationefun·

55 3684 75 3737 ὦ
130 3687 232 3752 gentes,
244 3673 352 3753 angelos
368 3673 539 3751 auxiliantes,
550 3674 671 3734 doctores
684 3671 735 3756 pro
746 3675 876 3756 religione

57 3739 76 3817 ἰ.
131 3767 287 3835 pugnantes,
300 3753 414 3833 gratiam
426 3754 545 3845 Spiritus
555 3753 759 3831 redundantem,
774 3755 875 3814 ratione

56 3865 75 3897 ‚o
132 3833 258 3914 [traditos
271 3853 363 3913 greges
375 3834 517 3893 Dominioo
532 3834 660 3913 sanguine
672 3834 836 3914 obsignatas,
848 3845 875 3892 et

56 3929 77 3985 ἱς
132 3913 205 3991 qnod
222 3913 264 3988 iis,
278 3933 337 3990 qnae
353 3926 560 3971 commemorata
573 3926 644 3987 sunt,
658 3914 746 3993 majus
757 3925 807 3989 est,
820 3912 874 3971 bo-

56 4037 63 4058 .,
132 4014 228 4051 norum
247 3991 363 4066 culmen,
381 3992 438 4082 spei
455 4005 552 4052 nostra
566 3991 776 4065 firmamentum,
793 4003 875 4071 caput

57 4105 63 4137 2
131 4072 301 4146 deliciarum,
318 4071 410 4149 gandu
425 4071 679 4131 consummationem
695 4095 702 4129 z
720 4069 876 4152 Evangelia

60 4158 79 4203 ¹-
134 4151 262 4210 nimirum
276 4150 377 4209 Christi
389 4149 462 4229 dico,
475 4151 503 4211 in
516 4150 616 4231 quibus
628 4151 691 4210 vitae
707 4164 802 4211 nostrae
813 4171 875 4232 pet·-

134 4232 211 4290 fcctio
234 4243 273 4288 cst
297 4229 442 4289 recondita.
459 4233 518 4324 Age
542 4249 607 4309 crgo
621 4231 759 4290 Christum
775 4226 875 4290 Domi-

71 4362 78 4386 ,
135 4332 200 4369 num
220 4330 310 4369 servos
334 4331 396 4369 suos
419 4330 493 4370 omni
516 4309 655 4392 voluptate
673 4309 877 4392 perfundentem

58 4426 78 4451 ι-
134 4404 282 4473 spectemus
301 4412 308 4446 t
324 4392 351 4448 in
368 4389 468 4469 quibus
483 4390 616 4450 cernimus
638 4389 745 4470 fugatos
757 4391 876 4470 morbos,

67 4511 80 4521 -
135 4491 208 4530 marc
221 4469 449 4549 perterrefactum,
462 4469 566 4529 sedatos
578 4482 685 4549 ventos,
704 4483 819 4530 mortem
833 4471 878 4532 in-

74 4604 79 4615 .
135 4551 274 4631 erepitam,
288 4549 432 4629 spoliatum
443 4549 588 4628 infernum,
600 4549 693 4630 pulsos
703 4549 838 4610 damoncs
850 4565 877 4612 ot

67 4672 78 4680 -
136 4634 162 4690 in
182 4629 310 4689 exsilium
331 4641 413 4705 actos,
423 4643 572 4721 peccatores
590 4628 625 4689 ad
634 4628 784 4689 Dominum
797 4650 878 4691 snum

59 4741 80 4774 ιν
135 4731 285 4770 conversos.
297 4709 350 4767 lsta
361 4708 495 4787 siquidem
501 4709 626 4769 Christus
635 4708 663 4768 in
674 4708 777 4770 divinis
786 4709 878 4770 Evan-

60 4795 80 4854 l-
100 4797 117 4840 tt
136 4791 212 4871 gellis
231 4787 301 4847 dona
315 4787 458 4868 spectanda
476 4789 625 4870 proposuit,
637 4788 666 4848 in
681 4788 781 4869 quibus
795 4789 878 4849 ‘ustos

60 4900 81 4941 ις
136 4869 252 4929 ostendit
271 4869 334 4928 solis
362 4869 390 4926 in
410 4867 520 4928 modum
540 4869 681 4948 fulgentes,
709 4810 876 4928 corroborata

60 4956 80 5014 l·
137 4950 256 5010 membra
272 4947 472 5029 languidorum,
485 4948 615 5009 lectorum
628 4947 735 5028 gerulos
746 4946 879 5029 paralyti-

153 5155 164 5191 Ι]
183 5152 370 5222 [σῗαγιαζόμενκ
383 5146 475 5213 savii]
