3750 5940
51 455 192 508 ‚revit
219 435 268 508 ui.
296 459 389 509 nutu.
764 435 832 531 3¹7

94 582 261 641 sermonibus
274 583 322 642 toti
335 582 492 642 haereamus.
504 582 574 641 Nam
584 582 607 640 si
624 600 687 661 rege
699 580 727 644 in
740 580 837 640 urbem

93 672 226 749 veniente,
238 673 371 733 tumultus
381 673 469 733 omnis
478 673 640 754 depellitur3
653 674 739 734 multo
749 673 837 754 magis

94 765 266 847 Spiritu-nos
284 767 448 846 alloquente,
467 788 529 827 cnm
552 765 637 826 multe
660 766 760 846 quiete,
772 787 837 827 eum

96 857 181 916 multo
197 871 298 917 terrore
316 859 412 918 andire
429 881 477 919 nos
493 881 543 941 par
556 872 606 918 est.
627 859 746 919 Horrore
758 854 837 918 nem·

95 970 148 1027 que
169 949 252 1029 digna
269 950 352 1010 hodie
364 952 431 1011 lectn
445 966 518 1012 sunt.
545 951 619 1011 Audi
636 949 719 1011 enim.
737 951 838 1011 Amen

95 1038 162 1097 dico
172 1043 268 1111 vobis,
283 1038 381 1118 inquit,
394 1044 452 1100 nisi
462 1043 528 1121 quis
539 1036 762 1099 manducaverit
774 1059 840 1099 cart·

97 1152 279 1204 nemmeam,
295 1145 323 1192 et
345 1136 446 1193 biberit
465 1136 637 1213 sanguinem
661 1153 767 1205 mmm,
781 1153 842 1192 aaa
887 1174 888 1177 η

96 1228 212 1285 babebit
224 1231 320 1285 ‘uitam
330 1231 362 1286 in
373 1231 534 1307 semetipso.
545 1227 617 1299 Quia
630 1226 708 1308 prius
714 1226 842 1287 dixerant

97 1316 127 1376 id
135 1317 303 1398 impossibile
310 1340 377 1394 esse,
389 1318 507 1380 ostendit
521 1318 553 1378 id
569 1339 623 1379 non
635 1317 717 1378 modo
723 1338 777 1378 non
785 1317 839 1379 im·

97 1410 658 1490 possibile,sedetinmvnldenee'esserium
665 1412 842 1485 esseQutm·

62 1511 81 1559 c
97 1503 190 1564 obrem
205 1505 318 1565 subdit:
337 1508 395 1585 Qui
406 1507 567 1566 maducat
588 1526 685 1565 meam
705 1526 838 1578 caraem,

97 1610 125 1657 et
145 1600 217 1657 bibit
228 1620 324 1658 meam
345 1604 529 1680 sanguinem,
543 1601 631 1659 habet
653 1602 750 1660 vitam
760 1613 843 1660 ωεστ*-

99 1710 179 1762 uam,
193 1704 221 1749 et
232 1712 284 1771 ego
300 1695 478 1752 resuscitabo
489 1714 555 1752 eum
576 1696 607 1751 ia
619 1692 775 1752 novissimo
786 1693 843 1752 die.
919 1717 928 1727 ·

98 1780 170 1853 Quia
184 1782 256 1842 enim
286 1783 404 1858 dixerat,
419 1785 451 1844 Si
473 1789 539 1866 puis
562 1786 785 1845 manducaverit
807 1806 845 1844 er

99 1877 154 1934 too
163 1895 251 1954 pane,
267 1895 325 1934 noa
337 1880 477 1934 morietur
486 1880 518 1935 in
533 1889 688 1951 aeternum
706 1875 842 1937 vmisimi·

99 1967 177 2045 leqne
195 1981 252 2026 erat
270 1966 334 2027 hinc
355 1968 417 2028 illos
436 1969 551 2033 offensos
562 1970 630 2047 fore,
643 1983 675 2028 ut
692 1968 769 2051 prius
783 1989 846 2029 eum

99 2061 229 2135 dicerent,
243 2060 401 2120 Abraham
424 2074 556 2122 mortuas
567 2074 632 2145 est,
645 2074 675 2122 et
697 2064 846 2143 prophete
867 2074 873 2085 ¹

101 2156 210 2211 mortui
221 2165 302 2225 suat,
315 2165 344 2211 et
366 2154 511 2234 quomodo
524 2165 556 2213 tu
568 2154 652 2227 diets,
667 2154 737 2212 Noa
745 2165 846 2236 presta·

101 2250 142 2305 tit
155 2251 295 2304 mortem?
306 2245 528 2307 resurrectionem
545 2244 624 2328 ponit
644 2247 753 2307 solvens
774 2266 847 2326 qun·

101 2336 225 2411 stionem,
238 2349 265 2397 et
284 2336 426 2398 ostendens
446 2359 499 2398 non
515 2337 680 2398 moriturum
692 2358 750 2401 etse
762 2359 849 2417 tuque

101 2429 130 2489 in
142 2429 234 2488 finem
245 2429 508 2508 Frequentereutem
516 2428 546 2488 in
561 2428 704 2510 mysteriis
713 2442 847 2505 versatur,

102 2535 134 2581 ut
158 2518 282 2581 ostendat
307 2542 390 2600 quem
412 2519 560 2581 neemia
584 2541 626 2581 res
649 2520 703 2597 tit,
723 2534 751 2582 et
775 2519 850 2601 qnod

69 2632 88 2679 n
104 2614 213 2673 omniuo
231 2613 291 2673 steri
305 2627 438 2696 oporteat.
458 2614 528 2673 Nem
544 2613 592 2693 55.
611 2615 689 2674 Caro
701 2634 768 2673 mea
778 2635 850 2674 nere

104 2720 148 2766 est
160 2710 251 2778 cibus,
266 2721 295 2766 et
306 2711 427 2788 sanguis
438 2728 519 2767 meus
529 2728 600 2767 nere
610 2720 653 2769 est
661 2709 758 2788 potus.
773 2706 853 2783 Quid
882 2747 885 2752 -

104 2798 157 2859 sibi
178 2799 239 2858 uult
255 2798 345 2858 illud?
364 2804 418 2858 Aut
438 2800 499 2859 vult
522 2799 688 2879 significare,
701 2799 776 2860 hunc
794 2820 852 2860 esse

105 2913 200 2952 verum
212 2892 314 2963 cibum,
330 2892 378 2970 qui
391 2892 509 2952 animam
521 2906 624 2967 servet;
636 2906 684 2952 aut
695 2894 756 2955 vult
771 2892 853 2953 dictis

106 2983 163 3045 suis
176 2983 260 3043 fidem
274 2985 369 3061 iacere,
382 3005 415 3043 ne
430 2997 527 3065 putent
540 2983 570 3044 id
588 2983 663 3062 qnod
676 2983 853 3062 diotumiuit,

107 3077 220 3156 enigma
235 3077 279 3137 uel
297 3075 455 3156 parabolam
473 3097 548 3153 esse;
560 3075 609 3136 scd
626 3076 712 3138 scient
731 3091 855 3159 oportere

108 3169 217 3227 omnino
236 3189 334 3247 corpus
356 3167 505 3228 comedere.
529 3167 635 3229 Deinde
659 3169 710 3248 nit,
726 3169 775 3230 56.
797 3172 856 3250 Qui

108 3263 269 3320 manducat
284 3280 379 3319 meam
399 3282 529 3334 carnem,
542 3265 575 3320 in
588 3283 635 3322 me
649 3275 759 3337 mmet,
774 3276 806 3322 ut
817 3261 855 3323 si·

109 3356 219 3435 gnificet
234 3354 308 3433 quod
318 3375 347 3414 se
357 3375 419 3413 eum
431 3354 490 3434 ipso
501 3354 659 3417 admiscent.
668 3355 755 3432 Quod
765 3370 856 3418 antem

109 3447 241 3526 sequitur,
251 3468 304 3506 non
325 3446 459 3506 coliaerere
475 3445 595 3525 videtur,
604 3447 658 3509 nisi
674 3448 854 3511 attendemus.

110 3543 190 3613 Quae,
203 3539 303 3617 inquit,
315 3552 354 3597 est
367 3538 564 3616 consequentia,
576 3554 721 3621 postquem
735 3540 856 3620 diruat,

113 3636 171 3711 Qui
192 3633 353 3690 manducat
371 3652 467 3690 meam
488 3637 668 3705 coenomia
687 3620 872 3706 mammet„

75 3734 94 3782 n
110 3726 285 3806 subjungere,
301 3726 348 3784 57.
362 3726 443 3784 Sicut
466 3728 545 3785 misit
568 3747 614 3784 me
630 3730 736 3786 vivens
752 3729 854 3799 Pater,

111 3826 154 3880 ita
170 3834 198 3880 et
213 3842 264 3901 ego
285 3825 355 3879 nivo
364 3833 482 3901 propter
492 3824 634 3899 Patrem?
650 3823 709 3881 Imo
729 3822 787 3880 haec
800 3842 858 3879 ma-

111 3932 192 3995 gnam
204 3910 520 3972 habentconsonantiam.
529 3913 601 3971 Nem
610 3931 673 3970 cnm
681 3911 768 3971 vitem
781 3925 858 3971 eter-

112 4029 175 4067 nam
195 4028 265 4087 sepe
284 4005 409 4079 dixisset,
423 4003 459 4064 nd
482 4003 513 4063 id
533 4003 751 4064 confirmandum
765 4004 856 4083 addit,

69 4151 106 4190 m
113 4105 151 4159 In
169 4123 214 4159 me
225 4111 334 4157 manet.
345 4097 375 4157 Si
389 4096 501 4156 enimin
518 4117 560 4155 me
572 4109 671 4169 manet,
681 4110 707 4156 et
722 4117 772 4176 ego
782 4097 857 4171 vivo,

79 4194 204 4274 Apulam
224 4205 263 4250 est
286 4204 312 4249 et
335 4190 414 4247 illum
439 4209 494 4247 esse
511 4188 656 4248 victurum.
670 4188 777 4249 Deinde
793 4188 856 4250 eit:

112 4290 192 4349 Sicut
205 4291 284 4346 misit
296 4307 341 4342 me
354 4288 460 4343 vivens
471 4284 572 4341 Pater.
590 4283 703 4342 Hteeett
718 4303 859 4366 compert-

112 4383 151 4441 tio
170 4395 196 4438 et
213 4377 417 4448 similitudmem
430 4375 452 4433 si
475 4375 585 4450 diceret,
599 4374 674 4437 Vivo
689 4374 822 4456 egosieut
832 4393 859 4439 et

113 4473 251 4536 Pater.Et
272 4494 305 4531 nc
330 4468 479 4549 ingenitum
500 4468 723 4549 puterm,stetim
739 4469 858 4548 addidit,
907 4518 908 4523 κ

113 4573 238 4647 Propter
250 4568 381 4636 Patrem,
397 4583 450 4622 non
475 4560 548 4640 quod
569 4562 724 4644 operatione
739 4564 871 4643 qtindam·

114 4661 150 4720 nd
167 4657 318 4719 vivendum
335 4676 403 4735 opus
423 4653 531 4713 habent.
548 4654 680 4735 Superius
701 4655 775 4716 enim
789 4655 881 4716 benc·

116 4773 243 4813 amovens
255 4747 434 4830 suspicionem
442 4745 550 4805 dicebat
561 4770 568 4803 :
579 4748 659 4816 Sicut
670 4749 764 4808 Pater
773 4750 860 4808 tabet

116 4851 213 4905 vitam
232 4848 265 4902 in
282 4844 443 4919 semetipso,
463 4843 507 4899 sic
524 4839 604 4899 dedit
621 4852 650 4898 et
668 4841 749 4899 Filio
766 4844 862 4900 ‘uitam

101 5008 218 5072 ssot'iisrat.

138 5081 148 5111 ¹¹
165 5081 207 5131 Sic
219 5076 296 5129 savii.
306 5073 394 5127 Motel-
407 5081 434 5130 δι’
447 5079 478 5129 ὧν
490 5084 590 5143 ἐπήγαγε
604 5078 684 5134 δηλῶν.

139 5177 149 5198 ¹¹
168 5156 255 5209 Morei.
268 5164 343 5226 ὥσπερ
355 5160 388 5208 tt.

677 5321 716 5375 9⁶2
