3750 5940
47 452 277 520 onnonrmrrs,
304 454 382 504 arc.
782 429 852 528 705

47 590 56 632 ι·
105 577 148 636 nis
164 576 312 658 seripturis
331 597 384 638 non
405 576 514 652 baberi;
529 597 576 635 nec
596 574 652 636 dici
665 575 747 637 modo
761 575 850 638 haeca

47 682 54 716 ι
104 655 191 735 laicis,
203 656 341 717 sedetiam
352 658 388 717 ab
401 657 444 728 iis,
454 656 502 735 qui
516 654 643 716 videntm
653 677 710 717 esse
719 671 849 739 pastores,

48 773 54 783 -
104 737 197 796 etloca
211 737 333 796 obtinent
342 737 564 818 apostolorumet
602 736 787 817 rophetarum,
802 737 849 798 sod

47 842 52 855 ·
105 837 158 875 non
171 837 267 875 mores.
284 817 392 888 Quibus
411 838 446 908 op
483 830 561 876 rtune
580 759 688 876 dicatur
705 841 713 875 t
731 818 783 879 vae
799 838 849 879 vo-

48 934 52 944 .
104 895 161 967 his,
178 894 260 955 duces
280 897 357 970 eieci,
375 910 401 956 et
422 917 449 955 1n
470 896 539 973 octi,
552 909 634 976 atque
648 894 848 957 inconstantes:

47 1004 52 1017 ·
123 976 151 1034 ui
166 976 282 1035 vestium
302 990 398 1035 ornatu
417 976 605 1051 delectamini,
625 996 678 1035 non
696 974 789 1053 libris5
804 977 850 1057 qui

48 1070 53 1117 t
101 998 283 1134 dereliquistis
291 1056 406 1116 verbum
418 1056 479 1133 Dei,
491 1069 517 1115 et
530 1055 618 1115 ventri
629 1055 755 1116 servitis:
773 1058 849 1136 Quo-
862 1063 948 1128 Pttti'p.
961 1067 985 1113 3.

48 1147 51 1212 j
68 1154 86 1201 c
102 1157 168 1195 rtem
175 1139 257 1195 Deus
269 1149 374 1195 venter
388 1149 440 1207 est,
458 1149 486 1195 et
499 1137 595 1217 gloria
609 1139 642 1194 in
658 1138 849 1218 cousmionc:
864 1142 901 1191 ¹9·

48 1246 53 1289 ;
102 1216 148 1295 qui
158 1215 257 1275 lacteat
269 1214 584 1295 lanactearnibusgregis
590 1215 735 1275 abutimini
746 1263 754 1291 ‚
764 1216 851 1296 deque

48 1307 54 1359 i
102 1296 200 1354 ovibus
213 1294 282 1355 nihil
296 1295 404 1354 curatis.
415 1295 560 1370 Quomodo
573 1316 636 1375 ergo
650 1294 778 1371 evadetis,
787 1318 851 1355 cum

48 1415 52 1423 ·
103 1389 204 1434 tautum
220 1375 334 1434 salutem
349 1375 545 1454 neglexeritis?
561 1375 621 1453 Ego
642 1396 717 1445 vero,
732 1390 851 1437 assumta

48 1485 53 1512 i
102 1475 137 1514 ex
148 1476 268 1513 sermone
282 1454 394 1530 fiducia,
400 1455 483 1551 plura
496 1454 647 1514 testimonia
680 1456 806 1526 tuleram,
820 1470 851 1516 ut

47 1565 53 1599 ι
103 1533 241 1594 ostendam
249 1555 284 1593 ex
297 1535 380 1593 saeris
389 1534 547 1615 beripturis,
555 1475 721 1614 Evangeliis,
733 1535 850 1617 propbe-

48 1643 52 1672 ι
103 1615 147 1682 tis,
158 1615 295 1695 apostolis,
301 1614 409 1673 Christo
415 1616 537 1694 juvante,
548 1614 683 1692 quomodo
693 1616 850 1675 obstruatur

48 1735 53 1744 ·
102 1716 132 1753 os
150 1694 317 1772 loquentium
332 1695 440 1772 iniqua,
454 1707 480 1753 et
500 1693 670 1753 illuminetur
678 1715 725 1753 eor
733 1716 847 1774 eorum,
888 1704 901 1763 ,’

48 1803 53 1830 i
103 1774 148 1852 qui
164 1775 280 1833 verbum
294 1773 459 1833 desiderant.
475 1774 620 1833 Undenam
633 1786 724 1833 autem
737 1774 850 1857 incipie·

48 1884 51 1928 Ι
102 1875 172 1925 mus,
187 1853 239 1912 nisi
253 1854 288 1912 ah
300 1854 352 1912 hoe
364 1853 449 1925 dicto,
465 1855 530 1934 Ego
546 1873 610 1912 sum
621 1858 800 1934 principium
820 1867 848 1914 et
859 1867 1005 1927 Assacano.

48 1973 53 1981 ·
92 1934 193 2013 finis?
208 1934 330 2011 Quisque
345 1953 409 1992 vem
424 1933 469 1992 hie
482 1932 604 1993 animum
617 1930 754 2015 adhibeat,
774 1935 849 1995 omni

48 2043 53 2085 ;
101 2011 221 2093 deposita
240 2013 362 2072 saeculari
386 2033 459 2072 eura.
482 2014 592 2086 Videte,
610 2012 677 2072 dicit
696 2014 846 2094 Dominus,
859 2031 916 2077 huc.
930 2033 1003 2081 ηδ,

48 2143 52 2166 ‚
102 2114 139 2152 ne
157 2094 347 2151 seducamini.
357 2093 449 2151 Multi
460 2095 538 2151 enim
554 2096 674 2152 venient
685 2096 717 2150 in
732 2099 850 2155 nomine
861 2110 948 2156 March.
964 2116 1002 2173 πί..

67 2193 86 2238 ι)
102 2192 165 2230 mco
176 2174 315 2241 dicentes,
327 2174 391 2252 Ego
402 2193 467 2231 sum
477 2174 611 2231 Christus
618 2196 630 2241 ,·
643 2186 672 2232 ct
684 2173 790 2234 multos
804 2196 849 2234 se·
860 2168 884 2215 ⁵·

49 2292 52 2300 .
101 2254 217 2310 ducent.
232 2251 267 2309 Et
283 2272 392 2309 rursum
403 2274 410 2307 :
423 2251 580 2310 Attendite
589 2251 668 2311 vohis
678 2251 743 2332 ipsis
753 2275 773 2312 a
779 2255 849 2336 ful·
864 2265 897 2310 ut.
911 2281 934 2328 7.
951 2269 986 2315 15.

49 2367 52 2391 i
100 2336 140 2390 sis
150 2333 308 2411 prophetis,
321 2334 373 2411 qui
383 2335 509 2389 veniunt
522 2331 564 2388 ad
574 2350 630 2389 vos
643 2334 677 2389 in
691 2336 849 2392 vestimen-
867 2329 903 2377 ¹⁶·

49 2443 50 2456 κ
102 2416 138 2469 tis
157 2416 263 2481 ovirun,
285 2412 462 2468 intrinsecus
478 2422 577 2467 autem
591 2422 660 2469 sunt
677 2410 740 2490 lupi
761 2433 849 2493 rapa·

101 2510 169 2559 ces;
184 2490 236 2548 sed
253 2510 290 2547 ex
296 2491 448 2569 fructibus
463 2507 562 2561 cortem
582 2508 617 2547 co
637 2493 761 2550 noscetis
777 2513 848 2564 eos,-

49 2624 50 2632 ,
100 2568 129 2628 id
150 2583 199 2643 cst,
216 2590 250 2626 ex
265 2567 434 2627 sermonibus
447 2588 550 2644 eorum,
565 2589 600 2627 ex
611 2511 679 2628 iilsa
692 2569 847 2651 prophetia,

100 2670 134 2707 ex
153 2648 291 2729 hypocrisi
315 2669 426 2723 corum,
441 2669 476 2707 cx
494 2648 588 2728 pravis
605 2648 800 2729 dogmatibus,
814 2673 848 2712 ex

49 2761 50 2768 κ
99 2728 267 2818 blasphemia
283 2728 403 2806 ipsorum
425 2727 589 2806 cognoscetis
601 2749 653 2788 eos.
667 2731 736 2788 Non
755 2744 850 2811 potest
862 2750 898 2796 la.
910 2767 933 2814 7.
951 2752 987 2800 ιε.

49 2851 50 2858 1
100 2830 171 2866 cmm
193 2808 505 2889 arbormolesructus
521 2809 611 2867 bonos
620 2811 731 2900 [acere.
752 2810 850 2870 Omnis

97 2888 199 2968 quippe
208 2887 290 2945 arbor
299 2886 432 2945 erinnem
446 2906 495 2945 suo
505 2901 683 2979 cognoscitur.
698 2888 745 2949 sic
758 2903 784 2949 et
800 2912 850 2952 vos

100 2989 135 3028 ex
148 2967 282 3026 sumtibus
293 2965 414 3046 ipsomm
428 2980 593 3046 cognoscetis
606 2989 670 3028 eos:
686 2981 712 3028 et
726 2989 789 3028 cum
805 2991 849 3030 eo-

102 3047 247 3125 gnoveritis
260 3067 314 3120 eos,
328 3067 361 3104 no
380 3045 516 3127 recipiatis
530 3046 591 3106 illos
609 3047 697 3126 domi,
712 3069 746 3108 ne
759 3050 849 3109 flecta·

49 3173 51 3177 .
102 3128 182 3201 mini,
199 3147 283 3205 neque
305 3125 454 3204 dignemini
470 3126 545 3205 loqui
559 3148 623 3186 eum
635 3127 712 3187 illis:
730 3149 764 3188 ne
783 3151 848 3211 pro·

99 3208 200 3288 jiciatis
223 3205 382 3284 margaritas
398 3219 500 3265 vestras
514 3219 576 3266 ante
589 3206 667 3279 illos,
689 3207 736 3266 sod
757 3224 849 3270 cavete

67 3319 85 3365 E
102 3311 116 3346 a
131 3289 260 3346 fermento
273 3307 377 3361 corum,
394 3285 445 3346 hoc
458 3299 507 3359 est,
518 3286 554 3345 ab
573 3286 668 3347 haeresi
678 3309 781 3348 eorum.
793 3290 848 3349 Ne-

49 3412 51 3416 1
103 3389 146 3426 mo
169 3382 288 3426 vestrum
314 3364 438 3441 deficiat,
458 3366 502 3427 vel
526 3367 707 3448 perfunctorie
730 3367 846 3428 audiat:

103 3450 175 3506 Deus
188 3447 259 3505 enim
272 3445 369 3524 estqui
384 3445 515 3524 loquitur.
530 3444 642 3527 Audite,
658 3461 789 3530 pastores,
803 3471 850 3511 vo-

101 3550 159 3586 cem
173 3527 308 3607 Principis
322 3539 480 3606 pastorum:
496 3526 596 3601 audite,
613 3527 749 3606 quomodo
762 3531 850 3590 oecul-

102 3622 142 3666 tos
156 3609 235 3688 lupos
249 3607 365 3688 detegat,
381 3605 415 3664 de
429 3606 548 3687 ipsisque
570 3607 720 3690 triumphet
734 3632 740 3666 ε
757 3609 850 3671 audite

102 3703 125 3747 ct
139 3702 229 3746 eoi'etc
243 3688 337 3761 tobis,
349 3699 375 3744 ct
389 3685 516 3746 universo
528 3688 613 3767 gregi.
635 3691 736 3748 Videte
746 3710 845 3764 caries,
859 3707 961 3768 Philipp.
974 3710 999 3756 3.

103 3769 189 3827 videte
198 3768 280 3826 sures.
293 3771 363 3826 Nam
373 3769 430 3843 Qui
442 3788 500 3823 non
512 3771 542 3825 iu
578 3769 676 3827 editur
680 3789 733 3848 per
742 3773 847 3829 ostium
859 3781 881 3811 ²·

101 3852 133 3905 in
155 3849 232 3906 ovile
251 3853 358 3916 ovium,
374 3847 428 3904 sed
448 3789 579 3905 utriendi
583 3848 726 3918 ascendit,
730 3850 792 3930 sur
803 3864 846 3909 est
856 3832 966 3880 ‘⁰⁶²¹''0'
980 3851 1000 3884 ¹·

101 3942 129 3985 et
151 3930 237 3986 latro.
258 3929 414 4002 Rursusque
434 3925 468 3984 de
489 3925 545 3984 illis
567 3926 625 3984 ait:
648 3929 705 4004 Qui
726 3941 997 3991 accumularemus.

102 4029 212 4065 mecum
220 4052 228 4078 ,
246 4019 350 4065 contra
362 4026 408 4062 me
422 4018 474 4063 est.
491 4006 646 4084 iterumque
656 4007 694 4065 sic
710 4005 770 4066 illos
782 4007 845 4067 allo
856 4001 896 4050 ³⁰·

101 4087 214 4165 quitur:
233 4087 290 4146 Vos
305 4107 341 4144 er
355 4098 440 4163 patre
456 4085 575 4142 diabolo
589 4089 668 4144 estis.
685 4088 736 4145 Voe
747 4091 842 4160 vobis,
855 4104 998 4168 Joansqq,

103 4171 173 4246 quio
185 4168 324 4225 clauditis
335 4185 456 4243 regnum
466 4164 603 4223 coelorum
614 4188 623 4220 .·
633 4168 690 4244 ipsi
696 4169 775 4225 enim
787 4189 846 4226 non
856 4167 943 4213 mul·
957 4174 996 4216 ²3·

64 4255 88 4291 ⁷⁶
104 4251 232 4319 intratis,
245 4268 297 4305 uec
308 4249 486 4304 introeuntes
499 4248 596 4303 sinitis
606 4249 728 4304 intrare.
747 4245 783 4306 Et
796 4247 845 4306 ali·
859 4230 896 4277 ¹³·

50 4368 52 4376 r
68 4311 87 4355 A
103 4326 131 4384 bi
147 4346 256 4384 rursum
273 4350 280 4382 ε
299 4329 355 4385 Vos
370 4344 429 4383 non
442 4326 511 4383 estis
521 4346 558 4382 ex
573 4328 675 4384 ovibus
690 4328 770 4385 meis.
795 4326 924 4389 Vi-nu.
944 4357 981 4395 to.

103 4407 164 4466 deu'
180 4427 233 4484 quo
245 4419 327 4497 pacto
342 4405 474 4463 Dominus
490 4403 588 4484 impios
602 4403 703 4484 ubique
714 4403 846 4483 traducat,
858 4408 895 4454 ²⁶·

50 4527 53 4536 .
102 4487 189 4564 doque
201 4487 265 4566 ipsis
278 4484 436 4575 triumphet,
448 4504 481 4543 ne
494 4504 541 4542 nos
552 4483 730 4545 seducamur?
741 4487 766 4546 0
781 4487 848 4548 ines·

103 4565 212 4625 hahilem
227 4563 440 4644 indulgentiam!
454 4586 470 4622 o
489 4563 703 4631 inaestimabilem
722 4565 847 4647 benigni-

103 4645 201 4707 tatem!
220 4644 296 4718 Quid
311 4644 489 4703 retribuemus
504 4643 621 4703 Domino
635 4665 686 4726 pro
704 4645 748 4705 his
760 4648 847 4708 omni·

102 4727 167 4785 hus?
176 4724 311 4803 quomodo
319 4746 368 4784 uos
375 4723 554 4806 purgabimus
563 4722 683 4806 Principi
692 4727 846 4806 pastorum?

103 4812 127 4866 Ο
143 4821 269 4886 pastores,
284 4818 310 4863 et
325 4801 522 4895 compastores!
536 4803 579 4862 En
593 4825 679 4884 panca
692 4826 726 4864 ex
739 4806 844 4867 multis.

104 4886 248 4959 Quomodo
261 4905 309 4943 nos
323 4883 443 4961 undique
454 4882 577 4942 muniens
589 4885 722 4944 Dominus
734 4906 783 4966 per
795 4886 845 4945 im-

104 4966 235 5024 maculata
249 4965 346 5022 elamat
359 4963 506 5041 Evangelia
521 4986 527 5018 ε
544 4962 653 5039 Videte,
669 4963 696 5023 ri
717 4965 788 5040 ilate,
801 4986 846 5024 ea·

102 5061 173 5121 vete,
184 5044 324 5118 attendite,
334 5042 547 5102 decertateiNec
556 5042 637 5101 modo
641 5064 690 5124 per
696 4984 846 5124 brangclia

104 5126 211 5196 elamat,
226 5121 272 5183 sed
287 5124 367 5183 ctiam
382 5144 430 5205 per
449 5121 564 5181 deiferos
580 5122 739 5214 prophetas,
751 5136 778 5182 ct
796 5145 845 5200 per

105 5207 241 5286 theologos
265 5203 412 5285 discipulos
436 5202 534 5261 similia
557 5201 647 5260 dicit:
669 5201 696 5260 iu
719 5202 844 5262 omnihus

104 5286 205 5368 quippe
219 5284 274 5345 illis
292 5297 321 5345 ut
334 5283 395 5346 uult
413 5282 551 5361 loquitur,
566 5280 694 5360 testisque
716 5294 756 5343 est
775 5282 845 5344 milti
