3750 5940
165 398 233 469 522
495 420 526 467 s.
552 411 695 469 roauuts
720 415 952 467 cunienses

162 541 247 601 verba
259 539 432 599 offensionem
445 541 596 622 peperisse,
614 540 661 600 sed
676 538 845 619 socordiam,
858 537 907 601 de·

162 633 274 711 sidiam,
285 646 312 692 et
327 631 528 714 improbitatem
542 632 716 694 auditorum?
729 632 800 692 Nom
814 632 907 692 etiam-

162 727 186 788 si
200 727 316 787 bocnon
326 725 456 804 dixisset,
474 726 651 787 nihilominus
668 725 764 786 offensi
782 723 907 802 luissent,

161 840 211 879 nec
224 816 399 895 destitissent,
416 816 509 879 cibum
519 838 625 899 semper
636 838 796 899 corporeum
808 838 906 878 uuan-

162 926 216 988 tes,
238 931 270 970 ac
283 923 361 997 terrae
378 909 467 970 affixi.
483 909 612 990 Alioquin
627 924 718 981 autem
733 910 766 971 lri
777 932 832 971 uua
846 931 908 970 cum

162 1003 219 1063 illis
238 1001 396 1079 audieruut,
410 1000 456 1062 sed
474 1002 609 1063 contrario
620 1003 710 1064 affecti
730 1003 813 1065 modo
829 1003 909 1064 dixe-

163 1108 239 1172 runt,
254 1094 310 1154 Ad
317 1116 405 1178 quem
415 1099 545 1155 ibimus?
558 1095 683 1158 Verbum
696 1096 788 1178 magni
797 1096 909 1157 affectus

163 1184 308 1247 indicium.
323 1186 466 1267 Significat
479 1184 552 1246 enim
566 1186 731 1267 Magistrum
743 1187 798 1249 sihi
816 1189 907 1248 omiti·

162 1278 214 1338 bus
228 1276 439 1356 essecariorem,
455 1276 593 1359 patribus,
611 1279 759 1355 matribus,
773 1279 908 1339 facultati·
925 1302 943 1349 t:

163 1371 228 1449 bus,
247 1392 345 1452 eosque
366 1371 414 1451 qui
428 1372 464 1431 ab
483 1372 543 1453 ipso
558 1370 715 1451 discedunt,
739 1394 792 1432 non
809 1373 909 1434 habere

163 1485 218 1544 quo
232 1487 261 1526 se
273 1464 412 1547 recipiant.
426 1464 532 1525 Deinde
547 1464 732 1526 occideretur
750 1465 835 1542 illud,
855 1468 910 1527 Ae

162 1579 249 1642 quem
260 1561 385 1619 ibimus?
395 1556 456 1618 ideo
468 1557 585 1634 dixisse,
600 1556 674 1637 quod
686 1579 739 1617 non
752 1572 838 1618 essent
858 1560 908 1639 qui

162 1651 234 1733 ipsos
245 1651 406 1733 reciperent,
417 1650 509 1718 statim
521 1649 624 1732 adjicit,
638 1653 733 1711 Verba
744 1655 816 1711 uitoe
827 1666 908 1712 eter-

162 1766 208 1804 uoe
218 1746 318 1805 babes.
333 1742 387 1802 Alii
401 1742 474 1802 euim
486 1743 630 1803 carnaliter
642 1756 669 1803 et
684 1742 804 1804 bumana
819 1759 907 1804 mente

161 1835 321 1913 audiebant3
342 1835 374 1896 hi
393 1857 458 1897 vero
478 1835 671 1917 spiritualiter,
694 1848 721 1896 et
734 1835 801 1897 tidei
818 1852 905 1898 totum

161 1929 366 1990 committentes.
381 1928 446 1989 ldeo
460 1927 586 1989 (ibristus
597 1926 717 1989 dicebat:
730 1932 825 1992 Verba
841 1953 949 2019 quur„o

161 2026 298 2107 loquutus
308 2045 373 2086 sum
386 2026 485 2097 uobis,
499 2026 617 2104 spiritus
631 2037 700 2084 suut
707 2051 719 2097 ,·
740 2022 771 2083 id
790 2038 843 2100 est,
865 2026 907 2084 Ne
922 2039 941 2084 t

159 2119 304 2200 suspiceris
315 2117 468 2178 doctrinam
485 2137 586 2193 meam,
604 2139 695 2177 rerum
712 2110 907 2197 consequentia

160 2237 192 2275 ac
204 2215 356 2276 necessitati
365 2214 513 2296 subjacere.
531 2214 592 2273 Non
606 2214 764 2296 hujusmodi
777 2228 841 2275 sont
850 2203 906 2299 spi-

160 2316 290 2395 ritualia,
306 2336 356 2376 nec
369 2315 602 2395 terrenislegibus
612 2314 695 2374 subdi
705 2315 858 2396 patiuntur.
874 2316 908 2376 ld

9 2422 76 2466 uam
90 2428 151 2475 tot.
162 2418 263 2480 Paulus
277 2439 384 2497 quoque
396 2416 515 2477 declarat
528 2416 573 2475 his
588 2414 700 2476 verbis:
718 2418 764 2475 Ne
774 2418 857 2476 dictu
877 2422 909 2474 in

10 2500 32 2544 ⁷'
163 2520 249 2578 corde
261 2514 331 2605 ‘uli’
349 2520 421 2596 Quis
436 2518 573 2577 ascendet
584 2520 617 2575 in
634 2517 758 2577 celum?
769 2518 825 2576 boc
847 2526 907 2587 e'st,

162 2621 312 2683 Christum
334 2618 476 2679 deducere
482 2643 495 2690 ,·
525 2604 578 2676 aut
605 2620 672 2696 quis
697 2617 850 2677 descendet
877 2622 910 2675 iu

162 2725 325 2797 abyssum?
347 2722 403 2780 boc
413 2732 467 2794 est,
482 2721 681 2783 utriscum
693 2724 815 2779 mortuis
826 2743 908 2780 revo-

160 2844 239 2883 care.
255 2823 350 2882 Verba
361 2825 434 2882 uite
445 2835 561 2881 oeternoe
579 2823 680 2881 babes.
698 2823 761 2883 Jam
775 2821 805 2880 hi
819 2842 909 2881 resur-

159 2922 307 2985 rectionem
332 2936 504 3007 acceperant,
531 2935 559 2982 et
588 2935 672 2986 totam
693 2918 771 2982 illam
796 2935 906 2984 sortem.

160 3022 244 3105 Vide,
261 3046 368 3104 muso,
380 3025 498 3085 tranum
509 3035 662 3100 amantem,
680 3022 815 3102 quomodo
826 3024 908 3083 totius
926 3058 943 3103 Β

160 3137 248 3185 ooettrs
263 3146 372 3185 causam
384 3139 446 3207 agat
463 3149 469 3182 ε
492 3145 546 3184 non
563 3123 638 3184 dixit
650 3122 739 3200 enim,
763 3124 904 3205 (agnovi,

160 3225 207 3285 sed
215 3272 225 3303 ,
239 3228 435 3308 cognovimus
449 3251 457 3283 .·
472 3227 527 3286 imo
541 3226 632 3306 potius
642 3225 826 3286 animadverte
840 3248 908 3306 quo·

160 3325 240 3385 modo
253 3326 289 3385 ad
303 3327 360 3406 ipsa
369 3326 496 3404 Magistri
510 3327 594 3388 verba
604 3324 730 3405 accedat,
747 3347 801 3387 non
814 3327 908 3386 cadem

160 3449 220 3507 quae
233 3428 325 3490 Judaei
336 3428 459 3507 loquens.
474 3427 521 3487 llli
538 3427 612 3486 enim
625 3427 770 3506 dicebant,
792 3431 851 3488 Hic
865 3443 907 3488 est

152 3529 242 3610 filius
252 3530 379 3608 loseplr,·
393 3529 440 3588 hic
449 3542 551 3605 autem,
568 3531 611 3589 Tu
622 3550 652 3589 es
665 3531 800 3589 Christus
811 3531 908 3589 Filius

161 3630 221 3688 Dei
239 3631 317 3704 oivi,·
332 3642 373 3706 et,
389 3630 484 3688 Verba
496 3632 567 3687 ouae
585 3640 701 3688 oeternoe
713 3631 810 3688 babes.
829 3631 909 3688 Forte

162 3730 227 3808 quia
240 3736 312 3811 saepe
325 3726 417 3811 ipsulm
429 3727 563 3789 dicentem
578 3728 720 3789 audierat:
740 3732 797 3808 Qui
816 3731 909 3788 credit

161 3837 193 3890 in
205 3853 251 3892 me
257 3877 268 3905 ,
282 3833 371 3892 babet
381 3834 477 3891 uitam
489 3844 637 3891 eternam.
652 3824 823 3891 Demonstrat
836 3831 908 3889 enirn

160 3954 189 3993 se
199 3933 273 3993 dicta
287 3931 378 3992 omnia
390 3932 522 4009 retinere,
536 3953 599 3992 cum
612 3933 671 4014 ipsa
684 3933 768 3993 uerba
781 3946 904 4013 usurpat.

161 4034 238 4108 Quid
247 4055 311 4114 ergo
322 4033 465 4094 Christus?
478 4035 537 4094 Non
550 4032 688 4113 laudarit,
701 4055 750 4094 nec
759 4034 908 4094 celebravit
925 4056 944 4101 t}

161 4136 289 4213 Petrum,
307 4133 381 4213 qttod
391 4147 480 4194 tamen
497 4133 565 4193 olibi
576 4133 648 4193 iecit.
665 4133 719 4193 Sed
733 4134 801 4212 quid
814 4133 906 4193 dicit?

161 4236 210 4294 70.
226 4237 332 4295 Nonne
342 4255 396 4315 ego
407 4255 463 4295 nos
473 4235 628 4294 &odwin
639 4235 722 4316 elegi,
736 4248 765 4293 et
780 4257 856 4294 uuus
870 4258 906 4293 cn·

162 4341 245 4395 uobis
256 4339 392 4397 diabolus
405 4345 467 4399 est?
477 4337 550 4410 Quia
570 4337 643 4402 enim
662 4337 709 4397 iile
723 4320 845 4415 dixerat,
866 4339 909 4398 lit

163 4457 215 4495 nos
225 4438 414 4509 credidimus,
426 4439 530 4520 excipit
541 4460 577 4498 ex
584 4460 696 4497 uttmero
706 4441 723 4498 J
725 4437 818 4496 udam.
834 4437 909 4496 tlibi

162 4535 235 4595 enim
247 4536 317 4595 nihil
331 4537 364 4596 de
377 4536 520 4618 discipulis
532 4538 622 4597 dixit:
643 4538 692 4598 sed
708 4560 770 4597 cum
783 4539 910 4598 Christus

12 4663 98 4707 tractu.
117 4664 151 4710 ιθ,
163 4638 294 4718 dixisset,
316 4641 372 4698 Vos
385 4654 483 4700 autem
491 4663 581 4722 quem
599 4663 644 4699 me
659 4662 720 4700 esse
730 4641 847 4699 dicitis?
867 4663 909 4699 rc·

15 4724 50 4772 ¹⁵·
164 4739 283 4822 spondit,
295 4743 338 4800 Tu
344 4762 373 4799 es
381 4742 515 4801 Christus
526 4743 625 4800 Filius
636 4743 694 4800 Dei
704 4744 841 4801 viventis.
858 4741 909 4801 llic

164 4862 228 4900 vero
243 4841 308 4920 quia
321 4839 447 4918 dixerat,
470 4843 510 4899 Et
531 4862 583 4900 nos
601 4843 792 4914 credidimus,
814 4842 909 4901 merito

164 4942 265 5004 iudam
280 4941 376 5001 eximit
395 4962 429 5000 ex
444 4941 491 5000 illo
515 4941 612 5015 choro,
637 4939 667 4999 id
683 4963 747 5001 sero
762 4943 825 5003 lacit
833 4990 842 5021 ,
852 4944 909 5024 jam

198 5167 207 5186 ·
224 5153 270 5205 Alii
283 5161 294 5209 d
306 5166 409 5225 Χριστός,

199 5250 210 5274 ·
228 5232 306 5288 Sutil.
320 5245 346 5286 et
363 5230 450 5284 Morel.
465 5237 532 5285 aurci
553 5235 662 5296 λέγοντος.
677 5229 723 5282 Alli
735 5240 775 5285 rei
794 5235 925 5286 διδασκάλου
