3750 5940
329 447 363 494 ΙΝ
392 448 595 497 Pautuotatt
624 448 666 494 DE
694 447 783 493 Furto
810 446 975 494 PRODlGO.

61 571 199 638 τύπτοντος
209 571 240 632 τὸ
257 569 322 630 ltus
338 574 445 644 στῆθος,
458 576 493 641 ὡς
512 576 565 631 τῶν
589 594 637 630 πο-

61 655 97 710 ῶν
109 652 229 733 ὑπάρχω
242 650 423 789 ἐργαστήριον,
440 651 485 710 καί
503 650 534 710 τὸ
554 651 638 731 πρόσ-

61 739 155 798 ιῶντος
184 733 219 810 τῇ
248 733 299 810 γῇ,
327 754 363 790 κα
400 728 461 798 τοὺς
488 730 638 812 όρθαλμοθς

61 816 142 870 ἰοῦναι
155 809 372 892 συμπρεσδευτὸς
390 810 437 876 τὰς
450 814 502 870 τῶν
518 809 637 890 δακρύων

61 891 70 950 l
81 892 296 972 προμελετῶντος
309 890 357 963 τὸν
370 890 524 968 ἀπολογίαν,
538 891 638 970 φθάσας

61 976 79 1049 ῇ
101 971 221 1050 μεγάλῃ,
236 968 304 1048 μετὰ
325 969 444 1051 δακρύων
464 969 565 1048 λέγων’
581 968 638 1027 Πά-

66 1053 102 1116 εἶς
113 1047 158 1108 τὸν
169 1049 286 1130 οὐρανὸν,
294 1049 339 1108 καί
349 1047 458 1108 ἐνώπιόν
466 1072 521 1109 σου.
529 1047 638 1129 Ἥμαρ-

61 1128 115 1189 ιστὲ
127 1129 269 1202 Δέσποτα,
285 1128 331 1188 καί
344 1128 414 1188 Θεέ·
427 1128 492 1207 ἐμὸς
506 1128 638 1210 ἁμαρτίας

61 1232 166 1268 ττασαι·
180 1207 310 1288 ἥμαρτον,
332 1207 439 1280 ἐλέησον
454 1213 491 1275 ὡς
512 1209 579 1275 Θεὸς
593 1208 638 1267 καί

1330 397 1333 401 ’
1359 423 1431 496 sss

693 571 744 628 hus
757 569 982 651 continuopertus
990 589 1071 628 suum
1084 580 1218 650 rumperet
1229 589 1261 628 ao
1270 574 1430 651 percuteret,

693 662 785 730 utpote
796 648 870 728 quod
878 670 1023 730 pravarum
1033 648 1227 729 cogitationum
1234 663 1301 708 esset
1315 650 1433 729 officina,

691 742 717 786 ot
728 728 832 788 mltum
850 742 927 788 terrae
942 729 1072 807 affigeret,
1086 741 1166 807 atque
1176 728 1211 787 ab
1222 728 1307 788 oculis
1324 731 1381 789 suis
1394 731 1433 790 la·

692 829 847 888 crymamm
858 822 977 888 posceret
989 808 1075 868 stillas
1086 809 1195 867 comites
1212 807 1247 867 ad
1264 808 1432 870 interceden-

692 887 767 962 dum,
780 901 805 946 et
823 888 1022 948 excusationem
1045 887 1236 957 meditaretur:
1251 888 1328 969 prius
1343 890 1433 949 excla-

692 967 777 1028 marit
790 988 855 1029 voce
873 988 1051 1047 magnacum
1062 969 1191 1048 lacrymis
1208 967 1309 1046 dicens,
1327 971 1429 1042 Pater,
1504 994 1525 1020 v·
1544 983 1581 1016 ²¹·

690 1052 811 1128 peceavi
819 1052 851 1105 ιἰι
862 1048 966 1107 coelum
979 1062 1008 1107 et
1017 1069 1117 1107 coram
1127 1061 1165 1108 te.
1182 1049 1305 1125 Peccavi,
1316 1063 1358 1108 sat
1367 1049 1432 1124 scio,

693 1127 800 1186 Christe
809 1127 926 1188 Domine
935 1142 961 1187 et
971 1130 1062 1203 Deus3
1072 1142 1181 1211 peccata
1191 1148 1251 1186 mea
1259 1141 1288 1186 tu
1300 1128 1373 1188 solus
1384 1150 1432 1188 no·

693 1207 726 1265 sti
734 1229 743 1282 ;
753 1208 873 1288 peccavi,
892 1207 1025 1282 miserem,
1039 1221 1070 1267 ut
1083 1210 1157 1267 Deus
1170 1220 1196 1267 et
1209 1208 1353 1267 Dominus.
1371 1210 1433 1268 Non

61 1292 88 1348 ἰκ
103 1288 157 1366 εἰμὶ
180 1288 248 1357 ἄξιος
269 1291 305 1355 εἰς
328 1286 372 1347 τὸν
393 1287 500 1370 οὐρανὸν
523 1287 638 1366 βλέπειν,
693 1307 752 1344 sum
764 1285 864 1366 diguus
884 1300 915 1346 ut
929 1287 957 1347 in
977 1288 1071 1347 caelum
1085 1288 1199 1362 intuear,
1216 1301 1241 1347 et
1259 1301 1286 1346 te
1306 1287 1434 1369 deprecer

61 1375 85 1427 ῖν
100 1392 130 1428 σε
146 1367 191 1426 τὸν
205 1367 303 1446 ἀγαθόν
318 1390 368 1444 μου
391 1367 538 1440 Δεσπότςν,
549 1366 638 1444 γέμων
657 1379 674 1424 B
693 1366 827 1446 optimum
839 1366 989 1426 Dominum
1006 1388 1107 1443 meum,
1126 1380 1219 1448 utpote
1231 1369 1278 1446 qui
1306 1368 1434 1428 maximis

74 1450 201 1526 χαλεπῶν
223 1447 416 1525 ίγκλημάτων·
431 1448 478 1504 οὐκ
496 1447 565 1506 ἔστιν
579 1449 638 1526 ἀρι-

61 1531 105 1586 ιῶν
128 1526 338 1608 ἁμαρτημάτων.
354 1526 481 1598 Ἐλέησον
496 1530 531 1592 ὡς
544 1527 639 1606 ἀγαθὸς

72 1604 138 1665 Ὀτι
152 1609 200 1666 οὐκ
215 1604 270 1684 εἰμί
283 1606 354 1674 ἄξιος
367 1608 498 1678 κληθῆναι
509 1608 563 1671 υίὸς
578 1628 638 1680 σου,

61 1684 120 1751 ςένα
129 1691 182 1746 τῶν
195 1684 306 1764 μισθίων
321 1708 376 1745 σου.
385 1684 478 1751 Οὕτως
489 1684 639 1746 ἱκετεύοντα

61 1766 185 1845 ςκαρδίας
199 1758 265 1826 εἶδεν
277 1766 381 1825 αθτὸνό
396 1764 500 1843 βλέπων
515 1767 640 1843 πλημμε-

69 1845 251 1923 παραὸλέπων
269 1844 483 1927 ἁμαρτάνοντας,
502 1845 548 1903 καί
566 1868 639 1923 περι-

61 1923 128 1996 ιτιὸν
154 1925 308 2002 μετάνοιαν·
327 1915 394 1983 εἶδεν
414 1924 490 1983 αὐτὸν
513 1931 527 1985 θ
551 1924 622 1997 marl

61 2005 247 2084 mltnwisdu·
262 2004 359 2086 Πατὴρ
372 2002 425 2086 γάρ
438 1996 513 2082 ἦντῇ
527 2027 640 2083 χρηστο-

73 2085 141 2152 Θεὸς
163 2089 267 2165 ὑπῆρχε
288 2087 321 2162 τῇ
345 2083 430 2164 φύσει.
455 2083 508 2143 Καὶ
532 2082 639 2162 δραμὼν

61 2163 219 2243 ντράχηλον
234 2167 326 2237 αὐτοῦ,
344 2163 389 2221 καλ
404 2163 578 2241 κατεφίλησεν
592 2167 639 2222 αὐ·

61 2267 125 2303 tetre
137 2243 181 2302 τὸν
191 2241 409 2324 προσκρούσαντα
421 2243 533 2314 πλησίον
545 2246 638 2316 ἐλθεῖν,

61 2326 121 2404 islaris>
143 2323 331 2403 προαπένιησε
347 2320 497 2404 προθύμως.
519 2322 571 2381 Καὶ
593 2326 639 2381 οὐκ

61 2426 77 2460 ιν
97 2403 230 2481 τράχηλον
248 2406 343 2476 αὐτοῦ,
364 2405 401 2468 ὡς
414 2411 471 2468 ταῖς
491 2405 580 2473 κηλῐσι
591 2407 638 2474 τῆς

61 2481 181 2541 ίστικτον
202 2482 248 2540 καί
270 2480 473 2559 μεμιαμμένον·
497 2481 564 2540 ἀλλὰ
581 2489 638 2548 ταῖς

61 2567 98 2621 ,οῦ
113 2561 190 2642 χερσί
201 2560 352 2641 περιλαθὼν
363 2561 536 2641 κατεφίλησεν
553 2561 639 2632 ἀπλή-

63 2665 90 2699 αι
105 2639 169 2701 ποτί
184 2641 355 2719 ποθούμενον.
374 2639 413 2698 Ὦ
427 2645 475 2712 τῆς
490 2639 590 2720 ἀρότου
610 2664 638 2699 τε

61 2720 264 2800 εὐσπλαγχνίας·
279 2720 301 2780 ὢ
319 2719 467 2800 παραδόξου
489 2722 638 2801 φιλανθρω-

693 1459 719 1504 εῑ
744 1446 912 1525 gravissimis
938 1447 1054 1528 peccatis
1074 1460 1208 1506 scateam:
1224 1448 1359 1507 numerari
1379 1469 1433 1508 non

694 1540 805 1606 possunt
815 1539 921 1607 peccata
930 1548 997 1585 mea.
1010 1527 1146 1601 Miserere,
1155 1549 1218 1586 cum
1224 1527 1312 1586 bonus
1318 1527 1356 1586 sis
1364 1549 1433 1587 sem·

694 1625 742 1685 per
757 1607 844 1683 Deus,
863 1608 1009 1684 Quoniam
1031 1609 1139 1686 diguus
1164 1627 1223 1665 non
1238 1628 1302 1672 sum
1329 1613 1435 1667 vocari
1504 1648 1525 1675 ,,
1548 1641 1583 1692 ¹9·

691 1685 775 1764 filius
789 1698 866 1760 tuum
872 1686 932 1767 sac
946 1707 993 1744 me
1001 1690 1076 1744 sicut
1091 1705 1182 1745 unum
1196 1688 1232 1745 de
1247 1691 1434 1747 mercenariis

694 1767 762 1822 tuis.
781 1765 826 1823 Sic
850 1786 885 1824 ex
902 1764 997 1823 intimo
1018 1778 1125 1845 pectore
1145 1764 1331 1846 deprecantem
1355 1765 1434 1844 vidit,

693 1843 741 1921 qui
754 1842 938 1922 delinquentes
957 1843 1041 1918 videt,
1054 1857 1080 1903 et
1095 1846 1123 1903 in
1135 1859 1310 1936 peccatorum
1327 1846 1434 1906 sceleri-

694 1921 745 1981 lrus
759 1924 892 1996 connivet,
907 1944 1054 2002 eorumque
1070 1925 1254 2004 poenrtentiam
1275 1938 1432 2006 exspectat:

694 2000 765 2060 vidit
779 2016 928 2084 cumpater
948 2004 1014 2079 c'us,
1028 2017 1054 2062 et
1068 2003 1238 2064 miseratione
1255 2005 1354 2065 ductus
1373 2020 1431 2065 est:

694 2081 774 2140 Pater
787 2083 888 2163 quippe
900 2097 956 2142 erat
1002 2083 1096 2160 nitate,
1110 2083 1173 2143 licet
1186 2086 1261 2143 Deus
1275 2099 1341 2144 esset
1356 2099 1434 2145 natu·

694 2181 733 2219 ra.
750 2163 792 2220 Et
815 2183 970 2222 accurrens
983 2164 1089 2221 cecidit
1113 2183 1199 2243 super
1225 2166 1335 2223 collum
1360 2169 1432 2246 ejus,
1505 2199 1525 2224 ι.
1545 2194 1583 2227 ιο.

694 2252 723 2298 et
736 2241 886 2302 osculatus
906 2254 949 2300 est
968 2262 1044 2301 cum.
1061 2244 1122 2302 Non
1134 2244 1308 2334 exspectavit,
1328 2258 1370 2321 ut,
1387 2246 1435 2323 qui

693 2319 851 2395 offenderat,
867 2321 1107 2402 propemedum,
1120 2321 1167 2381 sed
1181 2343 1240 2404 rpse
1258 2323 1301 2381 illi
1323 2345 1437 2405 pmpere

694 2400 824 2459 occurrit:
837 2421 923 2491 neque
932 2401 991 2481 ejus
1002 2400 1102 2461 collum
1115 2401 1261 2462 detestatus
1272 2416 1320 2477 est,
1330 2417 1360 2462 ut
1375 2426 1436 2463 sor-

692 2478 775 2539 dibus
786 2480 985 2540 incontrnentiae
996 2494 1197 2562 compunctum,
1208 2497 1289 2560 atque
1296 2482 1436 2562 loedatum3

694 2558 740 2618 scd
762 2559 913 2640 impollutis
933 2560 1058 2619 manibus
1084 2561 1140 2620 suis
1161 2582 1224 2621 cum
1258 2563 1435 2644 complexus,

693 2637 864 2699 deosculatus
886 2653 936 2716 est,
951 2661 1030 2719 quun
1048 2639 1113 2699 olim
1128 2640 1334 2718 desideraverat,
1350 2643 1387 2702 ita
1406 2657 1437 2703 ut

694 2718 820 2777 exsatiari
834 2740 886 2778 non
898 2733 997 2800 posset.
1015 2723 1040 2780 Ο
1056 2719 1219 2780 ineffabilem
1242 2721 1363 2780 simulet
1384 2737 1436 2782 tre-

61 2825 65 2851 ι
77 2801 208 2875 σπονδῶν,
224 2799 246 2859 ὦ
261 2800 338 2869 ξένοιν
352 2802 537 2879 καταλλαγῶν.
546 2798 640 2859 Ἔπει-
657 2817 675 2866 e
695 2798 822 2857 mendam
835 2796 1063 2860 misericordiam!
1084 2800 1297 2860 oiucredibilem
1311 2801 1437 2861 humani-

71 2880 140 2939 Θεὸν
160 2883 195 2946 είς
215 2879 298 2960 porris
311 2878 375 2957 μίαν
391 2879 473 2956 μόνην
487 2880 533 2938 καί
544 2904 640 2959 συγκα·

90 2959 220 3042 δάκρυσι,
250 2959 295 3019 καί
325 2961 510 3038 παραδραμεῖν
540 2961 640 3031 πλῆθος

61 3037 178 3116 τύμασας
187 3040 282 3118 ἐνορῶν
289 3038 358 3098 Θεὸν
368 3038 542 3098 κολακεύοντα
553 3040 639 3118 ἆμαρ-

61 3122 85 3188 ῆς
99 3123 211 3198 στοργῆς
231 3122 283 3177 τῶν
298 3117 457 3198 σπλάγχνων
471 3123 524 3177 τῶν
541 3143 636 3200 πατρι-

61 3198 117 3265 ιλὸς
140 3199 184 3256 ἐπὶ
208 3201 257 3277 γῆς
282 3197 423 3277 ἐδάκρυσε,
449 3198 493 3256 καί
521 3202 536 3257 ό
562 3199 639 3274 μόνος

73 3276 210 3355 οὐρανόθεν
230 3276 320 3336 ἑαυτὸν
338 3277 404 3357 πρὸς
423 3277 471 3348 τὸν
494 3281 638 3404 ριλανθροι·

61 3379 79 3416 ε.
94 3356 144 3424 Τίς
160 3348 213 3417 εἶδέ
234 3379 299 3416 ποτε
315 3357 473 3438 ἁμαρτωλὸν
498 3359 547 3417 οπὸ
567 3359 637 3416 Θεοῦ

61 3427 637 3575 uultusassutus

96 3541 127 3583 ςε
140 3539 167 3574 οε
228 3540 281 3575 εκα
353 3540 359 3572 ι
566 3541 577 3575 ε
630 3543 638 3591 ;

60 3596 128 3662 Θεὸς
149 3598 310 3676 παρακαλεῖ,
324 3539 360 3660 di<
381 3617 443 3654 ποτε
459 3594 503 3652 τὸν
519 3542 637 3678 Ἰίίραήλ.

61 3674 119 3748 uui,
137 3675 163 3733 τί
182 3673 298 3747 ἠδίκησά
312 3673 387 3746 σε,ἢ
405 3674 432 3733 τί
445 3676 638 3755 παρηνόχλησά

61 3753 116 3814 vet
136 3753 203 3813 αὐτὸ
218 3754 332 3833 γίνεται,
346 3753 391 3813 καί
412 3754 526 3832 ἐγένετο,
547 3756 637 3828 ἐπειδὴ

61 3832 206 3900 τάλλακτος
217 3835 340 3913 βούλεται
350 3834 435 3906 Θεὸς,
450 3833 533 3903 οθτοις
551 3834 638 3895 είωθεν

64 3918 170 3972 ικὶσθαι
189 3918 203 3972 ὸ
222 3913 319 3996 Πατὴρ
345 3918 398 3973 τῶν
424 3917 568 3994 οἰκτιρμῶν
593 3917 639 3975 καλ

693 2877 793 2938 tatem!
806 2899 822 2935 o
835 2877 965 2960 stupenda
975 2878 1069 2959 pacta!
1083 2900 1099 2937 o
1110 2879 1263 2939 mirabilem
1280 2882 1436 2942 reconcilia·

694 2954 809 3016 tionem!
821 2958 929 3017 lullexit
937 2958 1064 3017 continuo
1074 2960 1223 3033 Deum,vel
1231 2976 1436 3039 unomomento,

694 3035 729 3095 ad
742 3035 780 3113 td,
791 3050 821 3095 ut
841 3051 900 3097 tum
923 3037 1050 3119 lacrymis
1065 3038 1181 3115 cederet,
1201 3053 1259 3098 tum
1273 3054 1376 3100 tantam
1388 3040 1435 3101 de-

694 3115 819 3175 lictorum
826 3117 1027 3176 multitudinem
1034 3119 1189 3198 preteriret.
1199 3120 1272 3178 Num
1280 3120 1435 3199 miratuses,

694 3216 756 3255 curn
770 3195 877 3256 videres
887 3199 976 3257 Deum
999 3198 1131 3278 peccatori
1151 3198 1291 3258 blandiri?
1303 3202 1328 3260 0
1341 3200 1435 3281 ingen·

693 3288 747 3334 tem
771 3296 889 3335 amorem
907 3276 1043 3337 viscerum
1064 3275 1250 3359 paternorum!
1261 3280 1388 3340 Peccator
1406 3281 1436 3340 in

693 3354 772 3414 terris
780 3355 915 3436 lacrymas
935 3356 1017 3431 fudit,
1031 3370 1057 3416 et
1085 3359 1113 3416 ui
1124 3360 1197 3418 solus
1212 3372 1251 3418 est
1269 3360 1372 3440 peccati
1387 3382 1435 3422 ex-

693 3456 763 3516 pers,
779 3434 814 3494 de
822 3436 894 3495 caulis
904 3436 1023 3518 seipsum
1032 3380 1275 3498 adlumanimtem
1284 3439 1435 3500 inclinarit.

693 3515 762 3588 Quis
784 3536 915 3594 umquam
929 3517 1003 3577 vidit
1065 3531 1191 3593 satorem,
1211 3520 1254 3579 cui
1280 3520 1438 3580 adularetur

692 3538 1437 3678 Deus?qrrisumquamvidiljudiccmofficiosecolentem

693 3675 785 3735 reum?
794 3675 856 3753 quis
865 3697 912 3735 um
933 3699 994 3736 iram
1003 3678 1093 3736 ullum
1102 3679 1173 3739 vidit
1183 3679 1437 3740 adularidamnato?

693 3759 887 3816 Verumtamen
900 3699 1049 3817 olrtestatur
1062 3761 1145 3832 Deus,
1159 3772 1190 3817 ut
1208 3760 1273 3818 olim
1298 3761 1432 3820 lsraelem.

693 3835 808 3916 Populo
819 3857 909 3907 meus,
925 3836 1024 3916 inquit,
1039 3859 1121 3915 quam
1134 3838 1262 3916 injuriam
1279 3839 1329 3898 tibi
1344 3839 1434 3913 intuli,
1448 3854 1516 3900 ‚tm-u.
1527 3853 1551 3902 6.
1560 3853 1583 3898 3.

695 3928 748 3974 aut
765 3917 838 3995 quid
859 3917 1057 3998 molestusfui
1067 3921 1140 3975 tibi?
1157 3917 1235 3976 Nunc
1245 3918 1326 3977 etiam
1339 3919 1434 3979 eadem

61 3993 251 4072 εαρακλήσεως.
266 3997 307 4052 Οὐ
323 3992 370 4070 μὲν
384 3992 501 4072 ἠρκέσθη
514 3995 640 4062 τούτοιςὸ
657 4006 676 4052 t)
694 3996 774 4067 sium,
789 4007 815 4052 et
828 3995 898 4053 sacta
912 4009 993 4069 sunt,
1008 3995 1228 4087 qrraudoquidem
1248 3998 1285 4057 ita
1300 3998 1362 4058 malt
1374 3999 1433 4080 pla-

69 4071 136 4138 υἱός·
150 4072 218 4133 ἀλλὰ
240 4073 286 4132 καί
306 4075 332 4130 ἐν
356 4082 409 4139 τοῖς
431 4077 478 4144 τῆς
501 4074 640 4151 μετανοίας

61 4174 90 4220 ος
100 4151 147 4223 ὧν,
161 4151 219 4212 οὐδὲ
230 4152 349 4231 ἐνόμισεν
362 4156 432 4233 αὐτῷ
443 4152 508 4234 πρὸς
523 4154 553 4212 τὸ
569 4156 641 4227 πλῆ-

61 4232 197 4304 ιτηθέντων
217 4231 266 4304 τὸν
285 4232 417 4303 τοσαύτην
442 4234 639 4315 φιλανθρωπίαν

61 4311 111 4369 ιίαν
125 4311 257 4391 σωτηρίαν
274 4313 376 4392 ἀρκεῖν·
393 4313 451 4370 ἀλλ’
471 4313 538 4393 άπερ
551 4314 641 4391 ἐμελέ-

61 4394 98 4449 τῶ
119 4391 217 4472 πατρὶ,
232 4398 315 4451 ταῦτα
329 4391 375 4451 καί
398 4390 490 4474 παρὼν
513 4394 581 4454 δειλέ
611 4417 642 4452 το

61 4449 182 4549 ρέποντος
204 4471 354 4550 σχήματος·
369 4471 471 4551 πάτερ,
489 4472 513 4530 εί
530 4497 560 4551 γε
575 4417 641 4541 ditior

61 4548 141 4630 ατέρα
154 4573 182 4609 σε
205 4554 300 4610 εἰπεῖν·
323 4554 346 4610 εί
366 4551 403 4629 μὴ
424 4551 469 4609 καὶ
483 4558 560 4612 τοῦτο
574 4552 642 4632 μετὰ

61 4653 90 4688 ου
103 4629 289 4709 πταισμάτων,
306 4631 394 4690 καλῶν
408 4654 437 4688 σε
448 4631 565 4713 πατέρα,
580 4633 640 4702 ἐξα-

61 4714 64 4766 ἷ
89 4708 127 4787 μὴ
151 4710 248 4789 ύὸρίζω
273 4714 305 4781 τῆ
325 4709 420 4781 κλήσει
433 4710 463 4769 τὸ
488 4710 643 4791 ἀνύθριστον

69 4788 151 4846 κλείει
175 4813 224 4865 μου
239 4787 273 4847 τὸ
293 4776 371 4869 ’χείλη
391 4788 443 4849 Ι’τὸ
468 4791 596 4858 συνειδός·
622 4796 643 4851 εἰ

61 4892 79 4926 ιι
93 4867 142 4941 τὴν
158 4873 278 4946 γλῶτταν
293 4873 308 4928 ό
326 4868 421 4949 τρόπος
442 4874 489 4941 τῆς
510 4871 642 4954 πράξεως·

61 4971 66 5004 ι
86 4971 136 5025 μου
156 4949 200 5007 τὸν
220 4950 297 5026 λόγον
317 4952 331 5006 ό
360 4947 429 5026 βίος·
449 4949 537 5022 δέξαι,
560 4953 644 5032 πάτερ

73 5026 194 5108 ῥυπαρὸν
209 5029 239 5085 ἐκ
263 5028 392 5107 στόματος
410 5033 535 5110 ῥυπαροῦ.
554 5032 645 5111 Πάτερ

66 5106 113 5165 καί
137 5106 280 5187 δημιοιργὸ
304 5108 373 5169 κατὸι
395 5108 482 5189 φύσιν,
508 5109 646 5193 Ἥμαρτον
665 5125 682 5171 t.
701 5112 782 5170 situm
795 5125 846 5189 εει,
861 5112 913 5172 nisi
928 5113 999 5173 labia
1014 5135 1072 5173 mea
1083 5115 1241 5175 conscientia
1254 5114 1357 5175 claudit
1366 5140 1376 5194 ς
1390 5118 1442 5177 nist

63 5272 127 5327 tides·

694 4087 754 4132 catu
769 4073 857 4132 facilis
879 4076 962 4150 Deus,
976 4074 1014 4133 ita
1029 4075 1095 4134 solet
1115 4097 1130 4134 a
1155 4097 1242 4157 serpso
1265 4077 1339 4137 vinci
1352 4093 1435 4170 pater

694 4152 941 4213 misericordiarum
971 4167 997 4213 ct
1023 4156 1097 4214 Deus
1120 4156 1202 4215 totius
1232 4158 1430 4218 consolationis.

693 4237 787 4312 Neque
797 4255 861 4292 vero
873 4233 917 4292 his
926 4246 1065 4294 contentus
1078 4235 1131 4294 suit
1142 4235 1275 4328 prodigus
1286 4237 1334 4297 ille
1346 4238 1432 4317 filius,

693 4313 784 4373 sedin
802 4313 837 4372 iis
852 4313 931 4373 bonis
946 4335 1006 4392 quae
1026 4314 1062 4373 ad
1081 4316 1265 4396 poemtentiam
1288 4318 1433 4399 pertinent,

695 4393 827 4475 prodigus
836 4393 897 4454 suit.
911 4396 971 4453 Non
987 4393 1058 4453 enim
1071 4395 1195 4455 sufficere
1204 4397 1258 4456 sibi
1267 4411 1370 4458 tantam
1382 4398 1434 4459 lau-

696 4473 851 4533 manitatem
865 4473 893 4532 in
906 4487 979 4533 tanta
993 4473 1168 4536 multitudine
1178 4491 1351 4556 peccatorum
1361 4480 1436 4540 arbi-

696 4567 782 4614 tratus
790 4567 840 4628 est,
851 4552 885 4613 ad
896 4554 1042 4635 perlectam
1053 4555 1167 4615 salutem
1180 4556 1367 4637 obtinendam,
1379 4560 1435 4637 sed,
1452 4607 1454 4611 1

696 4654 756 4712 quae
772 4633 843 4713 patri
854 4633 944 4693 dicere
957 4633 1101 4693 meditatus
1113 4649 1172 4696 erat
1184 4651 1271 4707 antea,
1286 4659 1316 4698 ea
1327 4653 1353 4698 et
1366 4661 1436 4721 prae·

697 4733 757 4772 sens
768 4713 937 4772 convenienti
950 4714 1046 4773 habitu
1060 4716 1224 4797 compositus
1238 4717 1330 4777 dixit:
1345 4721 1435 4799 Pater,

697 4792 720 4851 si
734 4792 845 4871 quidem
858 4793 968 4854 omnino
980 4794 1043 4854 licet
1067 4808 1171 4876 patrem
1187 4809 1213 4855 te
1226 4798 1371 4880 appellare,
1385 4799 1438 4859 nisi

698 4873 766 4932 forte
777 4886 803 4930 et
814 4873 841 4930 in
855 4872 907 4932 hoc
919 4887 1016 4954 praeter
1029 4873 1082 4932 alia
1096 4896 1154 4934 mea
1162 4874 1261 4936 delicta
1270 4899 1359 4959 pecco,
1371 4879 1438 4938 dum

700 4966 726 5011 te
752 4966 855 5032 patrem
878 4973 965 5028 νοτες
979 4952 1031 5013 nisi
1054 4975 1151 5014 nomen
1178 4955 1248 5015 illud
1279 4960 1439 5018 contumelia

699 5031 801 5111 afficio,
816 5031 890 5110 quod
902 5046 980 5092 extra
989 5054 1096 5096 omnem
1109 5036 1276 5095 contumeliae
1291 5037 1377 5096 aleam
1392 5060 1441 5119 po-
