3750 5940
78 424 223 474 cxxxiv.
250 401 298 474 ol.
328 427 469 474 rnxxnr.
771 402 843 500 569

98 544 177 606 illum
188 546 277 629 reipsa
299 546 412 607 imitare.
428 548 498 607 Cum
511 545 582 606 euim
601 547 715 607 dixisset
727 546 841 620 Pilatus,

99 639 206 718 Regem
213 638 396 716 Judoeorum,
408 638 534 699 habiturn
547 637 588 698 illi
600 651 752 717 vestemque
770 637 842 698 deri·

97 729 215 790 dendam
224 731 441 813 circumponunt.
452 731 558 792 Deinde
573 731 688 791 educens
696 730 785 805 illum,
798 729 841 789 di·
850 737 903 795 cap.
922 752 960 779 ιιι

99 820 155 879 xit:
171 824 199 882 d.
207 824 332 882 Nullam
345 844 466 883 eausam
477 828 595 884 invenio
610 824 749 882 adversm
762 842 840 881 eum.

100 911 178 972 Exiit
194 934 257 994 ergo
271 915 373 975 habens
388 936 527 993 eorunm,
545 935 631 994 neque
651 915 689 972 ita
702 894 794 973 sedita
805 924 844 972 est

100 1006 153 1081 ira,
169 1007 218 1067 sed
230 1008 391 1082 clamabant,
401 1010 429 1067 6.
447 1008 601 1091 crucifige,
616 1006 841 1087 crucifigeeum.

101 1094 205 1155 Videns
221 1117 284 1176 ergo
295 1098 399 1157 Pilatus
415 1097 504 1157 omnia
520 1098 620 1156 frustra
631 1095 738 1174 tentari,
754 1092 843 1153 dicit:

102 1187 238 1269 Accipite
254 1212 320 1250 eum
340 1211 405 1263 vos,
422 1203 451 1250 et
467 1191 637 1272 crucifigite.
654 1187 736 1249 Unde
753 1185 844 1268 palam

101 1294 140 1337 est
161 1302 224 1340 eum
241 1282 331 1363 priora
356 1281 468 1340 illu'rum
487 1281 572 1341 lusori
595 1280 764 1340 concessisse.
781 1280 845 1359 Ego

68 1386 87 1431 ι)
102 1371 229 1447 nullam,
240 1373 341 1453 inquit,
354 1395 476 1435 caruem
485 1377 603 1434 invenio
613 1375 753 1434 adversm
767 1391 842 1431 eum.

51 1861 52 1897 z
144 1840 173 1895 9.
198 1838 387 1899 Animadverte
399 1853 465 1918 quot
484 1837 572 1898 modis
583 1837 670 1919 judex
692 1838 770 1898 illum
787 1860 850 1920 pur-

105 1943 157 2008 get,
172 1944 198 1990 et
216 1953 299 2011 quarn
323 1933 475 2012 frequenter
499 1930 611 1991 crimina
632 1933 788 2013 propulset3
805 1932 850 1991 sed

51 2053 52 2056 ¹
104 2043 182 2080 canes
198 2021 260 2082 illos
274 2023 345 2082 nihil
366 2037 486 2083 avertere
499 2022 597 2104 potuit.
612 2024 682 2082 Nam
700 2021 780 2100 illud,
789 2024 851 2082 Ac-

51 2144 52 2147 ¹
103 2117 190 2192 cipite
203 2127 232 2173 et
246 2116 417 2198 erucifigrfte,
429 2113 591 2173 lastidienus
604 2126 652 2190 est,
661 2127 687 2172 et
698 2112 735 2172 ad
747 2135 804 2173 rem
819 2112 852 2172 il-

103 2204 205 2263 licitam
220 2206 391 2287 impellentis.
403 2206 461 2289 lpsi
471 2206 564 2284 itaque
572 2204 710 2266 duxerunt
720 2205 809 2282 illum,
824 2219 855 2264 ut

51 2325 53 2334 ¹
105 2309 165 2375 post
183 2298 305 2377 praetoris
323 2297 460 2377 judicium
477 2296 529 2356 hoc
547 2296 624 2356 fieret
635 2320 641 2352 :
653 2310 744 2355 contre
764 2309 855 2356 autern

51 2393 52 2434 l
70 2399 89 2446 t:
104 2386 212 2465 accidit,
225 2402 255 2447 ut
278 2389 407 2448 sententia
424 2387 525 2468 judicis
550 2389 636 2468 magis
657 2387 851 2471 absolveretur.

51 2512 52 2516 ¹
104 2479 211 2539 Deinde
228 2481 376 2562 ignominia
394 2480 484 2540 affecti
505 2480 658 2541 dixerunt:
680 2481 710 2539 ⁷.
732 2482 794 2540 Nos
815 2481 855 2540 lc·

51 2614 53 2625 ·
103 2596 167 2653 gem
181 2576 333 2649 babemus,
352 2589 380 2635 et
390 2576 549 2636 secundum
562 2575 653 2656 legem
665 2587 796 2634 nostram
806 2573 857 2635 ele·v

51 2666 54 2712 i
106 2669 153 2725 bet
173 2670 256 2742 mori,
277 2672 349 2749 quia
363 2669 476 2730 Filium
491 2669 549 2726 Dei
568 2689 598 2726 se
610 2668 700 2749 jecit.
718 2667 775 2726 Cur
791 2686 855 2746 crgo
913 2684 915 2689 ’

51 2796 53 2815 .
106 2780 168 2819 cum
189 2760 278 2840 judex
298 2760 372 2820 dixit
398 2760 488 2837 vobis,
502 2758 638 2839 Accipite
653 2759 751 2831 illum,
765 2769 795 2818 et
811 2778 855 2816 se-

51 2879 53 2887 ·
107 2854 235 2913 cundem
246 2854 338 2932 legem
347 2865 476 2911 vestram
480 2850 624 2932 judicate,
640 2847 767 2908 dixistis:
787 2850 856 2908 Non

51 2918 175 3018 ·⁶i⁰licet
196 2946 280 3003 nobis
295 2944 458 3024 interjicere
472 2962 664 3024 quemquam,⁸
678 2939 724 2999 bic
744 2960 808 3001 veru
820 2940 855 3000 ad
990 3009 993 3015 ¹

51 3067 52 3072 ¹
107 3035 194 3114 legem
210 3033 420 3115 confugitisiEt
436 3032 573 3092 considera
587 3031 791 3091 accusationem.
804 3035 856 3091 Fi·
932 3024 934 3029 ¹

51 3171 53 3187 .
107 3129 180 3186 lium
203 3130 261 3186 Dei
283 3147 315 3186 se
324 3129 414 3208 feeit.
434 3127 475 3184 An
500 3124 552 3184 boc
578 3122 788 3200 criminandum,
811 3124 856 3184 dic

51 3242 53 3260 ’
106 3222 183 3300 mibi,
194 3221 267 3301 quod
282 3221 313 3297 is,
325 3222 373 3301 qui
389 3220 453 3282 Filii
468 3220 519 3280 Dei
535 3241 616 3302 opera
629 3219 856 3296 lacitseFilium
905 3250 909 3292 s
947 3240 956 3271 -'

51 3353 53 3364 ·
106 3317 155 3375 Dei
171 3316 265 3376 dicat?
277 3315 353 3388 Quid
367 3334 431 3394 ergo
451 3313 595 3374 Christus?
607 3313 669 3376 Illis
685 3312 745 3373 bec
759 3328 855 3373 mutuo

51 3436 52 3443 ¹
104 3409 275 3488 loquentibus
297 3408 415 3482 tacebat,
433 3406 503 3466 illud
527 3406 642 3488 implens
665 3405 854 3488 propheticum
897 3416 900 3421 '

51 3543 52 3548 =
103 3501 217 3578 dictum,
233 3503 302 3560 Non
324 3503 434 3580 operiet
458 3519 490 3558 os
508 3519 615 3567 suum?
638 3501 672 3576 in
685 3498 1004 3571 bumilitatelmt.53.7.

104 3615 159 3653 sua
176 3597 212 3653 de
224 3596 339 3676 judicio
357 3593 489 3654 sublatus
505 3605 558 3654 est.
573 3578 682 3659 Deinde
695 3589 799 3655 Pilatus
814 3590 852 3652 ti-
863 3574 886 3623 Β·

51 3764 52 3771 ¹
104 3706 169 3768 met,
186 3711 248 3749 cum
262 3689 297 3748 ab
312 3687 366 3748 illis
377 3686 495 3747 audisset
508 3684 583 3764 quod
595 3683 697 3747 Filium
707 3683 767 3759 Dei]
774 3688 852 3748 sede-

105 3785 179 3860 cerit,
191 3781 339 3843 formidans
355 3801 388 3839 ne
401 3778 430 3838 id
444 3777 517 3857 quod
540 3774 680 3836 dicebatur
700 3796 796 3839 verum
813 3800 855 3838 es-

51 3909 52 3917 ¹
105 3890 152 3953 set,
168 3890 194 3935 et
215 3876 272 3955 ipse
289 3872 427 3932 videretur
442 3871 533 3948 inique
548 3889 635 3947 agere.
650 3868 695 3928 llli
709 3889 773 3929 vero
789 3891 853 3928 cnm

51 3989 52 3996 ¹
105 3969 157 4027 hoc
172 3981 196 4026 et
211 3989 246 4025 en
265 3965 354 4025 verbis
376 3977 402 4022 et
421 3983 455 4021 ex
477 3960 603 4042 operibus
620 3959 786 4036 didicissent,
800 3981 852 4020 non

51 4079 52 4082 ’
105 4062 311 4135 exhorrescunt,
330 4055 377 4117 sed
399 4055 454 4114 illis
471 4075 532 4113 eum
551 4053 586 4112 de
605 4053 693 4112 causis
714 4052 851 4127 occidunt,

51 4174 53 4183 ·
72 4152 90 4197 Β
106 4153 204 4233 quibus
214 4151 325 4209 adorare
335 4147 491 4206 debuerant.
501 4145 565 4204 ldeo
576 4166 628 4204 non
642 4145 713 4203 ultra
723 4143 801 4203 illum
812 4144 854 4203 in-

51 4257 54 4296 ;
106 4258 232 4324 terrogat,
246 4242 324 4321 Quid
327 4243 453 4323 fecisti?
464 4236 512 4296 sed
521 4237 617 4297 timore
629 4250 765 4319 permotus
778 4257 794 4295 a
808 4258 854 4296 su-

51 4348 53 4388 ἰ
105 4336 277 4396 blimioribus
293 4330 527 4410 interrogationem
552 4342 629 4410 parat
648 4328 740 4389 dicens
754 4352 761 4387 t
776 4329 808 4389 Si
824 4342 854 4389 tu

51 4445 54 4471 ³
106 4452 135 4489 es
149 4424 301 4489 Christus?
311 4422 365 4486 Sed
377 4423 444 4481 nihil
455 4420 603 4502 respondit.
615 4421 686 4480 Nam
697 4420 744 4501 qui
758 4420 853 4481 audie-

108 4537 159 4593 rat,
173 4524 211 4580 ln
226 4523 280 4580 lzoc
300 4531 472 4587 natussum,
488 4528 516 4574 et
530 4515 571 4573 ad
580 4516 636 4574 boe
647 4518 732 4588 oeni,·
746 4528 783 4591 et,
799 4518 856 4576 Re-

51 4624 56 4657 *
104 4636 195 4696 gnum
211 4634 305 4672 meum
324 4630 384 4668 non
400 4621 443 4667 est
457 4609 537 4680 ltine,
552 4627 615 4665 cum
628 4603 765 4667 debuisset
784 4607 856 4667 obsi-

51 4715 57 4749 ³
108 4723 184 4781 stere,
200 4707 342 4787 ipsumque
358 4722 463 4779 cruere3
474 4699 503 4759 id
515 4719 569 4759 uon
579 4700 686 4775 lecerat,
698 4699 745 4759 sed
755 4698 857 4762 Juds'i-

51 4818 57 4827 '
110 4823 171 4861 cum
191 4801 321 4880 impetum
338 4807 467 4873 sequutus
483 4793 580 4852 fuerat.
598 4792 790 4874 Deincepsilli
804 4814 859 4851 un-

51 4932 58 4958 ,
110 4894 191 4973 dique
209 4888 347 4965 confutati,
362 4887 398 4946 ad
411 4885 554 4967 publicum
571 4884 671 4944 crimen
692 4884 860 4964 confugiunt,

51 5022 58 5030 -
112 4984 259 5044 ctdicunt:
278 4983 334 5060 Qui
349 4999 379 5039 se
394 4997 489 5058 regem
490 4978 584 5057 facit,
601 4976 775 5037 contradicit
799 4977 861 5033 Coe.
872 5001 894 5030 v.
911 4999 945 5028 ια,

673 5237 712 5295 :58
