3750 5940
299 431 369 501 880
1016 442 1151 491 sennis.

295 582 368 650 (uam
379 593 445 633 aure
458 571 582 631 certiores
600 583 663 630 sunt
678 582 757 628 testes
769 568 865 643 oeuli);
876 579 902 625 et
913 578 978 624 tuuc
991 586 1037 625 ve·
1092 567 1156 643 παρ’
1169 567 1243 642 ὑμῶν
1258 561 1421 641 (ἐπειδήπερ
1432 564 1483 633 τῆς
1495 562 1585 631 ἀκοῆς
1599 558 1795 639 ἀξιοπιστότεροι
1802 558 1846 641 ρᾶρ

295 669 383 715 strum
399 650 528 732 recipiam
545 649 657 708 dictum.
674 651 762 707 Omne
779 647 881 727 quippe
893 644 1037 704 verbuma
1091 666 1166 725 τυρις
1181 646 1205 703 ol
1224 642 1355 722 ὀφθαλμοί
1362 648 1382 717 ),
1395 641 1444 700 καὶ
1467 638 1533 699 τότε
1560 639 1610 697 τθν
1630 639 1755 718 ύμίτερυυ
1765 638 1848 736 {popu

295 734 376 793 rebus
390 731 457 811 ipsis
469 729 672 801 confirmatum,
686 726 809 786 ualidum
820 739 846 785 et
855 725 966 783 firmum
977 735 1035 799 est,
1091 722 1178 801 λόγον.
1192 720 1279 789 Ἅπας
1301 720 1352 802 γὰρ
1375 721 1455 800 λόγος
1477 716 1654 797 κεκτημένος
1677 718 1725 790 τὴν
1753 723 1799 777 deo
1815 724 1848 777 τῖε

294 812 337 871 sin
343 830 435 871 rerum
443 809 562 889 ipsanrm
571 806 773 866 confirmatione
778 804 913 885 privetur,
924 802 1039 862 inaniter
1090 800 1257 884 πραγμάτων
1268 799 1425 882 συνηγορίαν
1437 798 1555 878 ἰσχυρὸς
1568 796 1692 878 θπάρχει
1702 796 1746 855 καλ
1760 796 1850 875 βάθους

294 889 403 949 alabiis
414 888 442 947 in
455 908 544 945 aerem
556 884 730 944 diffunditur.
746 882 872 943 Doctoris
884 880 968 941 nostri
982 881 1037 940 mi·
1090 890 1165 939 σασα
1179 879 1208 939 δὲ
1219 879 1293 960 φωνή
1307 883 1355 950 τ’ής
1367 880 1421 939 ἀπὸ
1434 881 1492 936 τῶν
1505 878 1600 960 ἔργων
1615 875 1761 956 μαρτυρίας
1772 880 1852 971 iemps

294 969 386 1027 nacula
408 965 567 1025 hominibus
584 962 781 1045 praedicaturus
803 983 863 1021 sum
881 985 887 1018 ι
903 959 1037 1039 quomodo
1091 958 1175 1037 μάνη,
1189 958 1261 1019 ἔστιν
1279 957 1410 1032 ἐξίτηλος,
1429 960 1463 1025 ἐκ
1484 961 1543 1016 τῶν
1566 955 1686 1035 χειλίων
1705 960 1741 1023 εἰς
1758 957 1796 1014 τδν
1808 960 1853 1036 dap

294 1047 378 1126 igitur
387 1066 417 1104 ca
428 1066 488 1124 quac
500 1064 552 1102 non
566 1043 651 1102 oculis
660 1042 776 1123 percepi,
786 1040 876 1102 verbis
884 1040 1038 1120 proferam?
1090 1037 1215 1119 χεομίνη.
1233 1036 1332 1099 little
1350 1037 1496 1119 κηρύττειν
1508 1046 1572 1104 τοῖς
1587 1038 1640 1095 dot
1667 1034 1740 1101 ’ποις
1749 1042 1790 1094 τοῖῖ
1799 1035 1853 1094 διδα-

294 1123 430 1204 quomodo
450 1121 596 1181 incredulis
612 1142 643 1180 ea
663 1121 772 1183 credere
792 1118 925 1193 suadebo,
939 1119 1038 1197 quibus
1090 1118 1189 1177 cariloci
1203 1117 1238 1178 τά
1261 1116 1401 1195 θαύματα·
1414 1120 1477 1183 πῶς
1496 1107 1559 1190 σύν,
1578 1115 1638 1194 ἃμ
1669 1112 1854 1196 παρῖιαάαιεοῖς

294 1205 302 1262 i
323 1226 353 1263 se
374 1224 427 1263 non
447 1200 541 1261 adsui?
558 1199 693 1279 quomodo
716 1198 819 1262 ludaeis
840 1218 872 1258 ac
893 1198 1039 1289 gentilibus
1090 1196 1251 1277 όρθαλμοῖς,
1265 1194 1518 1275 ταῦτατοῖςλόγοις
1534 1193 1853 1267 ἐξείπωςπῶςτείσυτολ

293 1226 403 1343 ilicum:
418 1280 589 1339 Crucifixum
607 1278 756 1338 Dominum
772 1299 863 1337 mcum
883 1276 951 1345 vuli,
963 1298 1037 1336 αεειι-
1089 1267 1435 1346 dementationum<
1453 1272 1519 1334 ούτε
1533 1275 1621 1340 αὐτὸς
1638 1273 1707 1340 τίσις
1720 1272 1853 1353 περηεσλαί

293 1362 420 1421 scitatum
437 1379 490 1417 nun
511 1358 588 1432 vidi,
602 1357 649 1416 scd
666 1357 703 1416 ab
718 1357 780 1416 aliis
801 1356 919 1415 audivi?
936 1355 1037 1435 Ecquis
1088 1357 1239 1427 θησαςπῶς
1251 1354 1318 1414 είπω
1329 1365 1384 1423 τοῖς
1396 1353 1549 1419 Ἰωδαίοις
1559 1352 1611 1413 καί
1621 1363 1679 1420 τοῖς
1692 1350 1854 1423 'mnemia

294 1440 352 1499 θαι
365 1440 500 1499 dicentem
519 1458 571 1496 non
587 1435 732 1496 irridebit?
745 1435 807 1514 quis
821 1434 1036 1516 praedicationem
1088 1456 1155 1493 σταυ
1192 1432 1282 1512 ’μενον
1294 1431 1338 1492 τθν
1350 1434 1413 1512 ίμδν
1425 1435 1580 1505 Δεσττύτην
1590 1430 1741 1511 τεθέαμαι,
1753 1431 1852 1491 martir

292 1539 346 1578 non
367 1517 494 1598 respuet?
507 1515 589 1574 uliud
602 1529 642 1574 est
654 1514 804 1587 audivisse,
818 1514 894 1573 aliud
912 1514 1034 1574 vidisse:
1052 1524 1072 1572 c
1088 1534 1122 1570 τοι
1135 1514 1151 1572 δ
1176 1517 1223 1573 οὐκ
1236 1504 1314 1587 εἶδον,
1327 1515 1385 1572 ἀλλ’
1397 1512 1528 1584 ἤκουσας
1542 1512 1605 1571 Καὶ
1617 1512 1661 1577 τίς
1673 1515 1705 1570 αδ
1717 1510 1810 1588 γελάσιι
1820 1534 1853 1587 μοι

293 1598 369 1655 aliud
389 1596 472 1657 verba
491 1595 641 1676 percipere,
660 1592 735 1653 aliud
750 1593 843 1654 videre
861 1607 887 1652 et
907 1593 1034 1674 experiri.
1087 1589 1136 1663 τήν
1156 1591 1262 1674 φωνήν,
1281 1590 1321 1659 τίς
1340 1593 1371 1651 σύ
1390 1588 1544 1651 διαπτιίσεε
1563 1590 1599 1648 τθ
1618 1591 1745 1669 κήρυγμα
1751 1612 1761 1665 3
1772 1588 1852 1670 Ἕτερα

293 1674 357 1767 llaec
366 1689 391 1734 et
406 1674 506 1734 similia
524 1694 586 1732 eum
607 1672 767 1753 coapostolis
788 1672 890 1763 diceret
904 1674 1034 1765 Thomas,
1087 1670 1219 1809 bizim
1231 1670 1366 1806 άκοὴγκαλ
1376 1670 1469 1750 ίτερον
1479 1670 1562 1749 dbis,
1574 1670 1626 1769 καὶ
1637 1670 1727 1769 ἕτερόν
1736 1671 1852 1769 lcpldpn

293 1750 1036 1920 thtllnssbffilltlffirdlsslllljllli
1089 1748 1304 1902 rablai
1316 1749 1428 1889 ,55:52
1443 1754 1852 1907 ,titillabat

292 1933 325 1971 eo
335 1911 416 1971 modo
427 1911 562 2001 ingressus
572 1922 625 1987 est,
635 1931 689 1988 quo
701 1923 776 1970 novit
787 1910 876 1990 ipsum
887 1911 976 1969 sulum
985 1911 1036 1970 Dei
1088 1908 1231 1986 λεγομένω
1245 1912 1292 1969 τοῦ
1307 1910 1414 1985 emper,
1431 1909 1550 1978 εἰσῆλθε
1570 1908 1660 1968 πάλιν
1674 1912 1690 1968 θ
1702 1907 1796 1979 Ἰηοοδς
1808 1906 1852 1985 τρίς

293 1991 425 2055 Verbum.
438 1992 513 2049 Sicut
523 1989 667 2049 enimcum
675 2003 811 2059 natusest,
820 1989 985 2068 virginitatis
991 1991 1037 2071 ja·
1088 1984 1148 2052 tob<
1161 1986 1291 2066 μαθητάς,
1306 1985 1506 2065 κεκλεισμένων
1522 1991 1584 2047 τῶν
1604 1991 1705 2066 θυριῗιν.
1726 1988 1852 2057 Είσήλθιιί

291 2091 359 2129 uuas
379 2067 683 2144 nontaesit,sice1iam
703 2068 773 2127 intra
791 2068 902 2127 domum
916 2082 1036 2149 repimus
1089 2063 1154 2146 θύρα
1173 2071 1222 2138 τῆς
1234 2068 1304 2137 ζωῆς
1317 2067 1361 2127 διὰ
1374 2069 1429 2125 τῶν
1451 2066 1667 2145 κεκλεισμένων
1686 2068 1852 2167 baptismata]

290 2163 344 2226 est,
356 2163 382 2208 et
397 2150 514 2208 claustra
525 2168 580 2207 non
596 2146 685 2227 [regit.
702 2150 742 2207 dc
757 2168 860 2223 mrsus,
877 2161 907 2207 ut
922 2148 990 2208 exiit
1002 2170 1049 2208 ex.
1089 2148 1142 2220 θεν,
1154 2148 1191 2214 ὡς
1209 2137 1278 2206 οἶδεν
1295 2146 1371 2215 αιίτδς
1385 2143 1497 2223 μόνοςθ
1512 2147 1594 2212 Θεδς
1608 2144 1707 2225 Λόγος.
1728 2143 1853 2225 Ωσπιργίρ

292 2228 417 2309 sepulcro
430 2228 520 2287 clauso
531 2240 557 2285 et
570 2226 727 2305 obsignato,
743 2226 782 2285 sic
796 2226 930 2306 ingressus
943 2241 983 2287 est
988 2229 1035 2320 ja·
1088 2224 1230 2303 ίγεννήθη,
1241 2225 1287 2284 καί
1297 2225 1344 2294 τὰς
1360 2224 1449 2291 πίλοις
1462 2229 1516 2297 τῆς
1531 2226 1687 2307 παρθενίας
1697 2226 1744 2285 oba
1755 2224 1852 2305 ἔρθειριι,

291 2308 353 2366 uuis
364 2307 471 2366 clausis.
486 2309 625 2385 ingressus
638 2328 669 2365 eo
680 2320 719 2364 est
730 2326 820 2382 carne,
838 2306 884 2365 ubi
897 2320 954 2368 crat
965 2307 1037 2368 drvi·
1088 2302 1156 2363 ούτω
1169 2305 1214 2364 καί
1229 2305 1301 2372 torte
1313 2309 1360 2377 τῆς
1369 2303 1458 2372 οἰκίας
1468 2304 1594 2385 εὑρέθη,
1609 2305 1660 2364 καὶ
1673 2304 1710 2364 sd
1721 2305 1853 2386 κλειθρεοίι

291 2386 417 2457 nitate,et
427 2387 586 2467 januasnon
599 2384 713 2466 aperuit.
724 2384 823 2445 Voluit
834 2386 916 2459 enim,
927 2400 953 2446 ct
967 2386 1036 2447 nihil
1088 2382 1230 2444 άνίσπασε.
1244 2384 1297 2443 Καὶ
1316 2384 1409 2455 πάλιν,
1424 2381 1527 2464 ὥσπερ
1542 2384 1660 2457 ἐξῆλθεν
1674 2387 1705 2445 δι
1717 2390 1762 2443 τοῦ
1777 2386 1853 2443 καίει·

292 2464 438 2546 impodivit
457 2489 463 2522 ε
482 2464 579 2536 voluit,
599 2478 625 2523 et
646 2463 736 2523 omnia
760 2479 972 2525 concurrerunt:
986 2488 1036 2527 vo·
1087 2462 1183 2539 σμίνου
1198 2463 1244 2522 καί
1255 2461 1469 2544 ἐσρραγισμίνου
1493 2464 1608 2545 τάφου,
1623 2462 1712 2531 σύτως
1724 2462 1853 2534 εἰσήλθιναὶ

291 2543 353 2619 luit,
363 2559 388 2604 ct
400 2557 521 2603 creatura
533 2542 585 2623 ipsi
595 2542 631 2602 ob
679 2556 744 2601 ιιιιῑιε
754 2556 793 2602 est
808 2567 815 2599 ε
828 2543 961 2604 voluntati
977 2547 1036 2626 ejus
1054 2544 1139 2611 τιτῶν
1164 2546 1249 2623 θυρῶν
1267 2541 1476 2621 κεκλεισμένων.
1495 2544 1628 2615 Είσῆλθε
1649 2547 1686 2623 τῇ
1705 2543 1793 2625 σαρκὶ,
1807 2540 1854 2600 itu

292 2624 383 2683 omnia
396 2636 597 2695 concurrerunt,
611 2564 683 2700 quiid
697 2643 760 2681 vere
773 2623 848 2682 Deus
860 2638 936 2684 essct.
950 2624 996 2684 Sic
1009 2640 1035 2686 et
1086 2611 1120 2693 lt
1133 2622 1251 2696 θεότητι,
1265 2621 1312 2681 καὶ
1330 2620 1378 2689 τὰς
1392 2620 1477 2720 θύρας
1491 2625 1547 2682 οὒκ
1565 2622 1744 2683 &testitum-
1753 2622 1853 2691 'filli-'et

291 2703 426 2783 generatio
434 2703 493 2783 ejus
503 2722 610 2760 omnem
620 2722 770 2761 sermonem
778 2715 896 2782 superat,
908 2717 935 2762 et
944 2704 1035 2765 exitus
1085 2699 1136 2839 γθρ
1145 2747 1153 2776 ,
1163 2702 1209 2761 καί
1222 2701 1253 2760 τδ
1264 2700 1364 2761 κωλύοι
1377 2701 1471 2761 σύδεν·
1487 2701 1633 2775 ἠθέλησε,
1647 2703 1695 2761 καὶ
1709 2701 1789 2761 πάντα
1802 2698 1853 2759 eui·

291 2803 326 2841 ex
339 2794 512 2841 monumento
534 2793 651 2839 mentem
672 2801 779 2839 umnem
795 2782 969 2859 transcendit,
992 2784 1033 2843 in·
1104 2803 1200 2862 ραμεν·
1213 2780 1340 2853 ἠθέλησε,
1356 2778 1433 2853 καὶὴ
1452 2781 1548 2849 κτίσις
1563 2782 1743 2862 θπούργηοε,
1756 2780 1854 2860 mun,

310 2882 452 2940 ressusque
463 2860 523 2941 ejus
533 2858 569 2919 ad
578 2858 727 2939 discipulos
739 2860 884 2920 ineffabilis
898 2862 1033 2924 inenarra·
1086 2861 1216 2940 θελήματι
1227 2864 1305 2921 αύτοῖ
1319 2860 1406 2921 πάντα
1417 2860 1583 2941 συνέδραμε
1595 2865 1665 2922 Θεαῖε
1673 2862 1730 2921 ὄντι
1743 2857 1853 2937 καὶθτάρ-

290 2882 468 3019 bilisqueest.
484 2936 569 3013 Quod
602 2937 694 2997 uidem
710 2937 846 3019 ingressus
859 2941 893 2999 sit
905 2940 941 3000 ad
952 2941 1033 3002 disei-
1085 2961 1169 3020 χοντι.
1184 2937 1266 2999 Οθτω
1275 2939 1321 2998 καί
1334 2944 1352 3012 ἡ
1366 2940 1492 3018 γέννησις
1505 2943 1596 3000 αὐτοῦ
1610 2922 1704 3001 πάντα
1718 2940 1852 3020 λόγοινιεή,

290 3020 438 3102 pulos,hoc
443 3016 553 3099 quidem
560 2959 749 3077 edoctussum:
757 3018 1035 3101 quomodoiugressus
1086 3018 1159 3092 καλή
1171 3026 1217 3080 τοῦ
1229 3019 1365 3098 μνήματος
1377 3016 1466 3085 liudo<
1475 3018 1648 3102 θπερύαίνει
1657 3029 1746 3080 πᾶσαν
1755 3018 1853 3090 διάνοιαι,

290 3099 339 3175 sit,
353 3097 474 3159 nondum
492 3096 589 3157 didici.
610 3096 693 3171 Quod
708 3119 761 3157 non
781 3099 838 3180 ipsc
856 3101 973 3181 percepi,
987 3123 1035 3162 noc
1086 3098 1164 3174 καλή
1185 3098 1251 3178 πρὸς
1271 3097 1330 3165 rob<
1349 3097 1474 3176 μαθητλς
1498 3102 1589 3159 αὐτοῦ
1612 3099 1718 3166 εἴσοδος
1735 3095 1853 3198 ἀπόρρητόν

290 3179 379 3237 dicere
391 3176 487 3237 audeo.
502 3176 576 3235 Eum
594 3176 641 3253 qui
656 3175 792 3257 ingressus
807 3193 846 3237 est
864 3178 980 3257 celebro,
993 3181 1034 3241 in·
1087 3179 1200 3237 ἐστικαὶ
1211 3176 1474 3277 άνίκρραστσς.“οτι
1487 3177 1542 3255 μὲν
1557 3177 1613 3260 γάρ
1629 3174 1852 3260 εἰσήλθεπρατνθε

291 3280 397 3335 gressus
409 3256 520 3315 modum
530 3278 583 3314 non
594 3255 699 3315 curiose
710 3257 814 3335 inquiro
826 3281 833 3314 ε
847 3258 964 3338 praedico
975 3282 1034 3342 my·
1087 3257 1223 3335 μαθητάς,
1235 3258 1404 3336 δεδίοαγιεαι·
1421 3257 1453 3316 τθ
1467 3256 1498 3316 δὲ
1510 3261 1574 3324 πῶς
1589 3261 1725 3329 εἰσῆλθεν,
1734 3258 1809 3316 οὗκέτι
1818 3279 1852 3332 με·

291 3338 417 3405 sterium,
437 3357 484 3395 nec
505 3336 611 3473 explico
627 3334 699 3415 quod
717 3336 846 3415 explicare
870 3338 962 3417 nequit
977 3364 984 3397 :
998 3342 1034 3399 si·
1086 3336 1210 3438 μάθηκα·
1232 3337 1246 3397 θ
1269 3338 1301 3408 δὴ
1319 3316 1357 3415 μή
1377 3335 1551 3415 ταρίλαὸον,
1577 3338 1644 3397 οὔτε
1671 3337 1756 3416 λέγειν
1777 3339 1851 3411 :elpis

292 3438 376 3496 grum
397 3414 499 3474 editum
516 3436 531 3472 a
553 3435 651 3489 meror,
665 3414 799 3493 ‹promodo
818 3418 917 3476 ductum
933 3419 1033 3479 sitnon
1096 3419 1178 3496 Υμνῶ
1192 3417 1236 3476 τὸν
1251 3415 1417 3487 εἰσελθόντα,
1431 3420 1462 3476 οὗ
1475 3418 1710 3499 πολυπραγμονῶ
1722 3423 1767 3489 τῆς
1776 3416 1851 3475 siem

292 3515 384 3573 quaero
403 3517 410 3550 :
429 3493 462 3551 iis
476 3515 537 3571 quae
552 3492 651 3571 scripta
667 3506 730 3552 sunt
750 3495 841 3569 credo,
863 3516 911 3555 nec
930 3498 1035 3558 curiose
1086 3495 1131 3555 τθν
1142 3496 1250 3577 τρόπον·
1266 3496 1386 3577 κηρύττω
1399 3495 1431 3554 τὸ
1445 3495 1619 3578 μυστήριον,
1633 3500 1688 3576 οὐχ
1702 3494 1850 3576 Eppuleiae

291 3574 416 3654 exploro,
441 3585 466 3630 et
489 3572 603 3630 salutem
624 3592 779 3650 consequor.
799 3574 916 3633 Auditor
953 3577 1035 3668 uippe
1088 3576 1292 3658 άνεριιήνευτον·
1309 3574 1850 3653 θαυμάζωτὸγεγενημνονσημῖονᾲἷιι

291 3674 352 3711 sum
366 3650 557 3710 miraculorum
574 3650 702 3722 Domini,
716 3671 769 3709 non
786 3666 876 3711 autem
891 3654 918 3712 in
931 3598 1033 3718 ilivtnis
1086 3655 1143 3735 δθγ
1187 3679 1238 3730 νεν,
1250 3657 1279 3715 οὗ
1291 3659 1377 3725 ζητῶ·
1390 3653 1516 3713 πιστεύω
1530 3664 1589 3723 τοῖς
1603 3656 1794 3738 γεγραμμένος
1802 3657 1849 3712 εἴτε·

291 3732 346 3791 illis
364 3731 563 3813 operationibus
587 3744 709 3789 versatus
723 3742 801 3789 ‘sum
818 3731 854 3791 Et
870 3732 893 3792 si
911 3734 971 3812 quis
985 3737 1035 3796 Ju·
1105 3734 1211 3816 ιίργως,
1228 3735 1273 3793 καί
1285 3735 1413 3811 σώζομαι.
1426 3732 1580 3835 Ἀκροατλς
1595 3735 1653 3818 γάρ
1667 3738 1724 3813 εἰμι
1738 3733 1850 3810 θωμάσαι

290 3810 412 3871 duorum
429 3810 531 3870 dixerit
554 3809 622 3868 milri
635 3833 642 3865 ε
657 3811 710 3869 Res
731 3832 841 3891 prorsus
862 3811 1035 3874 incredibiles
1087 3758 1258 3887 θεοποτικῶν,
1280 3817 1327 3872 οὐκ
1347 3813 1402 3890 εἰμὶ
1424 3811 1452 3872 δὲ
1467 3814 1618 3888 διαιτητής
1643 3814 1721 3874 θείων
1733 3814 1850 3892 ἐνεργειιῖει.

291 3892 424 3973 praedicas
434 3904 460 3950 ct
470 3889 664 3970 impossibiles3
676 3889 812 3967 quomodo
822 3890 1036 3974 potuitcorporis
1055 3908 1072 3954 e
1088 3894 1145 3952 ίίοίν
1157 3918 1197 3962 τις
1209 3897 1262 3951 τῶν
1275 3892 1409 3952 Ἰουδαίων
1433 3890 1498 3971 είπη
1514 3895 1584 3974 πρός
1612 3917 1665 3971 με,
1685 3893 1803 3972 ἀμήχανε
1818 3889 1851 3947 zai

292 3972 376 4030 moles
389 3970 480 4050 januis
501 3969 599 4028 clausis
614 3969 732 4028 intrare?
751 3968 840 4027 dicam
857 3985 884 4030 ct
903 3992 952 4051 ego
971 3973 1033 4031 illi:
1087 3972 1147 4041 ξένα
1161 3971 1296 4051 κηρύττεις
1306 3970 1352 4030 καὶ
1361 3974 1500 4037 παντελῶς
1513 3972 1622 4032 ἄπιστα
1634 3974 1792 4053 πράγματα·
1810 3973 1851 4034 ait

142 4061 230 4117 θοαί.
241 4061 281 4108 32.
291 4049 434 4124 Quomodo
447 4048 535 4129 potuit
548 4048 724 4106 Habacucum
742 4049 854 4128 angelus
865 4049 995 4111 deducere
1008 4053 1034 4112 in
1085 4051 1138 4132 γθιρ
1151 4053 1264 4123 ήδύνατο
1279 4049 1522 4129 διακεκλεισμίνων
1537 4057 1629 4134 θυρῶν
1644 4059 1726 4131 σῶμα
1739 4052 1850 4129 παρελθεῖν

291 4131 379 4190 lacum
399 4128 517 4201 leonum,
532 4139 558 4185 et
571 4149 680 4186 rursum
700 4126 763 4186 inde
785 4127 923 4205 reducere,
939 4145 965 4190 et
988 4154 1035 4212 ap·
1086 4131 1214 4212 δγκηρόν,
1228 4134 1280 4211 ἐρῶ
1294 4130 1370 4208 κάγὼ
1389 4131 1455 4209 πρὸς
1466 4130 1568 4199 αὐτὸν,
1579 4134 1644 4198 πῶς
1663 4131 1775 4204 ἠδυνήθη
1788 4129 1850 4207 ipp-

290 4209 376 4290 posita
391 4209 412 4266 si
434 4207 529 4267 nacula
543 4206 619 4265 salva
632 4221 658 4266 et
670 4206 771 4283 integra
787 4206 959 4286 relinquere?
972 4213 1034 4271 Ser·
1083 4212 1129 4278 λος
1139 4218 1298 4291 καταγαγεῖν
1309 4209 1353 4268 τὸν
1364 4208 1524 4286 ’submotu
1536 4213 1576 4276 είς
1590 4210 1641 4269 τθν
1652 4213 1751 4273 λάκκον
1761 4212 1805 4267 τῶν
1815 4210 1850 4265 λε·

291 4230 433 4366 vusquod
447 4285 535 4347 voluit
553 4286 655 4357 effecit,
671 4299 697 4344 ct
717 4285 849 4345 Dominus
862 4308 914 4346 non
928 4289 1033 4369 potuit,
1084 4289 1176 4362 όντων,
1202 4290 1247 4348 καὶ
1271 4289 1352 4349 πολιν
1374 4291 1532 4367 ἀναγαγεῖν,
1558 4289 1610 4349 καὶ
1636 4292 1687 4359 τὰς
1710 4289 1849 4363 ἐπικειμένη

291 4380 321 4425 ut
331 4367 384 4427 sibi
397 4363 763 4445 placuitiQucmadmodum
774 4386 836 4444 crgo
848 4365 917 4424 illud
927 4370 1032 4428 volente
1084 4370 1229 4449 σφραγῖδας
1262 4368 1333 4435 σώοις
1361 4368 1406 4427 καὶ
1439 4369 1602 4447 ἐρρωμένοις
1643 4372 1807 4433 καταλιπεῖις
1825 4365 1849 4423 '0

291 4447 348 4505 Deo
367 4446 470 4502 laetum
490 4457 541 4519 est,
558 4445 595 4502 ita
616 4458 642 4503 et
662 4444 713 4502 lroc
731 4445 837 4503 volente
853 4447 910 4504 Deo
927 4449 1030 4522 Verbo,
1085 4448 1189 4522 δοῦλος,
1203 4450 1268 4530 ὅπερ
1282 4448 1422 4520 ἠθέλησεν,
1443 4446 1573 4521 ἐποίησε,
1588 4448 1640 4507 καί
1655 4456 1670 4509 θ
1683 4447 1849 4517 menonem

290 4525 337 4603 qui
351 4524 431 4581 homo
442 4524 528 4581 factus
541 4537 590 4593 cst,
607 4523 756 4603 perlectum
769 4524 829 4582 suit.
845 4525 984 4602 Ingressus
994 4543 1034 4587 est
1083 4527 1201 4607 ἴσχυσεν,
1223 4528 1288 4609 ὅπερ
1305 4525 1464 4600 ηὐδόκησεν,
1477 4525 1595 4607 Ὥσπερ
1608 4518 1657 4587 οὖν
1672 4534 1755 4591 ἐκεῖνο
1767 4523 1850 4605 γενὲιη·

289 4625 353 4683 ergo
365 4602 401 4661 ad
414 4601 562 4680 discipulos
575 4623 636 4660 suos
649 4602 786 4673 Servatur,
803 4617 834 4660 ut
849 4603 902 4661 sihi
915 4605 1030 4684 placuit,
1082 4595 1129 4666 eui
1148 4605 1318 4685 βουληθέντος
1337 4609 1425 4671 Θεοῦ,
1442 4603 1514 4663 οὕτω
1530 4607 1579 4664 καὶ
1602 4616 1687 4669 τοῦτο
1706 4608 1849 4686 πέπρακται,

289 4698 316 4743 ct
325 4683 397 4742 stetit
408 4680 435 4739 in
447 4680 544 4752 medio,
555 4693 585 4738 ut
594 4680 784 4760 omnibuspari
795 4681 875 4740 modo
882 4701 1031 4764 appareret,
1082 4691 1127 4744 τοῦ
1152 4685 1399 4766 ἐνανθρωιτήσαντος
1419 4682 1508 4763 Λόγου
1523 4687 1600 4745 Θεοῦ
1622 4688 1786 4760 θελήσαντος.
1800 4684 1847 4741 ete

135 4784 250 4831 aarum,
288 4761 645 4823 etdixiteisdmxvoots.
662 4761 721 4817 Pax
735 4761 887 4833 enimsum,
901 4778 1030 4843 etpacem
1082 4766 1146 4837 ἦλθε
1167 4764 1253 4824 τοίνυν
1277 4760 1412 4845 πρδςτοθς
1425 4765 1524 4822 ἑαυτοῦ
1539 4767 1688 4842 μαθητὰς,
1707 4773 1741 4833 ὡς
1758 4762 1847 4837 ηθίὰτ-

137 4847 173 4887 nu.
287 4841 322 4902 du
335 4840 422 4903 vobis.
444 4837 526 4912 Quod
541 4859 610 4912 sum,
625 4837 653 4895 id
665 4838 708 4897 do.
725 4840 782 4898 Pax
797 4841 853 4898 lraee
866 4864 959 4901 omnes
973 4844 1136 4918 ini-mxcv,
1154 4849 1168 4903 θ
1189 4842 1304 4923 Σωτήρ,
1327 4843 1372 4901 καὶ
1399 4840 1464 4914 ἔστη
1487 4846 1528 4909 εἰς
1553 4845 1585 4903 τὸ
1613 4846 1709 4924 μέσον,
1732 4846 1846 4903 aaran

287 4922 370 4980 inicos
396 4918 520 4998 subjiciet
544 4917 596 4974 sub
618 4917 734 4995 pedihus
760 4920 856 4978 vestris
872 4945 878 4976 :
894 4942 949 5002 pax
973 4923 1030 4982 haec
1048 4934 1064 4976 tt
1081 4924 1178 5001 ὁμοίως
1192 4927 1276 5003 ρανῇ,
1294 4922 1339 4980 καὶ
1354 4913 1426 4980 εἶπεν
1437 4924 1530 4988 αὐτοῖς
1542 4948 1548 4958 ·
1561 4925 1676 5002 Εἰρήνη
1690 4930 1758 5004 ὑμῖν.
1769 4922 1844 4998 Εἰρήνη

285 5021 376 5061 omnes
391 4997 594 5079 principatuset
605 5009 747 5074 potestates
763 4998 886 5057 subditas
900 5000 977 5060 vobis
990 5003 1029 5061 sa—
1080 5001 1132 5082 γάρ
1147 5005 1218 5078 είμι,
1237 5001 1283 5061 καί
1302 4999 1407 5082 εἰρήνην
1422 5000 1574 5080 χαρίζομαι
1599 5009 1676 5083 ύμῖν.
1701 5006 1737 5064 Ὅ
1750 5000 1842 5079 πέρναι·

283 5081 335 5139 ciet
347 5103 353 5135 :
365 5100 419 5158 pax
437 5077 494 5135 luec
509 5089 600 5134 contra
620 5088 705 5132 toturn
723 5076 814 5134 orbem
829 5091 960 5159 tropaeum
977 5081 1029 5139 eri·
1079 5086 1158 5140 τοῦτο
1177 5079 1222 5139 καί
1236 5081 1343 5157 δίδωμι.
1359 5078 1434 5152 Αύτη
1449 5086 1466 5151 ί,
1482 5083 1580 5161 εἰρήνη
1596 5085 1704 5149 πάντας
1717 5080 1772 5146 τούς
1782 5079 1842 5134 τοδε·

282 5172 334 5233 get.
348 5156 444 5218 Gavisi
467 5171 529 5214 suut
550 5154 761 5232 ergodiscipuli,
783 5176 844 5213 euru
860 5158 969 5217 Domini
985 5162 1027 5217 sui
1080 5162 1155 5236 μίους
1175 5160 1299 5229 ὑποτάξει
1319 5168 1373 5226 τοῖς
1393 5159 1536 5240 ὑμετέροις
1557 5161 1655 5221 ποσίν·
1673 5156 1838 5234 adalaudo

280 5240 365 5296 lorum
380 5250 403 5296 et
415 5257 479 5295 voce
495 5236 593 5294 iurum
608 5234 775 5305 fruerentur,
788 5248 813 5291 et
829 5236 965 5297 'llummm
982 5262 1027 5297 ctr-
1079 5239 1126 5306 τθις
1140 5238 1225 5318 άρχδις
1237 5239 1282 5298 καί
1299 5237 1345 5305 tle
1358 5237 1475 5306 ἐξουσίας
1487 5241 1600 5307 ποιήσει
1615 5242 1709 5301 δούλας
1720 5242 1795 5315 ὑμῶν·
1805 5234 1837 5289 αἱ·
