3750 5940
61 454 164 504 tonitr
189 455 235 504 nn
261 456 349 506 stou.
828 434 899 530 749

61 602 106 639 ooo
159 578 213 638 ritu
228 592 380 640 contextam
394 580 509 672 largitus
522 592 561 639 cst
573 578 699 639 :arefecit
716 577 838 638 ficulneae
853 577 898 636 lo·

160 657 208 731 lia,
223 672 249 716 et
261 659 380 718 restituit
396 658 447 718 tibi
464 658 561 719 anime
581 680 595 718 s
629 658 675 719 lia.
686 658 819 731 Quanam
832 677 898 738 spo·

160 736 516 819 lialQuibusteserpensin
564 759 593 797 ra
616 737 900 819 'sospoliavitaequu-

160 817 213 875 lem
225 817 328 896 angelis
349 817 444 896 vitam,
460 760 579 899 paradisi
595 817 716 891 delicias,
729 816 825 877 molam
844 815 900 875 im-

161 897 342 957 mortalitatis.

61 976 104 1056 lp,
200 978 229 1035 2.
241 978 345 1037 Verum
355 976 391 1036 ad
399 977 533 1058 parabolae
542 978 903 1059 caputrcuertamur.Manc

61 1079 103 1116 zoe.
159 1053 303 1133 siquidem,
318 1057 416 1135 inquit,
432 1070 579 1118 reuertens
589 1060 676 1119 lesus
694 1061 727 1115 in
740 1059 900 1127 civitatem,

61 1143 104 1207 εῖν,
160 1139 269 1194 esuriit.
289 1137 391 1208 Mane,
409 1150 553 1217 postquam
574 1137 673 1196 erroris
692 1157 747 1196 uox
767 1135 904 1216 preterie-

61 1238 106 1294 γος
160 1227 219 1290 rat,
238 1227 264 1272 et
286 1213 440 1274 diluculum
464 1216 590 1276 Christus
612 1214 714 1276 mundo
737 1214 840 1275 lumine
859 1234 904 1273 re-

61 1316 106 1373 esp
161 1293 332 1352 surrectionis
345 1293 472 1354 illuxerat
487 1319 494 1352 ε
508 1296 662 1356 diluculum
674 1295 748 1355 enim
762 1307 801 1354 est
817 1292 903 1355 chri-

61 1397 106 1450 μεν
161 1387 228 1449 stus,
241 1387 322 1453 prout
340 1373 379 1432 ait
397 1374 545 1455 propheta:
559 1377 652 1454 Quasi
670 1375 834 1435 diluculum
845 1395 904 1454 pa-
916 1391 974 1435 Osee
994 1387 1042 1435 6.3

62 1451 106 1510 τὸν
161 1465 260 1510 rutum
275 1456 440 1514 invenimus
453 1476 528 1514 eum.
543 1457 636 1514 Mane
648 1466 795 1515 revertens
808 1455 903 1514 lesus.

61 1536 106 1590 τοῦ
163 1533 255 1604 Mane,
270 1552 333 1591 cum
353 1547 466 1593 mortem
488 1533 610 1593 tenebras
631 1535 801 1596 invehentem
820 1532 904 1592 Chri-

61 1633 106 1669 uo-
162 1623 220 1668 stus
238 1611 299 1670 luce
316 1612 408 1691 glorie
430 1610 588 1686 delevisset,
606 1627 633 1673 ct
653 1613 738 1674 radiis
756 1612 846 1672 aurcis
865 1613 906 1672 sul

61 1715 107 1749 rou
159 1688 272 1767 justitiae
299 1691 327 1749 in
350 1691 531 1751 obtenebratis
551 1692 691 1754 homiuum
712 1692 841 1752 cordibus
859 1712 905 1750 re-

61 1769 109 1847 μὰς
126 1768 145 1816 C
165 1768 405 1849 fulsissetsmane,
425 1791 487 1830 cum
507 1772 621 1831 calentes
642 1771 794 1831 divinitatis
816 1769 907 1830 radios

61 1849 107 1925 ui·
162 1848 332 1927 diffudisset,
356 1864 383 1909 ct
405 1864 511 1910 enectas
534 1851 659 1911 animosa
672 1851 783 1911 diabolo
809 1850 906 1910 calesc-

61 1964 65 1985 ι
164 1927 242 1986 cisset
257 1951 263 1984 :
278 1931 346 1988 Non
361 1943 403 1989 est
412 1935 489 1989 enim
498 1934 549 2010 qui
558 1951 590 1990 se
603 1932 765 1991 abscondat
778 1930 1057 2007 oculoret’iat.18.7.

164 2011 236 2088 ejus.
247 2008 269 2067 F
271 2008 438 2087 rigidissimo
458 2031 575 2088 namque
590 2025 700 2091 peccato
717 2009 842 2069 diabdus
855 2009 907 2068 ho-

164 2087 268 2145 minum
278 2088 360 2147 corda
372 2090 502 2150 enecavit.
515 2090 697 2162 Quamobrem
705 2103 832 2170 precatur
842 2110 907 2169 pm-

94 2203 109 2212 ·
163 2165 253 2246 pheta,
261 2167 352 2226 dicens
369 2191 376 2223 =
396 2171 455 2228 Ure
472 2189 555 2228 renes
575 2188 663 2241 meos,
683 2182 711 2228 et
730 2189 782 2229 eor
801 2175 1056 2228 meum.Psat·2⁵-¹·

61 2255 64 2300 ῐ
163 2245 303 2323 Siquidem
315 2247 568 2329 irigoreimpictatis
576 2249 695 2308 bumana
709 2261 805 2308 natura
818 2247 908 2308 omnis

61 2330 66 2384 Ξ
89 2326 109 2371 ’-
163 2325 306 2384 constricta
324 2340 389 2385 erut.
404 2327 468 2386 ldeo
487 2327 625 2409 prophetae
644 2348 737 2387 omnes
748 2348 804 2387 uno
816 2327 908 2387 animo

61 2436 64 2460 t
163 2405 443 2483 Deumobsecrabant,
453 2406 588 2467 dicentes:
601 2409 754 2479 Converte,
766 2408 904 2482 Domine,
920 2424 983 2471 tuat.
1003 2421 1057 2470 125.

163 2489 364 2564 captivitatem
375 2500 516 2559 nostram,
524 2491 600 2546 sicut
614 2500 727 2547 torrens
736 2491 769 2545 iu
782 2498 883 2547 austro
894 2511 904 2544 .-
914 2487 938 2544 i·

78 2623 83 2644 ι
101 2589 107 2601 ·
162 2563 214 2621 hoc
229 2578 279 2640 cst,
294 2565 533 2636 Quemadmodum
552 2566 657 2626 calidus
673 2579 765 2626 auster
778 2565 826 2625 ubi
839 2586 905 2625 run-

80 2678 107 2692 ·-
163 2644 263 2720 gelatas
281 2665 365 2722 aquas
384 2645 554 2724 perflaverit,
574 2645 610 2705 ad
625 2645 744 2727 priorem
761 2667 839 2724 aquae
853 2666 904 2704 na-

90 2757 105 2766 ·
163 2735 252 2780 turam
270 2744 313 2781 eas
330 2723 529 2805 reducitzpari
545 2725 626 2785 modo
649 2746 698 2784 nos
717 2746 771 2803 quo
808 2724 905 2783 edia-

61 2807 65 2855 t
95 2836 106 2845 -
162 2801 217 2859 boli
231 2816 339 2881 peccato
351 2817 464 2878 enectos,
473 2816 611 2882 tamquam
622 2817 712 2863 auster
721 2746 826 2863 calidius
834 2824 906 2894 per·

162 2880 229 2938 flans
239 2881 266 2938 in
277 2882 417 2959 antiquam
425 2882 636 2942 immortalitatis
645 2897 770 2942 naturam
778 2882 905 2942 restituit.

61 2959 102 3018 oul-
124 2971 143 3015 υ
163 2960 238 3018 lianc
251 2960 367 3018 calidam
381 2961 465 3020 austri
482 2962 683 3043 respirationem
696 2984 793 3044 sponsa
806 2963 905 3021 Eccle-

61 3062 103 3118 ’.φη
160 3039 199 3098 sia
215 3039 242 3097 in
259 3039 377 3098 Canticis
396 3040 1054 3119 Conticorumadvocat,diccus:Ex·caiet.1s.

61 3143 103 3176 :im
162 3140 256 3198 surge,
272 3121 384 3199 aquilo,
401 3133 430 3178 et
449 3124 530 3194 veni,
551 3134 659 3193 auster,
674 3120 768 3205 perfla
788 3123 904 3182 hortum

61 3320 94 3349 ni.
170 3298 181 3326 ‘¹
199 3296 299 3361 [Savil.
309 3308 334 3346 et
348 3296 412 3348 Bibl.
428 3308 468 3358 τὴν
481 3307 567 3367 tipum
578 3305 654 3352 wirot.
668 3297 738 3350 Intra
753 3297 831 3350 Sauil.
849 3315 901 3350 om.

139 3377 304 3441 ὁμοθυμαδὸν]

171 3462 180 3484 ·
198 3455 206 3518 [
220 3451 321 3511 saviis
333 3459 392 3513 καλὴ
403 3458 477 3525 νύμφη
488 3469 517 3507 x.
529 3453 559 3507 n.
577 3463 738 3526 upooirlelrou
749 3465 773 3510 ts
783 3468 829 3516 sols
839 3465 862 3522 ql·
877 3478 900 3510 r·

140 3540 155 3594 ᾲ
178 3536 280 3595 liyeuott'
292 3527 331 3591 ἐξ.
343 3539 380 3598 β.,
393 3539 428 3584 ital
438 3533 529 3602 ippum]

67 3731 387 3794 INTERPRETATIO.

68 3907 196 3994 paradiso
216 3908 394 3988 uoluptatis',
409 3908 507 3967 stolam
529 3907 749 3990 incorruptionis.
765 3910 897 3971 Ceterum

61 4073 86 4126 ἴε.
102 4068 246 4145 Postquam
267 4064 398 4125 nimirum
417 4064 565 4125 transiisset
585 4066 683 4126 erroris
697 4086 763 4144 uox,
778 4080 805 4126 et
818 4089 897 4129 mane

63 4148 125 4206 itote
135 4145 253 4204 donabat
267 4142 417 4222 mundum3
433 4165 512 4204 manc
525 4145 598 4205 enim
610 4159 667 4204 erat
677 4145 813 4222 Christus,
824 4148 896 4208 sicut

61 4231 220 4286 evertiemus
234 4246 309 4284 eum.
324 4227 417 4283 Mane
430 4227 493 4284 ibat
505 4226 601 4285 lesus.
615 4225 751 4285 Matutino
763 4237 892 4308 tempore,

67 4328 114 4386 per
127 4306 218 4363 lumen
251 4305 327 4362 loriae
346 4303 466 4379 Christi,
481 4317 564 4381 atque
585 4325 730 4364 aureorum
753 4304 894 4366 radiorum

61 4386 164 4444 sutilius
179 4325 299 4459 refulsit,
311 4398 338 4443 ct
356 4404 434 4442 mane
449 4382 551 4442 calidos
565 4383 655 4443 radios
666 4381 820 4445 diuinitatis
835 4384 893 4445 dit-

61 4466 184 4538 )uoniom
197 4466 291 4522 Nemo
312 4476 364 4535 est,
382 4467 433 4543 qui
453 4464 649 4523 occultabitur
663 4483 684 4522 a
697 4464 797 4524 calore
817 4469 892 4548 ejus.

79 4543 159 4603 conlo
191 4543 331 4602 hominum
364 4542 496 4634 enecavit2
511 4541 573 4601 ideo
582 4541 714 4624 propheta
727 4544 837 4624 urebat,
849 4545 938 4605 ‹ti-oa

70 4622 212 4701 Siquidem
225 4644 272 4702 per
283 4621 347 4701 gelu
362 4621 506 4711 impietatis
519 4622 645 4682 universa
660 4620 814 4684 humanitas
829 4645 893 4686 cou-

70 4703 248 4783 precabautur
261 4704 361 4777 Deum,
381 4701 499 4760 diceutes
513 4725 521 4758 a
533 4704 677 4763 Converte
692 4706 895 4783 captivitatem

61 4796 164 4841 tanstcr
186 4780 272 4840 calide
283 4781 387 4861 spirans
395 4801 494 4861 equium
504 4781 620 4861 gelatam
629 4780 658 4840 in
667 4781 810 4862 pristinam
819 4804 895 4864 aquae

61 4863 78 4920 li
93 4863 209 4941 frigore,
227 4875 335 4942 peccato
350 4874 486 4938 mortuos,
500 4863 570 4921 sicut
584 4873 673 4921 auster
691 4859 802 4921 calides
821 4865 895 4923 irans

61 4942 199 5000 convertit.
217 4943 258 4999 De
270 4939 336 4999 ssatu
350 4953 440 4998 autem
455 4940 567 5000 australi
580 4940 660 5000 etiam
682 4960 695 4998 s
731 4962 777 5000 usa
793 4884 895 5002 duriori

61 5024 157 5102 Surge,
167 5041 260 5100 surge,
269 5019 381 5100 equile,
397 5032 424 5080 et
435 5023 517 5094 veni,
533 5034 641 5094 auster,
655 4961 730 5104 injii
737 5025 769 5080 in
780 5022 897 5084 hortum

61 5271 170 5322 ludicius.
