<?xml version="1.0" encoding="UTF-8"?>
<!DOCTYPE html PUBLIC "-//W3C//DTD XHTML 1.0 Transitional//EN"
    "http://www.w3.org/TR/xhtml1/DTD/xhtml1-transitional.dtd">
<html xmlns="http://www.w3.org/1999/xhtml" xml:lang="en" lang="en">
 <head>
  <title>
</title>
<meta http-equiv="Content-Type" content="text/html;charset=utf-8" />
  <meta name='ocr-system' content='tesseract 3.04.00' />
  <meta name='ocr-capabilities' content='ocr_page ocr_carea ocr_par ocr_line ocrx_word'/>
</head>
<body>
  <div class='ocr_page' id='page_1' title='image "./sanctipatrisnos02chrygoog_0698.png"; bbox 0 0 3750 5940; ppageno 0'>
   <div class='ocr_carea' id='block_1_1' title="bbox 481 440 1445 537">
    <p class='ocr_par' dir='ltr' id='par_1_1' title="bbox 481 440 1445 537">
     <span class='ocr_line' id='line_1_1' title="bbox 481 440 1445 537; baseline 0.032 -30"><span class='ocrx_word' id='word_1_1' title='bbox 481 461 512 507; x_wconf 76' lang='grc' dir='ltr'><strong>ΙΝ</strong></span> <span class='ocrx_word' id='word_1_2' title='bbox 538 462 652 512; x_wconf 68' lang='lat' dir='ltr'><strong>DECEM</strong></span> <span class='ocrx_word' id='word_1_3' title='bbox 678 463 850 512; x_wconf 74' lang='lat' dir='ltr'><strong>vtttottttts.</strong></span> <span class='ocrx_word' id='word_1_4' title='bbox 1372 440 1445 537; x_wconf 61' lang='grc'><strong>669</strong></span> 
     </span>
    </p>
   </div>
   <div class='ocr_carea' id='block_1_2' title="bbox 61 574 1610 4561">
    <p class='ocr_par' dir='ltr' id='par_1_2' title="bbox 61 574 1610 4561">
     <span class='ocr_line' id='line_1_2' title="bbox 61 574 1445 667; baseline 0 -23"><span class='ocrx_word' id='word_1_5' title='bbox 61 582 181 664; x_wconf 71' lang='grc' dir='ltr'>αὔχημα,</span> <span class='ocrx_word' id='word_1_6' title='bbox 190 574 254 656; x_wconf 69' lang='grc' dir='ltr'>ἦλθε</span> <span class='ocrx_word' id='word_1_7' title='bbox 266 581 429 662; x_wconf 80' lang='grc' dir='ltr'>μεσονυκτίιμ</span> <span class='ocrx_word' id='word_1_8' title='bbox 438 585 469 644; x_wconf 85' lang='grc' dir='ltr'><strong>τδ</strong></span> <span class='ocrx_word' id='word_1_9' title='bbox 478 588 543 664; x_wconf 82' lang='grc' dir='ltr'>φῶς.</span> <span class='ocrx_word' id='word_1_10' title='bbox 558 584 652 658; x_wconf 65' lang='lat' dir='ltr'><strong>&#39;iluis-</strong></span> <span class='ocrx_word' id='word_1_11' title='bbox 703 585 777 666; x_wconf 88' lang='lat' dir='ltr'><strong>apud</strong></span> <span class='ocrx_word' id='word_1_12' title='bbox 789 586 937 646; x_wconf 90' lang='lat' dir='ltr'><strong>Dominum</strong></span> <span class='ocrx_word' id='word_1_13' title='bbox 950 585 1127 661; x_wconf 78' lang='lat' dir='ltr'>mediatores,</span> <span class='ocrx_word' id='word_1_14' title='bbox 1141 585 1234 645; x_wconf 81' lang='lat' dir='ltr'><strong>invicti</strong></span> <span class='ocrx_word' id='word_1_15' title='bbox 1250 585 1277 646; x_wconf 91' lang='lat' dir='ltr'><strong>in</strong></span> <span class='ocrx_word' id='word_1_16' title='bbox 1291 587 1337 647; x_wconf 89' lang='lat' dir='ltr'><strong>die</strong></span> <span class='ocrx_word' id='word_1_17' title='bbox 1346 586 1445 667; x_wconf 89' lang='lat' dir='ltr'><strong>judicii</strong></span> 
     </span>
     <span class='ocr_line' id='line_1_3' title="bbox 61 662 1594 743; baseline 0.004 -23"><span class='ocrx_word' id='word_1_18' title='bbox 61 663 153 741; x_wconf 86' lang='grc' dir='ltr'>ίνιμοι,</span> <span class='ocrx_word' id='word_1_19' title='bbox 164 664 334 735; x_wconf 80' lang='grc' dir='ltr'>συνεισῆλθον</span> <span class='ocrx_word' id='word_1_20' title='bbox 343 666 381 743; x_wconf 81' lang='grc' dir='ltr'><strong>τῷ</strong></span> <span class='ocrx_word' id='word_1_21' title='bbox 392 662 510 742; x_wconf 85' lang='grc' dir='ltr'>νυμφίῳ,</span> <span class='ocrx_word' id='word_1_22' title='bbox 519 664 653 725; x_wconf 80' lang='grc' dir='ltr'>καίθκλεί·</span> <span class='ocrx_word' id='word_1_23' title='bbox 704 679 831 725; x_wconf 82' lang='lat' dir='ltr'><strong>oratores.</strong></span> <span class='ocrx_word' id='word_1_24' title='bbox 846 667 926 725; x_wconf 83' lang='lat' dir='ltr'><strong>Dum</strong></span> <span class='ocrx_word' id='word_1_25' title='bbox 941 679 1039 724; x_wconf 84' lang='lat' dir='ltr'><strong>nutem</strong></span> <span class='ocrx_word' id='word_1_26' title='bbox 1059 669 1135 724; x_wconf 85' lang='lat' dir='ltr'><strong>irent</strong></span> <span class='ocrx_word' id='word_1_27' title='bbox 1147 666 1209 724; x_wconf 79' lang='lat' dir='ltr'><strong>tttoe</strong></span> <span class='ocrx_word' id='word_1_28' title='bbox 1223 687 1316 725; x_wconf 85' lang='lat' dir='ltr'><strong>emere</strong></span> <span class='ocrx_word' id='word_1_29' title='bbox 1334 669 1441 738; x_wconf 83' lang='lat' dir='ltr'><strong>oleum,</strong></span> <span class='ocrx_word' id='word_1_30' title='bbox 1454 687 1515 732; x_wconf 75' lang='lat' dir='ltr'><strong>laid.</strong></span> <span class='ocrx_word' id='word_1_31' title='bbox 1524 702 1545 729; x_wconf 82' lang='lat' dir='ltr'><strong>v.</strong></span> <span class='ocrx_word' id='word_1_32' title='bbox 1559 695 1594 730; x_wconf 88' lang='grc' dir='ltr'><strong>ιο.</strong></span> 
     </span>
     <span class='ocr_line' id='line_1_4' title="bbox 61 743 1443 836; baseline 0.002 -35"><span class='ocrx_word' id='word_1_33' title='bbox 61 743 118 823; x_wconf 82' lang='grc' dir='ltr'>ραι.</span> <span class='ocrx_word' id='word_1_34' title='bbox 669 756 687 802; x_wconf 71' lang='lat' dir='ltr'><strong>a:</strong></span> <span class='ocrx_word' id='word_1_35' title='bbox 704 750 787 803; x_wconf 81' lang='lat' dir='ltr'><strong>venit</strong></span> <span class='ocrx_word' id='word_1_36' title='bbox 800 765 933 824; x_wconf 72' lang='lat' dir='ltr'><strong>spernus,</strong></span> <span class='ocrx_word' id='word_1_37' title='bbox 946 757 974 807; x_wconf 88' lang='lat' dir='ltr'><strong>et</strong></span> <span class='ocrx_word' id='word_1_38' title='bbox 992 745 1102 804; x_wconf 74' lang='lat' dir='ltr'><strong>claresce</strong></span> <span class='ocrx_word' id='word_1_39' title='bbox 1115 757 1183 804; x_wconf 86' lang='lat' dir='ltr'><strong>sunt</strong></span> <span class='ocrx_word' id='word_1_40' title='bbox 1191 748 1302 836; x_wconf 72' lang='lat' dir='ltr'><strong>janue.</strong></span> <span class='ocrx_word' id='word_1_41' title='bbox 1315 747 1340 805; x_wconf 94' lang='lat'>0</span> <span class='ocrx_word' id='word_1_42' title='bbox 1353 745 1443 826; x_wconf 85' lang='lat' dir='ltr'><strong>porni-</strong></span> 
     </span>
     <span class='ocr_line' id='line_1_5' title="bbox 704 822 1444 904; baseline 0.004 -22"><span class='ocrx_word' id='word_1_43' title='bbox 704 823 804 884; x_wconf 87' lang='lat' dir='ltr'><strong>ciosam</strong></span> <span class='ocrx_word' id='word_1_44' title='bbox 825 822 1030 904; x_wconf 76' lang='lat' dir='ltr'>negligentiam!</span> <span class='ocrx_word' id='word_1_45' title='bbox 1044 844 1061 882; x_wconf 94' lang='lat' dir='ltr'><strong>o</strong></span> <span class='ocrx_word' id='word_1_46' title='bbox 1076 824 1255 884; x_wconf 84' lang='lat' dir='ltr'><strong>incurabilem</strong></span> <span class='ocrx_word' id='word_1_47' title='bbox 1273 823 1409 887; x_wconf 79' lang='lat' dir='ltr'><strong>dolorem!</strong></span> <span class='ocrx_word' id='word_1_48' title='bbox 1427 847 1444 885; x_wconf 94' lang='lat' dir='ltr'><strong>o</strong></span> 
     </span>
     <span class='ocr_line' id='line_1_6' title="bbox 702 902 1443 983; baseline 0 -20"><span class='ocrx_word' id='word_1_49' title='bbox 702 902 834 963; x_wconf 86' lang='lat' dir='ltr'><strong>damnum</strong></span> <span class='ocrx_word' id='word_1_50' title='bbox 846 903 922 963; x_wconf 89' lang='lat' dir='ltr'><strong>nulla</strong></span> <span class='ocrx_word' id='word_1_51' title='bbox 937 902 1115 964; x_wconf 75' lang='lat' dir='ltr'><strong>consolatione</strong></span> <span class='ocrx_word' id='word_1_52' title='bbox 1129 903 1324 983; x_wconf 77' lang='lat' dir='ltr'><strong>mitigandum!</strong></span> <span class='ocrx_word' id='word_1_53' title='bbox 1338 925 1355 963; x_wconf 95' lang='lat' dir='ltr'><strong>o</strong></span> <span class='ocrx_word' id='word_1_54' title='bbox 1368 904 1443 963; x_wconf 92' lang='lat' dir='ltr'><strong>into·</strong></span> 
     </span>
     <span class='ocr_line' id='line_1_7' title="bbox 703 982 1444 1044; baseline 0.005 -4"><span class='ocrx_word' id='word_1_55' title='bbox 703 983 842 1044; x_wconf 87' lang='lat' dir='ltr'><strong>lerabilem</strong></span> <span class='ocrx_word' id='word_1_56' title='bbox 854 982 973 1044; x_wconf 87' lang='lat' dir='ltr'><strong>luctum!</strong></span> <span class='ocrx_word' id='word_1_57' title='bbox 990 984 1070 1043; x_wconf 89' lang='lat' dir='ltr'><strong>Dum</strong></span> <span class='ocrx_word' id='word_1_58' title='bbox 1089 997 1187 1043; x_wconf 85' lang='lat' dir='ltr'><strong>autem</strong></span> <span class='ocrx_word' id='word_1_59' title='bbox 1200 984 1262 1042; x_wconf 80' lang='lat' dir='ltr'><strong>tttoe</strong></span> <span class='ocrx_word' id='word_1_60' title='bbox 1280 988 1357 1043; x_wconf 85' lang='lat' dir='ltr'><strong>irent</strong></span> <span class='ocrx_word' id='word_1_61' title='bbox 1369 1005 1444 1044; x_wconf 84' lang='lat' dir='ltr'><strong>eme-</strong></span> 
     </span>
     <span class='ocr_line' id='line_1_8' title="bbox 704 1063 1444 1142; baseline 0.004 -22"><span class='ocrx_word' id='word_1_62' title='bbox 704 1083 746 1135; x_wconf 81' lang='lat' dir='ltr'><strong>re,</strong></span> <span class='ocrx_word' id='word_1_63' title='bbox 762 1066 846 1122; x_wconf 81' lang='lat' dir='ltr'><strong>venit</strong></span> <span class='ocrx_word' id='word_1_64' title='bbox 858 1082 991 1142; x_wconf 83' lang='lat' dir='ltr'><strong>sponsus.</strong></span> <span class='ocrx_word' id='word_1_65' title='bbox 1007 1063 1091 1124; x_wconf 84' lang='lat' dir='ltr'><strong>Venit</strong></span> <span class='ocrx_word' id='word_1_66' title='bbox 1109 1084 1156 1122; x_wconf 83' lang='lat' dir='ltr'><strong>exs</strong></span> <span class='ocrx_word' id='word_1_67' title='bbox 1233 1076 1292 1122; x_wconf 91' lang='lat' dir='ltr'><strong>tum</strong></span> <span class='ocrx_word' id='word_1_68' title='bbox 1304 1063 1444 1142; x_wconf 74' lang='lat' dir='ltr'><strong>gaudium,</strong></span> 
     </span>
     <span class='ocr_line' id='line_1_9' title="bbox 704 1141 1445 1222; baseline -0.001 -20"><span class='ocrx_word' id='word_1_69' title='bbox 704 1141 779 1202; x_wconf 84' lang='lat' dir='ltr'><strong>venit</strong></span> <span class='ocrx_word' id='word_1_70' title='bbox 791 1141 937 1202; x_wconf 82' lang='lat' dir='ltr'><strong>exsultatio</strong></span> <span class='ocrx_word' id='word_1_71' title='bbox 952 1143 1100 1222; x_wconf 86' lang='lat' dir='ltr'><strong>justorum,</strong></span> <span class='ocrx_word' id='word_1_72' title='bbox 1181 1142 1187 1154; x_wconf 84' lang='lat'><strong><em>‘</em></strong></span> <span class='ocrx_word' id='word_1_73' title='bbox 1218 1157 1295 1202; x_wconf 85' lang='lat' dir='ltr'><strong>nocte</strong></span> <span class='ocrx_word' id='word_1_74' title='bbox 1308 1142 1382 1205; x_wconf 83' lang='lat' dir='ltr'><strong>venit</strong></span> <span class='ocrx_word' id='word_1_75' title='bbox 1400 1143 1445 1201; x_wconf 93' lang='lat' dir='ltr'><strong>lu-</strong></span> 
     </span>
     <span class='ocr_line' id='line_1_10' title="bbox 705 1221 1444 1304; baseline 0.001 -24"><span class='ocrx_word' id='word_1_76' title='bbox 705 1241 774 1280; x_wconf 88' lang='lat' dir='ltr'><strong>men.</strong></span> <span class='ocrx_word' id='word_1_77' title='bbox 786 1223 899 1282; x_wconf 85' lang='lat' dir='ltr'><strong>lverunt</strong></span> <span class='ocrx_word' id='word_1_78' title='bbox 918 1221 1029 1282; x_wconf 85' lang='lat' dir='ltr'><strong>obviarn</strong></span> <span class='ocrx_word' id='word_1_79' title='bbox 1043 1221 1196 1302; x_wconf 85' lang='lat' dir='ltr'><strong>prudentes,</strong></span> <span class='ocrx_word' id='word_1_80' title='bbox 1211 1243 1273 1282; x_wconf 89' lang='lat' dir='ltr'><strong>eum</strong></span> <span class='ocrx_word' id='word_1_81' title='bbox 1288 1243 1386 1304; x_wconf 91' lang='lat' dir='ltr'><strong>sponso</strong></span> <span class='ocrx_word' id='word_1_82' title='bbox 1403 1223 1444 1281; x_wconf 92' lang='lat' dir='ltr'><strong>in-</strong></span> 
     </span>
     <span class='ocr_line' id='line_1_11' title="bbox 704 1300 1203 1380; baseline 0 -20"><span class='ocrx_word' id='word_1_83' title='bbox 704 1321 800 1380; x_wconf 74' lang='lat' dir='ltr'><strong>gressa</strong></span> <span class='ocrx_word' id='word_1_84' title='bbox 813 1313 885 1378; x_wconf 90' lang='lat' dir='ltr'><strong>sunt,</strong></span> <span class='ocrx_word' id='word_1_85' title='bbox 899 1314 926 1360; x_wconf 89' lang='lat' dir='ltr'><strong>et</strong></span> <span class='ocrx_word' id='word_1_86' title='bbox 938 1301 1036 1361; x_wconf 79' lang='lat' dir='ltr'><strong>clausae</strong></span> <span class='ocrx_word' id='word_1_87' title='bbox 1049 1315 1111 1361; x_wconf 89' lang='lat' dir='ltr'><strong>sunt</strong></span> <span class='ocrx_word' id='word_1_88' title='bbox 1124 1300 1203 1361; x_wconf 86' lang='lat' dir='ltr'><strong>fores.</strong></span> 
     </span>
     <span class='ocr_line' id='line_1_12' title="bbox 62 1379 1443 1461; baseline -0.001 -19"><span class='ocrx_word' id='word_1_89' title='bbox 62 1382 93 1442; x_wconf 81' lang='grc' dir='ltr'><strong>τὸ</strong></span> <span class='ocrx_word' id='word_1_90' title='bbox 113 1382 252 1461; x_wconf 83' lang='grc' dir='ltr'>γενόμενον</span> <span class='ocrx_word' id='word_1_91' title='bbox 273 1379 475 1459; x_wconf 81' lang='grc' dir='ltr'>ίνθυμοάμτνος·</span> <span class='ocrx_word' id='word_1_92' title='bbox 491 1379 597 1461; x_wconf 81' lang='grc' dir='ltr'>τρίμω,</span> <span class='ocrx_word' id='word_1_93' title='bbox 621 1381 652 1438; x_wconf 89' lang='grc' dir='ltr'><strong>τδ</strong></span> <span class='ocrx_word' id='word_1_94' title='bbox 745 1385 774 1442; x_wconf 68' lang='grc'><strong>9.</strong></span> <span class='ocrx_word' id='word_1_95' title='bbox 790 1381 920 1440; x_wconf 81' lang='lat' dir='ltr'><strong>llorresoo</strong></span> <span class='ocrx_word' id='word_1_96' title='bbox 931 1380 999 1440; x_wconf 91' lang='lat' dir='ltr'><strong>dum</strong></span> <span class='ocrx_word' id='word_1_97' title='bbox 1013 1379 1082 1440; x_wconf 91' lang='lat' dir='ltr'><strong>mihi</strong></span> <span class='ocrx_word' id='word_1_98' title='bbox 1095 1381 1123 1440; x_wconf 92' lang='lat' dir='ltr'><strong>in</strong></span> <span class='ocrx_word' id='word_1_99' title='bbox 1137 1395 1253 1441; x_wconf 88' lang='lat' dir='ltr'><strong>mentem</strong></span> <span class='ocrx_word' id='word_1_100' title='bbox 1263 1381 1353 1454; x_wconf 86' lang='lat' dir='ltr'><strong>venit,</strong></span> <span class='ocrx_word' id='word_1_101' title='bbox 1369 1381 1443 1460; x_wconf 90' lang='lat' dir='ltr'><strong>quod</strong></span> 
     </span>
     <span class='ocr_line' id='line_1_13' title="bbox 62 1459 1506 1541; baseline -0.003 -19"><span class='ocrx_word' id='word_1_102' title='bbox 62 1461 177 1540; x_wconf 90' lang='grc' dir='ltr'>γυναίοις</span> <span class='ocrx_word' id='word_1_103' title='bbox 188 1461 330 1541; x_wconf 71' lang='grc' dir='ltr'>θστάγημα</span> <span class='ocrx_word' id='word_1_104' title='bbox 341 1459 521 1538; x_wconf 79' lang='grc' dir='ltr'>διηγούμενος.</span> <span class='ocrx_word' id='word_1_105' title='bbox 533 1459 591 1532; x_wconf 83' lang='grc' dir='ltr'><strong>Τὴν</strong></span> <span class='ocrx_word' id='word_1_106' title='bbox 601 1483 653 1518; x_wconf 81' lang='grc' dir='ltr'><strong>πα·</strong></span> <span class='ocrx_word' id='word_1_107' title='bbox 705 1459 897 1537; x_wconf 71' lang='lat' dir='ltr'><strong>accidit5dum</strong></span> <span class='ocrx_word' id='word_1_108' title='bbox 915 1482 978 1520; x_wconf 90' lang='lat' dir='ltr'><strong>eum</strong></span> <span class='ocrx_word' id='word_1_109' title='bbox 988 1482 1082 1520; x_wconf 85' lang='lat' dir='ltr'><strong>enarro</strong></span> <span class='ocrx_word' id='word_1_110' title='bbox 1098 1482 1208 1537; x_wconf 90' lang='lat' dir='ltr'><strong>casum,</strong></span> <span class='ocrx_word' id='word_1_111' title='bbox 1231 1461 1279 1540; x_wconf 88' lang='lat' dir='ltr'><strong>qni</strong></span> <span class='ocrx_word' id='word_1_112' title='bbox 1296 1461 1443 1521; x_wconf 86' lang='lat' dir='ltr'><strong>muliercu-</strong></span> <span class='ocrx_word' id='word_1_113' title='bbox 1502 1478 1506 1483; x_wconf 90' lang='lat'>·</span> 
     </span>
     <span class='ocr_line' id='line_1_14' title="bbox 61 1537 1443 1622; baseline -0.001 -22"><span class='ocrx_word' id='word_1_114' title='bbox 61 1540 171 1622; x_wconf 76' lang='grc' dir='ltr'>ροὸερδν</span> <span class='ocrx_word' id='word_1_115' title='bbox 196 1542 259 1600; x_wconf 77' lang='lat' dir='ltr'><strong>liris</strong></span> <span class='ocrx_word' id='word_1_116' title='bbox 280 1539 441 1618; x_wconf 81' lang='grc' dir='ltr'>ίπεθθμουν·</span> <span class='ocrx_word' id='word_1_117' title='bbox 460 1542 493 1599; x_wconf 89' lang='grc' dir='ltr'><strong>δι’</strong></span> <span class='ocrx_word' id='word_1_118' title='bbox 508 1540 589 1612; x_wconf 75' lang='grc' dir='ltr'>αὐτην</span> <span class='ocrx_word' id='word_1_119' title='bbox 602 1537 654 1619; x_wconf 78' lang='grc' dir='ltr'>γάρ</span> <span class='ocrx_word' id='word_1_120' title='bbox 706 1541 739 1600; x_wconf 93' lang='lat' dir='ltr'><strong>lis</strong></span> <span class='ocrx_word' id='word_1_121' title='bbox 750 1539 1240 1616; x_wconf 86' lang='lat' dir='ltr'><strong>evenit,totisartnbusoontremisoo.</strong></span> <span class='ocrx_word' id='word_1_122' title='bbox 1259 1541 1443 1600; x_wconf 89' lang='lat' dir='ltr'><strong>Tremendnm</strong></span> 
     </span>
     <span class='ocr_line' id='line_1_15' title="bbox 61 1619 1443 1719; baseline 0.001 -40"><span class='ocrx_word' id='word_1_123' title='bbox 61 1644 114 1719; x_wconf 87' lang='grc' dir='ltr'>μου</span> <span class='ocrx_word' id='word_1_124' title='bbox 126 1630 246 1701; x_wconf 80' lang='grc' dir='ltr'>τερπνοῖς</span> <span class='ocrx_word' id='word_1_125' title='bbox 271 1619 448 1693; x_wconf 77' lang='grc' dir='ltr'>ἀπττάξαντο,</span> <span class='ocrx_word' id='word_1_126' title='bbox 461 1624 561 1700; x_wconf 79' lang='grc' dir='ltr'>τρυφῆς</span> <span class='ocrx_word' id='word_1_127' title='bbox 573 1642 654 1680; x_wconf 74' lang='grc' dir='ltr'>κατε·</span> <span class='ocrx_word' id='word_1_128' title='bbox 706 1621 856 1680; x_wconf 90' lang='lat' dir='ltr'><strong>thalamum</strong></span> <span class='ocrx_word' id='word_1_129' title='bbox 871 1619 969 1680; x_wconf 89' lang='lat' dir='ltr'><strong>intueri</strong></span> <span class='ocrx_word' id='word_1_130' title='bbox 977 1619 1106 1701; x_wconf 87' lang='lat' dir='ltr'><strong>optabant</strong></span> <span class='ocrx_word' id='word_1_131' title='bbox 1121 1633 1242 1700; x_wconf 90' lang='lat' dir='ltr'><strong>:propter</strong></span> <span class='ocrx_word' id='word_1_132' title='bbox 1248 1620 1390 1679; x_wconf 90' lang='lat' dir='ltr'><strong>eumenim</strong></span> <span class='ocrx_word' id='word_1_133' title='bbox 1398 1620 1443 1680; x_wconf 88' lang='lat' dir='ltr'><strong>de-</strong></span> 
     </span>
     <span class='ocr_line' id='line_1_16' title="bbox 61 1698 1442 1781; baseline -0.001 -22"><span class='ocrx_word' id='word_1_134' title='bbox 61 1699 116 1772; x_wconf 80' lang='grc' dir='ltr'>ιξης</span> <span class='ocrx_word' id='word_1_135' title='bbox 128 1701 274 1780; x_wconf 78' lang='grc' dir='ltr'>ὑπερεῖδον,</span> <span class='ocrx_word' id='word_1_136' title='bbox 288 1698 363 1766; x_wconf 82' lang='grc' dir='ltr'>θδοδς</span> <span class='ocrx_word' id='word_1_137' title='bbox 375 1698 492 1779; x_wconf 76' lang='grc' dir='ltr'>σκληράς</span> <span class='ocrx_word' id='word_1_138' title='bbox 504 1700 652 1780; x_wconf 80' lang='grc' dir='ltr'>θφυλάξαν-</span> <span class='ocrx_word' id='word_1_139' title='bbox 705 1700 782 1759; x_wconf 89' lang='lat' dir='ltr'><strong>licias</strong></span> <span class='ocrx_word' id='word_1_140' title='bbox 796 1698 890 1759; x_wconf 88' lang='lat' dir='ltr'><strong>mundi</strong></span> <span class='ocrx_word' id='word_1_141' title='bbox 901 1700 1052 1781; x_wconf 85' lang='lat' dir='ltr'><strong>abjecerant</strong></span> <span class='ocrx_word' id='word_1_142' title='bbox 1061 1744 1070 1775; x_wconf 96' lang='lat'><strong>,</strong></span> <span class='ocrx_word' id='word_1_143' title='bbox 1084 1700 1150 1758; x_wconf 85' lang='lat' dir='ltr'><strong>volu</strong></span> <span class='ocrx_word' id='word_1_144' title='bbox 1170 1713 1237 1759; x_wconf 88' lang='lat' dir='ltr'><strong>tates</strong></span> <span class='ocrx_word' id='word_1_145' title='bbox 1253 1701 1442 1780; x_wconf 79' lang='lat' dir='ltr'><strong>neglexeram,</strong></span> 
     </span>
     <span class='ocr_line' id='line_1_17' title="bbox 61 1721 1442 1860; baseline -0.001 -21"><span class='ocrx_word' id='word_1_146' title='bbox 61 1780 279 1860; x_wconf 78' lang='grc' dir='ltr'>κατεκράτησαν,</span> <span class='ocrx_word' id='word_1_147' title='bbox 298 1779 399 1851; x_wconf 73' lang='grc' dir='ltr'>ἡδονῶν</span> <span class='ocrx_word' id='word_1_148' title='bbox 422 1777 653 1858; x_wconf 78' lang='grc' dir='ltr'>κατηγωνίσαντο·</span> <span class='ocrx_word' id='word_1_149' title='bbox 706 1780 823 1859; x_wconf 75' lang='lat' dir='ltr'><strong>gloriam</strong></span> <span class='ocrx_word' id='word_1_150' title='bbox 845 1780 1041 1860; x_wconf 82' lang='lat' dir='ltr'><strong>despexerant,</strong></span> <span class='ocrx_word' id='word_1_151' title='bbox 1067 1779 1127 1839; x_wconf 84' lang='lat' dir='ltr'><strong>vias</strong></span> <span class='ocrx_word' id='word_1_152' title='bbox 1143 1721 1225 1838; x_wconf 81' lang='lat' dir='ltr'><strong>duras</strong></span> <span class='ocrx_word' id='word_1_153' title='bbox 1242 1778 1442 1854; x_wconf 86' lang='lat' dir='ltr'><strong>custodierant,</strong></span> 
     </span>
     <span class='ocr_line' id='line_1_18' title="bbox 61 1849 1445 1940; baseline -0.001 -20"><span class='ocrx_word' id='word_1_154' title='bbox 61 1859 144 1920; x_wconf 79' lang='grc' dir='ltr'>ίλαιον</span> <span class='ocrx_word' id='word_1_155' title='bbox 160 1863 207 1918; x_wconf 79' lang='grc' dir='ltr'><strong>οὐκ</strong></span> <span class='ocrx_word' id='word_1_156' title='bbox 223 1849 306 1937; x_wconf 77' lang='grc' dir='ltr'>εἶχον,</span> <span class='ocrx_word' id='word_1_157' title='bbox 320 1849 349 1917; x_wconf 78' lang='grc' dir='ltr'><strong>σθ</strong></span> <span class='ocrx_word' id='word_1_158' title='bbox 381 1858 590 1939; x_wconf 74' lang='grc' dir='ltr'>νάπαράνοικτα</span> <span class='ocrx_word' id='word_1_159' title='bbox 607 1863 655 1930; x_wconf 79' lang='grc' dir='ltr'><strong>τῆς</strong></span> <span class='ocrx_word' id='word_1_160' title='bbox 706 1859 788 1919; x_wconf 87' lang='lat' dir='ltr'><strong>animi</strong></span> <span class='ocrx_word' id='word_1_161' title='bbox 806 1859 916 1918; x_wconf 80' lang='lat' dir='ltr'><strong>allectus</strong></span> <span class='ocrx_word' id='word_1_162' title='bbox 926 1871 1129 1940; x_wconf 79' lang='lat' dir='ltr'><strong>superaverant,</strong></span> <span class='ocrx_word' id='word_1_163' title='bbox 1142 1880 1205 1918; x_wconf 86' lang='lat' dir='ltr'><strong>eum</strong></span> <span class='ocrx_word' id='word_1_164' title='bbox 1223 1859 1445 1920; x_wconf 84' lang='lat' dir='ltr'><strong>delectationibus</strong></span> 
     </span>
     <span class='ocr_line' id='line_1_19' title="bbox 64 1880 1442 2018; baseline 0 -20"><span class='ocrx_word' id='word_1_165' title='bbox 64 1880 653 2018; x_wconf 57' lang='lat' dir='ltr'><strong>aletbpafflilioioetpllinponentlipoooat·</strong></span> <span class='ocrx_word' id='word_1_166' title='bbox 706 1939 874 1999; x_wconf 89' lang='lat' dir='ltr'><strong>decertarant</strong></span> <span class='ocrx_word' id='word_1_167' title='bbox 888 1962 894 1996; x_wconf 90' lang='lat'>:</span> <span class='ocrx_word' id='word_1_168' title='bbox 909 1939 957 1999; x_wconf 86' lang='lat' dir='ltr'><strong>sod</strong></span> <span class='ocrx_word' id='word_1_169' title='bbox 973 1938 1101 2018; x_wconf 89' lang='lat' dir='ltr'><strong>quoniam</strong></span> <span class='ocrx_word' id='word_1_170' title='bbox 1115 1938 1205 1998; x_wconf 88' lang='lat' dir='ltr'><strong>oleum</strong></span> <span class='ocrx_word' id='word_1_171' title='bbox 1222 1960 1274 1998; x_wconf 92' lang='lat' dir='ltr'><strong>nou</strong></span> <span class='ocrx_word' id='word_1_172' title='bbox 1288 1939 1442 2016; x_wconf 85' lang='lat' dir='ltr'><strong>habebant,</strong></span> 
     </span>
     <span class='ocr_line' id='line_1_20' title="bbox 61 2016 1446 2101; baseline 0 -23"><span class='ocrx_word' id='word_1_173' title='bbox 61 2043 98 2093; x_wconf 84' lang='grc' dir='ltr'>ιι,</span> <span class='ocrx_word' id='word_1_174' title='bbox 114 2016 213 2085; x_wconf 79' lang='grc' dir='ltr'>ἄνοιξον</span> <span class='ocrx_word' id='word_1_175' title='bbox 224 2021 304 2094; x_wconf 76' lang='grc' dir='ltr'>ἡμῖν·</span> <span class='ocrx_word' id='word_1_176' title='bbox 319 2016 420 2076; x_wconf 79' lang='grc' dir='ltr'>ἔνδοθεν</span> <span class='ocrx_word' id='word_1_177' title='bbox 432 2022 477 2076; x_wconf 84' lang='grc' dir='ltr'><strong>τοῦ</strong></span> <span class='ocrx_word' id='word_1_178' title='bbox 492 2023 581 2097; x_wconf 85' lang='grc' dir='ltr'>κριτοῦ</span> <span class='ocrx_word' id='word_1_179' title='bbox 623 2042 652 2077; x_wconf 96' lang='grc' dir='ltr'><strong>ο-</strong></span> <span class='ocrx_word' id='word_1_180' title='bbox 706 2018 840 2078; x_wconf 88' lang='lat' dir='ltr'><strong>occlusar</strong></span> <span class='ocrx_word' id='word_1_181' title='bbox 873 2018 901 2078; x_wconf 91' lang='lat' dir='ltr'><strong>ni</strong></span> <span class='ocrx_word' id='word_1_182' title='bbox 916 2019 1033 2078; x_wconf 87' lang='lat' dir='ltr'><strong>claustra</strong></span> <span class='ocrx_word' id='word_1_183' title='bbox 1042 2020 1295 2100; x_wconf 81' lang='lat' dir='ltr'><strong>repererunt,otnni</strong></span> <span class='ocrx_word' id='word_1_184' title='bbox 1306 2041 1353 2101; x_wconf 87' lang='lat' dir='ltr'><strong>spe</strong></span> <span class='ocrx_word' id='word_1_185' title='bbox 1362 2019 1446 2079; x_wconf 90' lang='lat' dir='ltr'><strong>lutro-</strong></span> 
     </span>
     <span class='ocr_line' id='line_1_21' title="bbox 61 2040 1557 2180; baseline 0.001 -23"><span class='ocrx_word' id='word_1_186' title='bbox 61 2096 152 2175; x_wconf 84' lang='grc' dir='ltr'>γάτος·</span> <span class='ocrx_word' id='word_1_187' title='bbox 172 2095 268 2175; x_wconf 77' lang='grc' dir='ltr'>Ἀμὴν,</span> <span class='ocrx_word' id='word_1_188' title='bbox 284 2095 356 2174; x_wconf 78' lang='grc' dir='ltr'>ἀμὴν</span> <span class='ocrx_word' id='word_1_189' title='bbox 369 2095 439 2176; x_wconf 73' lang='grc' dir='ltr'>λέγω</span> <span class='ocrx_word' id='word_1_190' title='bbox 451 2100 522 2175; x_wconf 86' lang='grc' dir='ltr'>θμῖν,</span> <span class='ocrx_word' id='word_1_191' title='bbox 536 2100 585 2157; x_wconf 84' lang='grc' dir='ltr'><strong>οὐκ</strong></span> <span class='ocrx_word' id='word_1_192' title='bbox 597 2040 655 2157; x_wconf 67' lang='lat' dir='ltr'><strong>elia</strong></span> <span class='ocrx_word' id='word_1_193' title='bbox 707 2097 788 2158; x_wconf 91' lang='lat' dir='ltr'><strong>eundi</strong></span> <span class='ocrx_word' id='word_1_194' title='bbox 807 2098 859 2159; x_wconf 89' lang='lat' dir='ltr'><strong>suh</strong></span> <span class='ocrx_word' id='word_1_195' title='bbox 871 2111 922 2158; x_wconf 87' lang='lat' dir='ltr'><strong>ata.</strong></span> <span class='ocrx_word' id='word_1_196' title='bbox 947 2098 1018 2157; x_wconf 86' lang='lat' dir='ltr'><strong>Nam</strong></span> <span class='ocrx_word' id='word_1_197' title='bbox 1035 2119 1097 2157; x_wconf 89' lang='lat' dir='ltr'><strong>cum</strong></span> <span class='ocrx_word' id='word_1_198' title='bbox 1113 2099 1266 2177; x_wconf 85' lang='lat' dir='ltr'><strong>venissent,</strong></span> <span class='ocrx_word' id='word_1_199' title='bbox 1289 2100 1446 2180; x_wconf 85' lang='lat' dir='ltr'><strong>pulsabant,</strong></span> <span class='ocrx_word' id='word_1_200' title='bbox 1553 2170 1557 2178; x_wconf 22' lang='grc' dir='ltr'>ἱ</span> 
     </span>
     <span class='ocr_line' id='line_1_22' title="bbox 63 2172 1598 2259; baseline 0 -23"><span class='ocrx_word' id='word_1_201' title='bbox 63 2175 200 2257; x_wconf 55' lang='lat' dir='ltr'><strong>&lt;inprime</strong></span> <span class='ocrx_word' id='word_1_202' title='bbox 214 2176 387 2257; x_wconf 76' lang='grc' dir='ltr'>ἀποφάσεως·</span> <span class='ocrx_word' id='word_1_203' title='bbox 408 2176 457 2237; x_wconf 80' lang='grc' dir='ltr'><strong>κάν</strong></span> <span class='ocrx_word' id='word_1_204' title='bbox 472 2175 531 2236; x_wconf 85' lang='grc' dir='ltr'>οὔτε</span> <span class='ocrx_word' id='word_1_205' title='bbox 546 2178 579 2235; x_wconf 89' lang='grc' dir='ltr'><strong>δι’</strong></span> <span class='ocrx_word' id='word_1_206' title='bbox 602 2182 655 2256; x_wconf 67' lang='grc' dir='ltr'><strong>ἀγ·</strong></span> <span class='ocrx_word' id='word_1_207' title='bbox 708 2172 856 2251; x_wconf 72' lang='grc' dir='ltr'>Πίὶεπιεε,</span> <span class='ocrx_word' id='word_1_208' title='bbox 886 2178 1024 2251; x_wconf 84' lang='lat' dir='ltr'><strong>Domine,</strong></span> <span class='ocrx_word' id='word_1_209' title='bbox 1053 2181 1199 2250; x_wconf 79' lang='lat' dir='ltr'><strong>Domine,</strong></span> <span class='ocrx_word' id='word_1_210' title='bbox 1227 2184 1308 2259; x_wconf 81' lang='lat' dir='ltr'><strong>operi</strong></span> <span class='ocrx_word' id='word_1_211' title='bbox 1336 2183 1417 2239; x_wconf 85' lang='lat' dir='ltr'><strong>nobis</strong></span> <span class='ocrx_word' id='word_1_212' title='bbox 1435 2194 1598 2238; x_wconf 52' lang='lat' dir='ltr'><strong>stantun.</strong></span> 
     </span>
     <span class='ocr_line' id='line_1_23' title="bbox 70 2253 1527 2337; baseline 0.001 -21"><span class='ocrx_word' id='word_1_213' title='bbox 70 2258 104 2316; x_wconf 91' lang='grc' dir='ltr'><strong>δι’</strong></span> <span class='ocrx_word' id='word_1_214' title='bbox 115 2260 209 2315; x_wconf 80' lang='grc' dir='ltr'>ἑαυτοῦ</span> <span class='ocrx_word' id='word_1_215' title='bbox 223 2253 272 2326; x_wconf 82' lang='grc' dir='ltr'><strong>τὴν</strong></span> <span class='ocrx_word' id='word_1_216' title='bbox 283 2254 411 2334; x_wconf 71' lang='grc' dir='ltr'>ὀδυνηρὸν</span> <span class='ocrx_word' id='word_1_217' title='bbox 423 2255 563 2337; x_wconf 80' lang='grc' dir='ltr'>ἀπόκρισιν</span> <span class='ocrx_word' id='word_1_218' title='bbox 577 2255 656 2316; x_wconf 56' lang='grc' dir='ltr'>δίδον</span> <span class='ocrx_word' id='word_1_219' title='bbox 707 2256 804 2319; x_wconf 90' lang='lat' dir='ltr'><strong>Judicc</strong></span> <span class='ocrx_word' id='word_1_220' title='bbox 826 2279 861 2318; x_wconf 80' lang='lat' dir='ltr'><strong>ex</strong></span> <span class='ocrx_word' id='word_1_221' title='bbox 881 2255 1055 2317; x_wconf 90' lang='lat' dir='ltr'><strong>interioribus</strong></span> <span class='ocrx_word' id='word_1_222' title='bbox 1071 2257 1175 2318; x_wconf 74' lang='lat' dir='ltr'><strong>editu</strong></span> <span class='ocrx_word' id='word_1_223' title='bbox 1193 2257 1349 2318; x_wconf 86' lang='lat' dir='ltr'><strong>terribiliter</strong></span> <span class='ocrx_word' id='word_1_224' title='bbox 1365 2258 1479 2318; x_wconf 71' lang='lat' dir='ltr'><strong>incia-²¹</strong></span> <span class='ocrx_word' id='word_1_225' title='bbox 1492 2270 1527 2301; x_wconf 81' lang='lat'><strong>¹²·</strong></span> 
     </span>
     <span class='ocr_line' id='line_1_24' title="bbox 61 2333 1455 2416; baseline 0.001 -22"><span class='ocrx_word' id='word_1_226' title='bbox 61 2360 73 2404; x_wconf 86' lang='grc' dir='ltr'>ς</span> <span class='ocrx_word' id='word_1_227' title='bbox 99 2341 186 2416; x_wconf 81' lang='grc' dir='ltr'>φωνῆς</span> <span class='ocrx_word' id='word_1_228' title='bbox 208 2334 371 2407; x_wconf 79' lang='grc' dir='ltr'>ἀκούσασαι,</span> <span class='ocrx_word' id='word_1_229' title='bbox 385 2333 439 2395; x_wconf 80' lang='grc' dir='ltr'><strong>καί</strong></span> <span class='ocrx_word' id='word_1_230' title='bbox 463 2335 493 2393; x_wconf 85' lang='grc' dir='ltr'><strong>τὸ</strong></span> <span class='ocrx_word' id='word_1_231' title='bbox 514 2334 656 2416; x_wconf 75' lang='grc' dir='ltr'>πρόσωπον</span> <span class='ocrx_word' id='word_1_232' title='bbox 708 2351 797 2397; x_wconf 83' lang='lat' dir='ltr'><strong>inante</strong></span> <span class='ocrx_word' id='word_1_233' title='bbox 811 2360 817 2393; x_wconf 92' lang='lat'><strong>:</strong></span> <span class='ocrx_word' id='word_1_234' title='bbox 832 2336 947 2408; x_wconf 81' lang='lat' dir='ltr'><strong>Arnen,</strong></span> <span class='ocrx_word' id='word_1_235' title='bbox 963 2357 1052 2396; x_wconf 85' lang='lat' dir='ltr'><strong>amen</strong></span> <span class='ocrx_word' id='word_1_236' title='bbox 1065 2339 1132 2397; x_wconf 85' lang='lat' dir='ltr'><strong>dico</strong></span> <span class='ocrx_word' id='word_1_237' title='bbox 1151 2339 1255 2410; x_wconf 79' lang='lat' dir='ltr'><strong>vobis,</strong></span> <span class='ocrx_word' id='word_1_238' title='bbox 1271 2342 1369 2398; x_wconf 85' lang='lat' dir='ltr'><strong>nescio</strong></span> <span class='ocrx_word' id='word_1_239' title='bbox 1385 2358 1455 2398; x_wconf 86' lang='lat' dir='ltr'><strong>vos..</strong></span> 
     </span>
     <span class='ocr_line' id='line_1_25' title="bbox 61 2413 1458 2498; baseline 0.001 -24"><span class='ocrx_word' id='word_1_240' title='bbox 61 2416 175 2494; x_wconf 76' lang='grc' dir='ltr'>ἄμεναι,</span> <span class='ocrx_word' id='word_1_241' title='bbox 197 2414 304 2492; x_wconf 80' lang='grc' dir='ltr'>μείζονα</span> <span class='ocrx_word' id='word_1_242' title='bbox 321 2413 370 2486; x_wconf 65' lang='lat' dir='ltr'><strong>clv</strong></span> <span class='ocrx_word' id='word_1_243' title='bbox 384 2413 497 2493; x_wconf 84' lang='grc' dir='ltr'>βάσανον</span> <span class='ocrx_word' id='word_1_244' title='bbox 510 2415 657 2493; x_wconf 80' lang='grc' dir='ltr'>θπομείνω·</span> <span class='ocrx_word' id='word_1_245' title='bbox 709 2420 734 2477; x_wconf 93' lang='grc' dir='ltr'>Ο</span> <span class='ocrx_word' id='word_1_246' title='bbox 747 2437 902 2497; x_wconf 82' lang='lat' dir='ltr'><strong>supremam</strong></span> <span class='ocrx_word' id='word_1_247' title='bbox 911 2415 1086 2479; x_wconf 82' lang='lat' dir='ltr'><strong>sententiam!</strong></span> <span class='ocrx_word' id='word_1_248' title='bbox 1101 2415 1164 2479; x_wconf 85' lang='lat' dir='ltr'><strong>licet</strong></span> <span class='ocrx_word' id='word_1_249' title='bbox 1176 2437 1230 2475; x_wconf 91' lang='lat' dir='ltr'><strong>non</strong></span> <span class='ocrx_word' id='word_1_250' title='bbox 1243 2439 1291 2498; x_wconf 84' lang='lat' dir='ltr'><strong>prr</strong></span> <span class='ocrx_word' id='word_1_251' title='bbox 1303 2417 1458 2497; x_wconf 80' lang='lat' dir='ltr'><strong>angelum,</strong></span> 
     </span>
     <span class='ocr_line' id='line_1_26' title="bbox 61 2484 1452 2578; baseline 0.001 -24"><span class='ocrx_word' id='word_1_252' title='bbox 61 2494 108 2574; x_wconf 89' lang='grc' dir='ltr'>ίγω</span> <span class='ocrx_word' id='word_1_253' title='bbox 120 2499 192 2573; x_wconf 87' lang='grc' dir='ltr'>θμῐν,</span> <span class='ocrx_word' id='word_1_254' title='bbox 207 2497 254 2554; x_wconf 79' lang='grc' dir='ltr'><strong>οὐκ</strong></span> <span class='ocrx_word' id='word_1_255' title='bbox 265 2484 324 2554; x_wconf 75' lang='grc' dir='ltr'>οἶδα</span> <span class='ocrx_word' id='word_1_256' title='bbox 335 2497 415 2573; x_wconf 69' lang='grc' dir='ltr'>ὑμᾶς.</span> <span class='ocrx_word' id='word_1_257' title='bbox 426 2496 485 2554; x_wconf 81' lang='grc' dir='ltr'><strong>Οὐκ</strong></span> <span class='ocrx_word' id='word_1_258' title='bbox 496 2485 567 2563; x_wconf 82' lang='grc' dir='ltr'>οἶδας</span> <span class='ocrx_word' id='word_1_259' title='bbox 576 2501 656 2574; x_wconf 74' lang='grc' dir='ltr'>ἡμᾶς,</span> <span class='ocrx_word' id='word_1_260' title='bbox 673 2519 694 2565; x_wconf 77' lang='grc' dir='ltr'><strong>ι)</strong></span> <span class='ocrx_word' id='word_1_261' title='bbox 709 2495 757 2556; x_wconf 87' lang='lat' dir='ltr'><strong>sed</strong></span> <span class='ocrx_word' id='word_1_262' title='bbox 767 2517 816 2577; x_wconf 89' lang='lat' dir='ltr'><strong>per</strong></span> <span class='ocrx_word' id='word_1_263' title='bbox 826 2517 854 2556; x_wconf 88' lang='lat' dir='ltr'><strong>se</strong></span> <span class='ocrx_word' id='word_1_264' title='bbox 866 2496 925 2578; x_wconf 85' lang='lat' dir='ltr'><strong>ipse</strong></span> <span class='ocrx_word' id='word_1_265' title='bbox 936 2494 1090 2556; x_wconf 89' lang='lat' dir='ltr'><strong>luctuosum</strong></span> <span class='ocrx_word' id='word_1_266' title='bbox 1104 2517 1262 2576; x_wconf 88' lang='lat' dir='ltr'><strong>responsum</strong></span> <span class='ocrx_word' id='word_1_267' title='bbox 1276 2492 1399 2575; x_wconf 83' lang='lat' dir='ltr'><strong>dederit3</strong></span> <span class='ocrx_word' id='word_1_268' title='bbox 1421 2510 1452 2557; x_wconf 94' lang='lat' dir='ltr'><strong>ut</strong></span> 
     </span>
     <span class='ocr_line' id='line_1_27' title="bbox 61 2572 1452 2656; baseline 0.001 -22"><span class='ocrx_word' id='word_1_269' title='bbox 61 2600 73 2634; x_wconf 89' lang='grc' dir='ltr'>ι</span> <span class='ocrx_word' id='word_1_270' title='bbox 86 2574 189 2654; x_wconf 79' lang='grc' dir='ltr'>μήτρας</span> <span class='ocrx_word' id='word_1_271' title='bbox 202 2573 248 2632; x_wconf 72' lang='lat' dir='ltr'><strong>tat</strong></span> <span class='ocrx_word' id='word_1_272' title='bbox 261 2573 291 2634; x_wconf 84' lang='lat' dir='ltr'><strong>ol</strong></span> <span class='ocrx_word' id='word_1_273' title='bbox 304 2572 496 2656; x_wconf 81' lang='grc' dir='ltr'>ίπιῤῥίφημτν,</span> <span class='ocrx_word' id='word_1_274' title='bbox 512 2576 657 2648; x_wconf 75' lang='grc' dir='ltr'>ἠκολουθή-</span> <span class='ocrx_word' id='word_1_275' title='bbox 710 2597 773 2635; x_wconf 92' lang='lat' dir='ltr'><strong>cum</strong></span> <span class='ocrx_word' id='word_1_276' title='bbox 795 2596 890 2636; x_wconf 82' lang='lat' dir='ltr'><strong>vocem</strong></span> <span class='ocrx_word' id='word_1_277' title='bbox 908 2573 1048 2651; x_wconf 90' lang='lat' dir='ltr'><strong>audirent,</strong></span> <span class='ocrx_word' id='word_1_278' title='bbox 1070 2575 1166 2635; x_wconf 87' lang='lat' dir='ltr'><strong>faciem</strong></span> <span class='ocrx_word' id='word_1_279' title='bbox 1180 2589 1271 2636; x_wconf 87' lang='lat' dir='ltr'><strong>autem</strong></span> <span class='ocrx_word' id='word_1_280' title='bbox 1283 2577 1378 2637; x_wconf 82' lang='lat' dir='ltr'><strong>videre</strong></span> <span class='ocrx_word' id='word_1_281' title='bbox 1399 2598 1452 2638; x_wconf 90' lang='lat' dir='ltr'><strong>non</strong></span> 
     </span>
     <span class='ocr_line' id='line_1_28' title="bbox 61 2649 1453 2736; baseline 0.002 -24"><span class='ocrx_word' id='word_1_282' title='bbox 61 2677 128 2713; x_wconf 85' lang='grc' dir='ltr'>οσου</span> <span class='ocrx_word' id='word_1_283' title='bbox 141 2655 172 2711; x_wconf 73' lang='grc' dir='ltr'><strong>ἐκ</strong></span> <span class='ocrx_word' id='word_1_284' title='bbox 184 2652 305 2724; x_wconf 80' lang='grc' dir='ltr'>νεότητος</span> <span class='ocrx_word' id='word_1_285' title='bbox 320 2657 412 2731; x_wconf 74' lang='grc' dir='ltr'>ἡμῶν,</span> <span class='ocrx_word' id='word_1_286' title='bbox 428 2652 477 2726; x_wconf 70' lang='grc' dir='ltr'><strong>τὴν</strong></span> <span class='ocrx_word' id='word_1_287' title='bbox 491 2654 596 2731; x_wconf 82' lang='grc' dir='ltr'>ἁγνείαν</span> <span class='ocrx_word' id='word_1_288' title='bbox 602 2649 659 2716; x_wconf 84' lang='grc' dir='ltr'>διι-</span> <span class='ocrx_word' id='word_1_289' title='bbox 710 2669 832 2736; x_wconf 87' lang='lat' dir='ltr'><strong>possent,</strong></span> <span class='ocrx_word' id='word_1_290' title='bbox 846 2654 932 2715; x_wconf 90' lang='lat' dir='ltr'><strong>multo</strong></span> <span class='ocrx_word' id='word_1_291' title='bbox 942 2655 1263 2735; x_wconf 86' lang='lat' dir='ltr'><strong>ampliustorqucrentur.</strong></span> <span class='ocrx_word' id='word_1_292' title='bbox 1276 2656 1377 2715; x_wconf 85' lang='lat' dir='ltr'><strong>Amen</strong></span> <span class='ocrx_word' id='word_1_293' title='bbox 1387 2659 1453 2717; x_wconf 84' lang='lat' dir='ltr'><strong>dieo</strong></span> 
     </span>
     <span class='ocr_line' id='line_1_29' title="bbox 66 2732 1454 2815; baseline 0.003 -24"><span class='ocrx_word' id='word_1_294' title='bbox 66 2733 132 2811; x_wconf 81' lang='grc' dir='ltr'>θτερ</span> <span class='ocrx_word' id='word_1_295' title='bbox 146 2732 264 2801; x_wconf 78' lang='grc' dir='ltr'>ἔπλασας</span> <span class='ocrx_word' id='word_1_296' title='bbox 277 2737 341 2810; x_wconf 79' lang='grc' dir='ltr'>ἡμῖν</span> <span class='ocrx_word' id='word_1_297' title='bbox 357 2736 449 2812; x_wconf 85' lang='grc' dir='ltr'>σῶμα,</span> <span class='ocrx_word' id='word_1_298' title='bbox 461 2732 592 2815; x_wconf 77' lang='grc' dir='ltr'>ἄφθαρτον</span> <span class='ocrx_word' id='word_1_299' title='bbox 602 2736 656 2795; x_wconf 81' lang='grc' dir='ltr'>δια-</span> <span class='ocrx_word' id='word_1_300' title='bbox 711 2738 796 2794; x_wconf 84' lang='lat' dir='ltr'><strong>vobis</strong></span> <span class='ocrx_word' id='word_1_301' title='bbox 802 2779 812 2807; x_wconf 89' lang='lat'><strong>,</strong></span> <span class='ocrx_word' id='word_1_302' title='bbox 827 2737 923 2794; x_wconf 82' lang='lat' dir='ltr'><strong>neseio</strong></span> <span class='ocrx_word' id='word_1_303' title='bbox 934 2754 999 2793; x_wconf 82' lang='lat' dir='ltr'><strong>vos.</strong></span> <span class='ocrx_word' id='word_1_304' title='bbox 1011 2736 1072 2794; x_wconf 90' lang='lat' dir='ltr'><strong>Non</strong></span> <span class='ocrx_word' id='word_1_305' title='bbox 1084 2734 1154 2795; x_wconf 89' lang='lat' dir='ltr'><strong>nosti</strong></span> <span class='ocrx_word' id='word_1_306' title='bbox 1165 2756 1229 2813; x_wconf 88' lang='lat' dir='ltr'><strong>nos,</strong></span> <span class='ocrx_word' id='word_1_307' title='bbox 1241 2736 1374 2795; x_wconf 84' lang='lat' dir='ltr'><strong>Domine?</strong></span> <span class='ocrx_word' id='word_1_308' title='bbox 1388 2736 1416 2795; x_wconf 90' lang='lat' dir='ltr'><strong>in</strong></span> <span class='ocrx_word' id='word_1_309' title='bbox 1428 2750 1454 2795; x_wconf 94' lang='lat' dir='ltr'><strong>te</strong></span> 
     </span>
     <span class='ocr_line' id='line_1_30' title="bbox 70 2810 1455 2894; baseline 0.002 -23"><span class='ocrx_word' id='word_1_310' title='bbox 70 2814 100 2872; x_wconf 78' lang='grc' dir='ltr'><strong>οὐ</strong></span> <span class='ocrx_word' id='word_1_311' title='bbox 121 2811 311 2891; x_wconf 81' lang='grc' dir='ltr'>προυδώκαμεν</span> <span class='ocrx_word' id='word_1_312' title='bbox 332 2810 368 2870; x_wconf 86' lang='grc' dir='ltr'><strong>τδι</strong></span> <span class='ocrx_word' id='word_1_313' title='bbox 391 2813 461 2890; x_wconf 75' lang='grc' dir='ltr'>μέλη</span> <span class='ocrx_word' id='word_1_314' title='bbox 478 2823 532 2880; x_wconf 88' lang='grc' dir='ltr'>τοῖς</span> <span class='ocrx_word' id='word_1_315' title='bbox 550 2813 660 2887; x_wconf 89' lang='grc' dir='ltr'>πάθεσι,</span> <span class='ocrx_word' id='word_1_316' title='bbox 711 2815 835 2894; x_wconf 74' lang='lat' dir='ltr'><strong>projecte</strong></span> <span class='ocrx_word' id='word_1_317' title='bbox 849 2835 943 2874; x_wconf 87' lang='lat' dir='ltr'><strong>sumus</strong></span> <span class='ocrx_word' id='word_1_318' title='bbox 953 2834 988 2872; x_wconf 79' lang='lat' dir='ltr'><strong>ex</strong></span> <span class='ocrx_word' id='word_1_319' title='bbox 1002 2827 1093 2892; x_wconf 89' lang='lat' dir='ltr'><strong>utero,</strong></span> <span class='ocrx_word' id='word_1_320' title='bbox 1109 2829 1227 2892; x_wconf 77' lang='lat' dir='ltr'><strong>sequace</strong></span> <span class='ocrx_word' id='word_1_321' title='bbox 1242 2836 1335 2874; x_wconf 90' lang='lat' dir='ltr'><strong>sumus</strong></span> <span class='ocrx_word' id='word_1_322' title='bbox 1348 2829 1398 2874; x_wconf 89' lang='lat' dir='ltr'><strong>tea</strong></span> <span class='ocrx_word' id='word_1_323' title='bbox 1414 2815 1455 2873; x_wconf 91' lang='lat' dir='ltr'><strong>&#39;u-</strong></span> 
     </span>
     <span class='ocr_line' id='line_1_31' title="bbox 61 2836 1456 2973; baseline 0.003 -23"><span class='ocrx_word' id='word_1_324' title='bbox 61 2893 119 2971; x_wconf 78' lang='lat' dir='ltr'><strong>:apl</strong></span> <span class='ocrx_word' id='word_1_325' title='bbox 137 2895 185 2963; x_wconf 76' lang='grc' dir='ltr'><strong>τῆς</strong></span> <span class='ocrx_word' id='word_1_326' title='bbox 199 2896 247 2964; x_wconf 81' lang='grc' dir='ltr'><strong>τῆς</strong></span> <span class='ocrx_word' id='word_1_327' title='bbox 261 2891 344 2960; x_wconf 76' lang='grc' dir='ltr'>δεξιᾶς</span> <span class='ocrx_word' id='word_1_328' title='bbox 359 2893 591 2973; x_wconf 81' lang='grc' dir='ltr'>προσεδοκήσαμεν</span> <span class='ocrx_word' id='word_1_329' title='bbox 616 2894 660 2954; x_wconf 82' lang='grc' dir='ltr'><strong>δέ·</strong></span> <span class='ocrx_word' id='word_1_330' title='bbox 712 2906 821 2952; x_wconf 78' lang='grc' dir='ltr'>νοπῑυῑο</span> <span class='ocrx_word' id='word_1_331' title='bbox 830 2906 932 2968; x_wconf 89' lang='lat' dir='ltr'><strong>nostra,</strong></span> <span class='ocrx_word' id='word_1_332' title='bbox 942 2893 1091 2953; x_wconf 87' lang='lat' dir='ltr'><strong>castitatem</strong></span> <span class='ocrx_word' id='word_1_333' title='bbox 1100 2893 1282 2970; x_wconf 87' lang='lat' dir='ltr'><strong>servavimus,</strong></span> <span class='ocrx_word' id='word_1_334' title='bbox 1294 2894 1368 2973; x_wconf 90' lang='lat' dir='ltr'><strong>quod</strong></span> <span class='ocrx_word' id='word_1_335' title='bbox 1378 2836 1456 2955; x_wconf 87' lang='lat' dir='ltr'><strong>nobis</strong></span> 
     </span>
     <span class='ocr_line' id='line_1_32' title="bbox 67 2969 1455 3054; baseline 0.001 -23"><span class='ocrx_word' id='word_1_336' title='bbox 67 2979 112 3031; x_wconf 78' lang='grc' dir='ltr'><strong>νῦν</strong></span> <span class='ocrx_word' id='word_1_337' title='bbox 127 2969 591 3052; x_wconf 77' lang='grc' dir='ltr'>τὰςθύραςέπίκλεισαςκαὶλίγεις,</span> <span class='ocrx_word' id='word_1_338' title='bbox 604 2976 661 3034; x_wconf 79' lang='grc' dir='ltr'><strong>Οὐκ</strong></span> <span class='ocrx_word' id='word_1_339' title='bbox 713 2972 842 3033; x_wconf 85' lang='lat' dir='ltr'><strong>effinxisti</strong></span> <span class='ocrx_word' id='word_1_340' title='bbox 869 2992 987 3054; x_wconf 87' lang='lat' dir='ltr'><strong>corpus,</strong></span> <span class='ocrx_word' id='word_1_341' title='bbox 1012 2973 1118 3032; x_wconf 88' lang='lat' dir='ltr'><strong>incorru</strong></span> <span class='ocrx_word' id='word_1_342' title='bbox 1138 2987 1196 3032; x_wconf 87' lang='lat' dir='ltr'><strong>tum</strong></span> <span class='ocrx_word' id='word_1_343' title='bbox 1224 2974 1455 3047; x_wconf 75' lang='lat' dir='ltr'><strong>conservavimus,</strong></span> 
     </span>
     <span class='ocr_line' id='line_1_33' title="bbox 62 2995 1457 3132; baseline 0 -20"><span class='ocrx_word' id='word_1_344' title='bbox 62 3051 130 3123; x_wconf 85' lang='grc' dir='ltr'>Ναί,</span> <span class='ocrx_word' id='word_1_345' title='bbox 152 3052 233 3118; x_wconf 79' lang='grc' dir='ltr'>ὅντως</span> <span class='ocrx_word' id='word_1_346' title='bbox 258 3053 307 3111; x_wconf 80' lang='grc' dir='ltr'><strong>οὐκ</strong></span> <span class='ocrx_word' id='word_1_347' title='bbox 331 3041 390 3112; x_wconf 79' lang='grc' dir='ltr'>οἶδα</span> <span class='ocrx_word' id='word_1_348' title='bbox 417 3053 495 3128; x_wconf 78' lang='grc' dir='ltr'>ὑμᾶς.</span> <span class='ocrx_word' id='word_1_349' title='bbox 513 3051 564 3111; x_wconf 77' lang='grc' dir='ltr'><strong>Διὰ</strong></span> <span class='ocrx_word' id='word_1_350' title='bbox 588 3041 661 3127; x_wconf 61' lang='lat' dir='ltr'><strong>eti,</strong></span> <span class='ocrx_word' id='word_1_351' title='bbox 714 3073 767 3112; x_wconf 92' lang='lat' dir='ltr'><strong>non</strong></span> <span class='ocrx_word' id='word_1_352' title='bbox 780 3052 944 3132; x_wconf 89' lang='lat' dir='ltr'><strong>subjecimus</strong></span> <span class='ocrx_word' id='word_1_353' title='bbox 955 3053 1075 3112; x_wconf 86' lang='lat' dir='ltr'><strong>membra</strong></span> <span class='ocrx_word' id='word_1_354' title='bbox 1085 2995 1235 3129; x_wconf 54' lang='lat' dir='ltr'><strong>elielctihus,</strong></span> <span class='ocrx_word' id='word_1_355' title='bbox 1245 3052 1457 3114; x_wconf 81' lang='lat' dir='ltr'><strong>coronasadex-</strong></span> 
     </span>
     <span class='ocr_line' id='line_1_34' title="bbox 61 3129 1456 3214; baseline -0.001 -22"><span class='ocrx_word' id='word_1_356' title='bbox 61 3130 244 3202; x_wconf 75' lang='grc' dir='ltr'>λΔεσπάτης·</span> <span class='ocrx_word' id='word_1_357' title='bbox 269 3131 313 3190; x_wconf 85' lang='grc' dir='ltr'>διδι</span> <span class='ocrx_word' id='word_1_358' title='bbox 331 3130 372 3204; x_wconf 76' lang='grc' dir='ltr'><strong>τί,</strong></span> <span class='ocrx_word' id='word_1_359' title='bbox 387 3129 499 3204; x_wconf 82' lang='grc' dir='ltr'>Ἐπειδὴ</span> <span class='ocrx_word' id='word_1_360' title='bbox 519 3131 661 3204; x_wconf 79' lang='grc' dir='ltr'>ίπτίνασα,</span> <span class='ocrx_word' id='word_1_361' title='bbox 714 3145 770 3190; x_wconf 89' lang='lat' dir='ltr'><strong>tera</strong></span> <span class='ocrx_word' id='word_1_362' title='bbox 780 3144 827 3191; x_wconf 92' lang='lat' dir='ltr'><strong>tua</strong></span> <span class='ocrx_word' id='word_1_363' title='bbox 840 3130 1025 3214; x_wconf 89' lang='lat' dir='ltr'><strong>suscipiendas</strong></span> <span class='ocrx_word' id='word_1_364' title='bbox 1038 3152 1086 3191; x_wconf 82' lang='lat' dir='ltr'><strong>exs</strong></span> <span class='ocrx_word' id='word_1_365' title='bbox 1136 3131 1273 3208; x_wconf 79' lang='lat' dir='ltr'><strong>tahamus3</strong></span> <span class='ocrx_word' id='word_1_366' title='bbox 1287 3146 1314 3191; x_wconf 91' lang='lat' dir='ltr'><strong>et</strong></span> <span class='ocrx_word' id='word_1_367' title='bbox 1331 3154 1403 3192; x_wconf 92' lang='lat' dir='ltr'><strong>nunc</strong></span> <span class='ocrx_word' id='word_1_368' title='bbox 1416 3133 1456 3192; x_wconf 84' lang='lat' dir='ltr'><strong>io-</strong></span> 
     </span>
     <span class='ocr_line' id='line_1_35' title="bbox 61 3153 1458 3346; baseline 0 -76"><span class='ocrx_word' id='word_1_369' title='bbox 61 3210 121 3270; x_wconf 81' lang='grc' dir='ltr'>κατέ</span> <span class='ocrx_word' id='word_1_370' title='bbox 137 3232 183 3289; x_wconf 87' lang='grc' dir='ltr'>μοι</span> <span class='ocrx_word' id='word_1_371' title='bbox 193 3218 299 3346; x_wconf 76' lang='grc' dir='ltr'>φαγφῖν·</span> <span class='ocrx_word' id='word_1_372' title='bbox 313 3209 442 3313; x_wconf 70' lang='grc' dir='ltr'>ίδίψησμ,</span> <span class='ocrx_word' id='word_1_373' title='bbox 453 3211 499 3271; x_wconf 82' lang='grc' dir='ltr'><strong>καί</strong></span> <span class='ocrx_word' id='word_1_374' title='bbox 510 3212 558 3271; x_wconf 82' lang='grc' dir='ltr'><strong>οὐκ</strong></span> <span class='ocrx_word' id='word_1_375' title='bbox 571 3213 663 3270; x_wconf 79' lang='grc' dir='ltr'>ίπατί-</span> <span class='ocrx_word' id='word_1_376' title='bbox 715 3231 757 3271; x_wconf 76' lang='lat' dir='ltr'><strong>res</strong></span> <span class='ocrx_word' id='word_1_377' title='bbox 770 3210 906 3303; x_wconf 74' lang='lat' dir='ltr'><strong>occlusisti</strong></span> <span class='ocrx_word' id='word_1_378' title='bbox 916 3231 949 3302; x_wconf 72' lang='lat' dir='ltr'><strong>ac</strong></span> <span class='ocrx_word' id='word_1_379' title='bbox 956 3209 1040 3302; x_wconf 79' lang='lat' dir='ltr'><strong>dieis,</strong></span> <span class='ocrx_word' id='word_1_380' title='bbox 1058 3153 1164 3271; x_wconf 64' lang='lat' dir='ltr'><strong>Itliiio</strong></span> <span class='ocrx_word' id='word_1_381' title='bbox 1179 3233 1234 3332; x_wconf 65' lang='grc' dir='ltr'>προς</span> <span class='ocrx_word' id='word_1_382' title='bbox 1246 3218 1260 3270; x_wconf 77' lang='lat' dir='ltr'><strong>i’</strong></span> <span class='ocrx_word' id='word_1_383' title='bbox 1274 3211 1383 3304; x_wconf 74' lang='lat' dir='ltr'><strong>Etiam,</strong></span> <span class='ocrx_word' id='word_1_384' title='bbox 1395 3233 1458 3274; x_wconf 82' lang='lat' dir='ltr'><strong>vere</strong></span> 
     </span>
     <span class='ocr_line' id='line_1_36' title="bbox 61 3288 1609 3450; baseline -0.001 -22"><span class='ocrx_word' id='word_1_385' title='bbox 61 3290 250 3446; x_wconf 57' lang='lat' dir='ltr'><strong>tibet?</strong></span> <span class='ocrx_word' id='word_1_386' title='bbox 264 3289 475 3443; x_wconf 59' lang='lat' dir='ltr'><strong>stabiliti</strong></span> <span class='ocrx_word' id='word_1_387' title='bbox 484 3290 665 3450; x_wconf 56' lang='grc' dir='ltr'>,ίίπίξίῖλί</span> <span class='ocrx_word' id='word_1_388' title='bbox 715 3311 803 3441; x_wconf 62' lang='lat' dir='ltr'><strong>hili</strong></span> <span class='ocrx_word' id='word_1_389' title='bbox 816 3311 878 3429; x_wconf 69' lang='lat' dir='ltr'><strong>iil</strong></span> <span class='ocrx_word' id='word_1_390' title='bbox 894 3288 1049 3449; x_wconf 56' lang='grc' dir='ltr'>(θίίίίλ</span> <span class='ocrx_word' id='word_1_391' title='bbox 1063 3293 1196 3444; x_wconf 47' lang='lat' dir='ltr'><strong>iffi?</strong></span> <span class='ocrx_word' id='word_1_392' title='bbox 1210 3292 1553 3432; x_wconf 53' lang='lat' dir='ltr'><strong>williario.</strong></span> <span class='ocrx_word' id='word_1_393' title='bbox 1571 3382 1609 3430; x_wconf 64' lang='grc' dir='ltr'><strong>,ι</strong></span> 
     </span>
     <span class='ocr_line' id='line_1_37' title="bbox 68 3444 1554 3531; baseline -0.001 -23"><span class='ocrx_word' id='word_1_394' title='bbox 68 3447 136 3528; x_wconf 76' lang='grc' dir='ltr'>πρός</span> <span class='ocrx_word' id='word_1_395' title='bbox 150 3473 192 3527; x_wconf 86' lang='grc' dir='ltr'>με.</span> <span class='ocrx_word' id='word_1_396' title='bbox 208 3448 275 3526; x_wconf 89' lang='grc' dir='ltr'><strong>Ἐγγ</strong></span> <span class='ocrx_word' id='word_1_397' title='bbox 292 3448 564 3530; x_wconf 80' lang='grc' dir='ltr'>άφωςδιεστειλοίμην</span> <span class='ocrx_word' id='word_1_398' title='bbox 593 3455 665 3531; x_wconf 80' lang='grc' dir='ltr'>ὑμῖν,</span> <span class='ocrx_word' id='word_1_399' title='bbox 718 3451 791 3509; x_wconf 84' lang='lat' dir='ltr'><strong>mihi</strong></span> <span class='ocrx_word' id='word_1_400' title='bbox 812 3450 1011 3521; x_wconf 66' lang='lat' dir='ltr'><strong>mundanam</strong></span> <span class='ocrx_word' id='word_1_401' title='bbox 1030 3453 1110 3509; x_wconf 80' lang='lat' dir='ltr'><strong>sitivi</strong></span> <span class='ocrx_word' id='word_1_402' title='bbox 1123 3462 1152 3509; x_wconf 85' lang='lat' dir='ltr'><strong>et</strong></span> <span class='ocrx_word' id='word_1_403' title='bbox 1172 3470 1231 3510; x_wconf 90' lang='lat' dir='ltr'><strong>non</strong></span> <span class='ocrx_word' id='word_1_404' title='bbox 1246 3455 1369 3531; x_wconf 84' lang='lat' dir='ltr'><strong>potastis</strong></span> <span class='ocrx_word' id='word_1_405' title='bbox 1395 3444 1554 3521; x_wconf 52' lang='lat' dir='ltr'><strong>metat&amp;</strong></span> 
     </span>
     <span class='ocr_line' id='line_1_38' title="bbox 71 3471 1461 3611; baseline 0.001 -23"><span class='ocrx_word' id='word_1_406' title='bbox 71 3529 133 3588; x_wconf 77' lang='grc' dir='ltr'>ὅσον</span> <span class='ocrx_word' id='word_1_407' title='bbox 146 3529 196 3588; x_wconf 82' lang='grc' dir='ltr'><strong>οὐκ</strong></span> <span class='ocrx_word' id='word_1_408' title='bbox 207 3471 350 3599; x_wconf 68' lang='lat' dir='ltr'><strong>insiluere</strong></span> <span class='ocrx_word' id='word_1_409' title='bbox 360 3528 399 3587; x_wconf 81' lang='grc' dir='ltr'>ἑνί</span> <span class='ocrx_word' id='word_1_410' title='bbox 409 3528 509 3588; x_wconf 82' lang='grc' dir='ltr'>τούτων</span> <span class='ocrx_word' id='word_1_411' title='bbox 522 3533 575 3589; x_wconf 77' lang='grc' dir='ltr'><strong>τῶν</strong></span> <span class='ocrx_word' id='word_1_412' title='bbox 587 3531 666 3590; x_wconf 81' lang='grc' dir='ltr'>ἀδελ·</span> <span class='ocrx_word' id='word_1_413' title='bbox 718 3531 819 3611; x_wconf 82' lang='lat' dir='ltr'><strong>hospes</strong></span> <span class='ocrx_word' id='word_1_414' title='bbox 830 3549 929 3602; x_wconf 70' lang='lat' dir='ltr'><strong>mom,</strong></span> <span class='ocrx_word' id='word_1_415' title='bbox 943 3542 971 3590; x_wconf 87' lang='lat' dir='ltr'><strong>et</strong></span> <span class='ocrx_word' id='word_1_416' title='bbox 983 3549 1043 3588; x_wconf 88' lang='lat' dir='ltr'><strong>non</strong></span> <span class='ocrx_word' id='word_1_417' title='bbox 1054 3531 1214 3610; x_wconf 77' lang='lat' dir='ltr'><strong>collegistis</strong></span> <span class='ocrx_word' id='word_1_418' title='bbox 1228 3551 1274 3590; x_wconf 84' lang='lat' dir='ltr'><strong>me</strong></span> <span class='ocrx_word' id='word_1_419' title='bbox 1282 3532 1415 3603; x_wconf 80' lang='lat' dir='ltr'><strong>;·nudus,</strong></span> <span class='ocrx_word' id='word_1_420' title='bbox 1432 3543 1461 3590; x_wconf 83' lang='lat' dir='ltr'><strong>et</strong></span> 
     </span>
     <span class='ocr_line' id='line_1_39' title="bbox 61 3606 1461 3748; baseline 0.003 -82"><span class='ocrx_word' id='word_1_421' title='bbox 61 3633 74 3666; x_wconf 95' lang='grc' dir='ltr'>ν</span> <span class='ocrx_word' id='word_1_422' title='bbox 87 3606 236 3687; x_wconf 68' lang='grc' dir='ltr'>ἐλαχίστων</span> <span class='ocrx_word' id='word_1_423' title='bbox 244 3607 290 3665; x_wconf 89' lang='grc' dir='ltr'><strong>καί</strong></span> <span class='ocrx_word' id='word_1_424' title='bbox 301 3611 416 3690; x_wconf 83' lang='grc' dir='ltr'>μικρῶν,</span> <span class='ocrx_word' id='word_1_425' title='bbox 430 3607 488 3669; x_wconf 75' lang='grc' dir='ltr'>οὐδὲ</span> <span class='ocrx_word' id='word_1_426' title='bbox 502 3609 562 3687; x_wconf 79' lang='grc' dir='ltr'>ἐμοί</span> <span class='ocrx_word' id='word_1_427' title='bbox 577 3610 666 3683; x_wconf 82' lang='grc' dir='ltr'>ἐποιή-</span> <span class='ocrx_word' id='word_1_428' title='bbox 719 3630 778 3669; x_wconf 90' lang='lat' dir='ltr'><strong>non</strong></span> <span class='ocrx_word' id='word_1_429' title='bbox 791 3610 931 3669; x_wconf 80' lang='lat' dir='ltr'><strong>induistis</strong></span> <span class='ocrx_word' id='word_1_430' title='bbox 938 3633 949 3678; x_wconf 91' lang='lat'><strong>,·</strong></span> <span class='ocrx_word' id='word_1_431' title='bbox 966 3609 1101 3748; x_wconf 46' lang='lat' dir='ltr'><strong>iignum</strong></span> <span class='ocrx_word' id='word_1_432' title='bbox 1122 3613 1194 3668; x_wconf 86' lang='lat' dir='ltr'><strong>etin</strong></span> <span class='ocrx_word' id='word_1_433' title='bbox 1207 3631 1341 3683; x_wconf 70' lang='lat' dir='ltr'><strong>curem,</strong></span> <span class='ocrx_word' id='word_1_434' title='bbox 1357 3622 1386 3670; x_wconf 88' lang='lat' dir='ltr'><strong>et</strong></span> <span class='ocrx_word' id='word_1_435' title='bbox 1402 3631 1461 3670; x_wconf 86' lang='lat' dir='ltr'><strong>non</strong></span> 
     </span>
     <span class='ocr_line' id='line_1_40' title="bbox 61 3678 1461 3768; baseline 0.002 -22"><span class='ocrx_word' id='word_1_436' title='bbox 61 3686 72 3746; x_wconf 91' lang='lat' dir='ltr'><strong>l</strong></span> <span class='ocrx_word' id='word_1_437' title='bbox 92 3678 181 3747; x_wconf 77' lang='grc' dir='ltr'>εἶπον·</span> <span class='ocrx_word' id='word_1_438' title='bbox 197 3685 284 3766; x_wconf 87' lang='grc' dir='ltr'>μάτην</span> <span class='ocrx_word' id='word_1_439' title='bbox 300 3680 357 3759; x_wconf 74' lang='grc' dir='ltr'>οὖν,</span> <span class='ocrx_word' id='word_1_440' title='bbox 376 3685 514 3761; x_wconf 79' lang='grc' dir='ltr'>Δέσποτα,</span> <span class='ocrx_word' id='word_1_441' title='bbox 529 3689 572 3749; x_wconf 89' lang='grc' dir='ltr'><strong>τδν</strong></span> <span class='ocrx_word' id='word_1_442' title='bbox 587 3689 666 3749; x_wconf 86' lang='grc' dir='ltr'>πόνον</span> <span class='ocrx_word' id='word_1_443' title='bbox 683 3697 702 3744; x_wconf 84' lang='lat' dir='ltr'><strong>c</strong></span> <span class='ocrx_word' id='word_1_444' title='bbox 721 3693 845 3749; x_wconf 60' lang='lat' dir='ltr'><strong>&#39;venistis</strong></span> <span class='ocrx_word' id='word_1_445' title='bbox 859 3689 901 3748; x_wconf 79' lang='lat' dir='ltr'><strong>ad</strong></span> <span class='ocrx_word' id='word_1_446' title='bbox 914 3709 970 3748; x_wconf 83' lang='lat' dir='ltr'><strong>me.</strong></span> <span class='ocrx_word' id='word_1_447' title='bbox 1007 3688 1101 3768; x_wconf 82' lang='lat' dir='ltr'><strong>criptis</strong></span> <span class='ocrx_word' id='word_1_448' title='bbox 1114 3689 1206 3749; x_wconf 81' lang='lat' dir='ltr'><strong>verbis</strong></span> <span class='ocrx_word' id='word_1_449' title='bbox 1218 3688 1355 3750; x_wconf 81' lang='lat' dir='ltr'><strong>declaravi</strong></span> <span class='ocrx_word' id='word_1_450' title='bbox 1367 3689 1461 3767; x_wconf 71' lang='lat' dir='ltr'><strong>robis,</strong></span> 
     </span>
     <span class='ocr_line' id='line_1_41' title="bbox 61 3765 1610 3850; baseline 0.002 -24"><span class='ocrx_word' id='word_1_451' title='bbox 61 3765 195 3846; x_wconf 87' lang='grc' dir='ltr'>αιπωρίαν</span> <span class='ocrx_word' id='word_1_452' title='bbox 206 3771 254 3838; x_wconf 81' lang='grc' dir='ltr'><strong>τῆς</strong></span> <span class='ocrx_word' id='word_1_453' title='bbox 266 3767 362 3849; x_wconf 87' lang='grc' dir='ltr'>σαρκδς</span> <span class='ocrx_word' id='word_1_454' title='bbox 376 3766 564 3846; x_wconf 73' lang='grc' dir='ltr'>ὑπεμείναμεν,</span> <span class='ocrx_word' id='word_1_455' title='bbox 577 3769 665 3847; x_wconf 78' lang='grc' dir='ltr'>μάτην</span> <span class='ocrx_word' id='word_1_456' title='bbox 719 3767 829 3828; x_wconf 89' lang='lat' dir='ltr'><strong>dicens:</strong></span> <span class='ocrx_word' id='word_1_457' title='bbox 844 3769 994 3846; x_wconf 74' lang='lat' dir='ltr'><strong>Quatenus</strong></span> <span class='ocrx_word' id='word_1_458' title='bbox 1005 3768 1184 3850; x_wconf 78' lang='lat' dir='ltr'><strong>nonjecistis</strong></span> <span class='ocrx_word' id='word_1_459' title='bbox 1196 3773 1249 3827; x_wconf 88' lang='lat' dir='ltr'><strong>uni</strong></span> <span class='ocrx_word' id='word_1_460' title='bbox 1262 3790 1298 3827; x_wconf 77' lang='grc' dir='ltr'><strong>αα</strong></span> <span class='ocrx_word' id='word_1_461' title='bbox 1312 3770 1358 3829; x_wconf 80' lang='lat' dir='ltr'><strong>tis</strong></span> <span class='ocrx_word' id='word_1_462' title='bbox 1369 3769 1462 3828; x_wconf 87' lang='lat' dir='ltr'><strong>iratri-</strong></span> <span class='ocrx_word' id='word_1_463' title='bbox 1475 3794 1557 3838; x_wconf 52' lang='lat' dir='ltr'><strong>narn,</strong></span> <span class='ocrx_word' id='word_1_464' title='bbox 1568 3790 1610 3848; x_wconf 65' lang='grc' dir='ltr'><strong>γᾶ.</strong></span> 
     </span>
     <span class='ocr_line' id='line_1_42' title="bbox 61 3845 1458 3930; baseline 0.001 -24"><span class='ocrx_word' id='word_1_465' title='bbox 61 3846 105 3906; x_wconf 82' lang='grc' dir='ltr'><strong>καί</strong></span> <span class='ocrx_word' id='word_1_466' title='bbox 116 3845 251 3917; x_wconf 88' lang='grc' dir='ltr'>νηστείαις</span> <span class='ocrx_word' id='word_1_467' title='bbox 262 3846 358 3913; x_wconf 75' lang='grc' dir='ltr'>ἑαυτάς</span> <span class='ocrx_word' id='word_1_468' title='bbox 372 3846 562 3926; x_wconf 66' lang='grc' dir='ltr'>κατετάξαμεν,</span> <span class='ocrx_word' id='word_1_469' title='bbox 578 3848 665 3927; x_wconf 87' lang='grc' dir='ltr'>μάτην</span> <span class='ocrx_word' id='word_1_470' title='bbox 719 3848 771 3906; x_wconf 87' lang='lat' dir='ltr'><strong>bus</strong></span> <span class='ocrx_word' id='word_1_471' title='bbox 784 3848 850 3906; x_wconf 90' lang='lat' dir='ltr'><strong>meis</strong></span> <span class='ocrx_word' id='word_1_472' title='bbox 867 3850 996 3908; x_wconf 84' lang='lat' dir='ltr'><strong>minimis</strong></span> <span class='ocrx_word' id='word_1_473' title='bbox 1009 3860 1035 3906; x_wconf 91' lang='lat' dir='ltr'><strong>et</strong></span> <span class='ocrx_word' id='word_1_474' title='bbox 1067 3847 1157 3925; x_wconf 84' lang='lat' dir='ltr'><strong>arvis,</strong></span> <span class='ocrx_word' id='word_1_475' title='bbox 1181 3868 1234 3907; x_wconf 86' lang='lat' dir='ltr'><strong>nec</strong></span> <span class='ocrx_word' id='word_1_476' title='bbox 1252 3849 1458 3930; x_wconf 84' lang='lat' dir='ltr'><strong>mihisecistt&#39;s.</strong></span> 
     </span>
     <span class='ocr_line' id='line_1_43' title="bbox 61 3869 1463 4018; baseline 0.002 -35"><span class='ocrx_word' id='word_1_477' title='bbox 61 3951 68 3983; x_wconf 85' lang='grc' dir='ltr'>ν</span> <span class='ocrx_word' id='word_1_478' title='bbox 82 3925 196 4006; x_wconf 79' lang='grc' dir='ltr'>νυμφίον</span> <span class='ocrx_word' id='word_1_479' title='bbox 208 3924 290 4006; x_wconf 80' lang='grc' dir='ltr'>μέχρι</span> <span class='ocrx_word' id='word_1_480' title='bbox 310 3925 400 3993; x_wconf 78' lang='grc' dir='ltr'>πίλους</span> <span class='ocrx_word' id='word_1_481' title='bbox 426 3925 593 4002; x_wconf 74' lang='grc' dir='ltr'>ποθήσασαι,</span> <span class='ocrx_word' id='word_1_482' title='bbox 606 3928 665 4005; x_wconf 39' lang='grc' dir='ltr'>,τὴν</span> <span class='ocrx_word' id='word_1_483' title='bbox 719 3926 776 3985; x_wconf 81' lang='lat' dir='ltr'><strong>lllae</strong></span> <span class='ocrx_word' id='word_1_484' title='bbox 786 3939 876 3986; x_wconf 83' lang='lat' dir='ltr'><strong>autem</strong></span> <span class='ocrx_word' id='word_1_485' title='bbox 885 3869 1149 3985; x_wconf 58' lang='lat' dir='ltr'><strong>dixerunntlrusna</strong></span> <span class='ocrx_word' id='word_1_486' title='bbox 1163 3947 1236 4018; x_wconf 65' lang='lat' dir='ltr'><strong>ergo,</strong></span> <span class='ocrx_word' id='word_1_487' title='bbox 1249 3928 1374 4002; x_wconf 89' lang='lat' dir='ltr'><strong>Domine,</strong></span> <span class='ocrx_word' id='word_1_488' title='bbox 1386 3927 1463 3987; x_wconf 90' lang='lat' dir='ltr'><strong>laho-</strong></span> 
     </span>
     <span class='ocr_line' id='line_1_44' title="bbox 61 4004 1462 4090; baseline 0.002 -26"><span class='ocrx_word' id='word_1_489' title='bbox 61 4005 166 4087; x_wconf 78' lang='grc' dir='ltr'>ἔτραπον</span> <span class='ocrx_word' id='word_1_490' title='bbox 177 4004 378 4086; x_wconf 78' lang='grc' dir='ltr'>δυφυλάξαμεν.</span> <span class='ocrx_word' id='word_1_491' title='bbox 390 4004 459 4080; x_wconf 85' lang='grc' dir='ltr'>Ναί,</span> <span class='ocrx_word' id='word_1_492' title='bbox 472 4007 552 4085; x_wconf 88' lang='grc' dir='ltr'>φησί,</span> <span class='ocrx_word' id='word_1_493' title='bbox 565 4007 666 4090; x_wconf 88' lang='grc' dir='ltr'>παρθί-</span> <span class='ocrx_word' id='word_1_494' title='bbox 720 4026 777 4066; x_wconf 85' lang='lat' dir='ltr'><strong>rem</strong></span> <span class='ocrx_word' id='word_1_495' title='bbox 788 4020 812 4064; x_wconf 93' lang='lat' dir='ltr'><strong>et</strong></span> <span class='ocrx_word' id='word_1_496' title='bbox 820 4005 992 4065; x_wconf 86' lang='lat' dir='ltr'><strong>afflictionem</strong></span> <span class='ocrx_word' id='word_1_497' title='bbox 997 4004 1083 4065; x_wconf 87' lang='lat' dir='ltr'><strong>carnis</strong></span> <span class='ocrx_word' id='word_1_498' title='bbox 1091 4006 1279 4082; x_wconf 82' lang='lat' dir='ltr'><strong>sustinuimus,</strong></span> <span class='ocrx_word' id='word_1_499' title='bbox 1290 4005 1462 4086; x_wconf 65' lang='grc' dir='ltr'>ίιτιοῑτεινίφί-</span> 
     </span>
     <span class='ocr_line' id='line_1_45' title="bbox 61 4083 1462 4166; baseline 0 -21"><span class='ocrx_word' id='word_1_500' title='bbox 61 4109 94 4158; x_wconf 80' lang='grc' dir='ltr'>υ,</span> <span class='ocrx_word' id='word_1_501' title='bbox 112 4083 183 4145; x_wconf 68' lang='grc' dir='ltr'>ἀλλὰ</span> <span class='ocrx_word' id='word_1_502' title='bbox 195 4108 217 4144; x_wconf 92' lang='grc' dir='ltr'>π</span> <span class='ocrx_word' id='word_1_503' title='bbox 248 4094 306 4153; x_wconf 86' lang='grc' dir='ltr'>ῑκας</span> <span class='ocrx_word' id='word_1_504' title='bbox 316 4088 363 4144; x_wconf 87' lang='grc' dir='ltr'><strong>οθκ</strong></span> <span class='ocrx_word' id='word_1_505' title='bbox 372 4084 460 4166; x_wconf 75' lang='grc' dir='ltr'>ἔχετε·</span> <span class='ocrx_word' id='word_1_506' title='bbox 473 4087 597 4166; x_wconf 77' lang='grc' dir='ltr'>παρθένοι</span> <span class='ocrx_word' id='word_1_507' title='bbox 608 4086 667 4164; x_wconf 85' lang='grc' dir='ltr'>μίν,</span> <span class='ocrx_word' id='word_1_508' title='bbox 721 4086 765 4145; x_wconf 89' lang='lat' dir='ltr'><strong>liis</strong></span> <span class='ocrx_word' id='word_1_509' title='bbox 779 4099 805 4144; x_wconf 85' lang='lat' dir='ltr'><strong>et</strong></span> <span class='ocrx_word' id='word_1_510' title='bbox 817 4084 928 4166; x_wconf 85' lang='lat' dir='ltr'><strong>jejuniis</strong></span> <span class='ocrx_word' id='word_1_511' title='bbox 939 4105 988 4144; x_wconf 92' lang='lat' dir='ltr'><strong>nos</strong></span> <span class='ocrx_word' id='word_1_512' title='bbox 1002 4084 1010 4142; x_wconf 93' lang='lat' dir='ltr'><strong>i</strong></span> <span class='ocrx_word' id='word_1_513' title='bbox 1031 4106 1074 4144; x_wconf 88' lang='lat' dir='ltr'><strong>sas</strong></span> <span class='ocrx_word' id='word_1_514' title='bbox 1088 4085 1269 4156; x_wconf 86' lang='lat' dir='ltr'><strong>confecimus,</strong></span> <span class='ocrx_word' id='word_1_515' title='bbox 1288 4084 1387 4145; x_wconf 73' lang='lat' dir='ltr'><strong>frustra</strong></span> <span class='ocrx_word' id='word_1_516' title='bbox 1411 4108 1462 4146; x_wconf 74' lang='lat' dir='ltr'><strong>ca-</strong></span> 
     </span>
     <span class='ocr_line' id='line_1_46' title="bbox 61 4106 1464 4247; baseline 0 -23"><span class='ocrx_word' id='word_1_517' title='bbox 61 4164 107 4224; x_wconf 85' lang='grc' dir='ltr'><strong>κθν</strong></span> <span class='ocrx_word' id='word_1_518' title='bbox 121 4168 151 4224; x_wconf 85' lang='grc' dir='ltr'><strong>οὐ</strong></span> <span class='ocrx_word' id='word_1_519' title='bbox 164 4107 313 4244; x_wconf 78' lang='grc' dir='ltr'>παρίοίεισθε</span> <span class='ocrx_word' id='word_1_520' title='bbox 324 4163 438 4245; x_wconf 85' lang='grc' dir='ltr'>κόσμον·</span> <span class='ocrx_word' id='word_1_521' title='bbox 451 4164 500 4237; x_wconf 79' lang='grc' dir='ltr'><strong>τὴν</strong></span> <span class='ocrx_word' id='word_1_522' title='bbox 514 4170 561 4237; x_wconf 79' lang='grc' dir='ltr'><strong>τῆς</strong></span> <span class='ocrx_word' id='word_1_523' title='bbox 572 4167 668 4247; x_wconf 86' lang='grc' dir='ltr'>σαρκδς</span> <span class='ocrx_word' id='word_1_524' title='bbox 721 4165 813 4224; x_wconf 90' lang='lat' dir='ltr'><strong>lestem</strong></span> <span class='ocrx_word' id='word_1_525' title='bbox 825 4185 954 4246; x_wconf 89' lang='lat' dir='ltr'><strong>sponsum</strong></span> <span class='ocrx_word' id='word_1_526' title='bbox 965 4163 1001 4224; x_wconf 93' lang='lat' dir='ltr'><strong>ad</strong></span> <span class='ocrx_word' id='word_1_527' title='bbox 1011 4106 1095 4223; x_wconf 66' lang='lat' dir='ltr'><strong>luem</strong></span> <span class='ocrx_word' id='word_1_528' title='bbox 1105 4185 1189 4243; x_wconf 86' lang='lat' dir='ltr'><strong>usque</strong></span> <span class='ocrx_word' id='word_1_529' title='bbox 1198 4163 1394 4240; x_wconf 84' lang='lat' dir='ltr'><strong>desiderantes,</strong></span> <span class='ocrx_word' id='word_1_530' title='bbox 1405 4165 1464 4225; x_wconf 82' lang='lat' dir='ltr'><strong>vir-</strong></span> 
     </span>
     <span class='ocr_line' id='line_1_47' title="bbox 61 4242 1462 4326; baseline 0.001 -23"><span class='ocrx_word' id='word_1_531' title='bbox 61 4242 179 4322; x_wconf 75' lang='grc' dir='ltr'>θγνείαν,</span> <span class='ocrx_word' id='word_1_532' title='bbox 201 4242 270 4304; x_wconf 72' lang='grc' dir='ltr'>ἀλλὰ</span> <span class='ocrx_word' id='word_1_533' title='bbox 295 4244 470 4326; x_wconf 75' lang='grc' dir='ltr'>θποινθρωπίφ</span> <span class='ocrx_word' id='word_1_534' title='bbox 490 4243 539 4317; x_wconf 71' lang='grc' dir='ltr'><strong>τὴν</strong></span> <span class='ocrx_word' id='word_1_535' title='bbox 562 4246 668 4323; x_wconf 80' lang='grc' dir='ltr'>ἁγνείαν</span> <span class='ocrx_word' id='word_1_536' title='bbox 723 4244 864 4323; x_wconf 79' lang='lat' dir='ltr'><strong>ginitatem</strong></span> <span class='ocrx_word' id='word_1_537' title='bbox 878 4244 1010 4304; x_wconf 88' lang='lat' dir='ltr'><strong>illibatam</strong></span> <span class='ocrx_word' id='word_1_538' title='bbox 1024 4243 1251 4304; x_wconf 77' lang='lat' dir='ltr'><strong>conservavimus</strong></span> <span class='ocrx_word' id='word_1_539' title='bbox 1263 4245 1347 4321; x_wconf 83' lang='lat' dir='ltr'><strong>Sane,</strong></span> <span class='ocrx_word' id='word_1_540' title='bbox 1363 4245 1462 4324; x_wconf 87' lang='lat' dir='ltr'><strong>inquit,</strong></span> 
     </span>
     <span class='ocr_line' id='line_1_48' title="bbox 61 4321 1464 4406; baseline 0.002 -25"><span class='ocrx_word' id='word_1_541' title='bbox 61 4323 208 4402; x_wconf 75' lang='grc' dir='ltr'>δμάλυντον</span> <span class='ocrx_word' id='word_1_542' title='bbox 221 4326 296 4402; x_wconf 83' lang='grc' dir='ltr'>θμῶν</span> <span class='ocrx_word' id='word_1_543' title='bbox 309 4324 340 4383; x_wconf 87' lang='grc' dir='ltr'><strong>τδ</strong></span> <span class='ocrx_word' id='word_1_544' title='bbox 353 4329 446 4402; x_wconf 83' lang='grc' dir='ltr'>σῶμα,</span> <span class='ocrx_word' id='word_1_545' title='bbox 456 4325 516 4384; x_wconf 85' lang='grc' dir='ltr'>ἀλλ’</span> <span class='ocrx_word' id='word_1_546' title='bbox 537 4331 552 4384; x_wconf 86' lang='grc' dir='ltr'>θ</span> <span class='ocrx_word' id='word_1_547' title='bbox 573 4326 669 4406; x_wconf 88' lang='grc' dir='ltr'>τρόπος</span> <span class='ocrx_word' id='word_1_548' title='bbox 723 4324 841 4403; x_wconf 75' lang='lat' dir='ltr'><strong>virgines</strong></span> <span class='ocrx_word' id='word_1_549' title='bbox 849 4321 960 4403; x_wconf 91' lang='lat' dir='ltr'><strong>quidem</strong></span> <span class='ocrx_word' id='word_1_550' title='bbox 972 4322 1048 4396; x_wconf 85' lang='lat' dir='ltr'><strong>estis,</strong></span> <span class='ocrx_word' id='word_1_551' title='bbox 1060 4322 1204 4383; x_wconf 88' lang='lat' dir='ltr'><strong>seddotem</strong></span> <span class='ocrx_word' id='word_1_552' title='bbox 1212 4344 1266 4384; x_wconf 94' lang='lat' dir='ltr'><strong>non</strong></span> <span class='ocrx_word' id='word_1_553' title='bbox 1276 4324 1382 4384; x_wconf 86' lang='lat' dir='ltr'><strong>hahetis</strong></span> <span class='ocrx_word' id='word_1_554' title='bbox 1391 4326 1464 4402; x_wconf 73' lang='lat' dir='ltr'><strong>,vir-</strong></span> 
     </span>
     <span class='ocr_line' id='line_1_49' title="bbox 76 4401 1465 4486; baseline 0 -24"><span class='ocrx_word' id='word_1_555' title='bbox 76 4402 191 4484; x_wconf 86' lang='grc' dir='ltr'>φιίσεως,</span> <span class='ocrx_word' id='word_1_556' title='bbox 206 4406 264 4463; x_wconf 80' lang='grc' dir='ltr'>ἀλλ’</span> <span class='ocrx_word' id='word_1_557' title='bbox 278 4402 476 4486; x_wconf 81' lang='grc' dir='ltr'>ἀπανθρωπίας.</span> <span class='ocrx_word' id='word_1_558' title='bbox 490 4402 525 4462; x_wconf 91' lang='grc' dir='ltr'>Ὁ</span> <span class='ocrx_word' id='word_1_559' title='bbox 536 4404 599 4482; x_wconf 78' lang='grc' dir='ltr'>ἐμός</span> <span class='ocrx_word' id='word_1_560' title='bbox 613 4408 669 4464; x_wconf 80' lang='grc' dir='ltr'>ἐστι</span> <span class='ocrx_word' id='word_1_561' title='bbox 725 4403 877 4483; x_wconf 77' lang='lat' dir='ltr'><strong>ginesestis,</strong></span> <span class='ocrx_word' id='word_1_562' title='bbox 888 4401 936 4463; x_wconf 89' lang='lat' dir='ltr'><strong>sed</strong></span> <span class='ocrx_word' id='word_1_563' title='bbox 945 4401 1059 4483; x_wconf 87' lang='lat' dir='ltr'><strong>nuptiali</strong></span> <span class='ocrx_word' id='word_1_564' title='bbox 1071 4401 1173 4462; x_wconf 76' lang='lat' dir='ltr'><strong>mundi</strong></span> <span class='ocrx_word' id='word_1_565' title='bbox 1184 4417 1318 4464; x_wconf 76' lang='lat' dir='ltr'><strong>exornate</strong></span> <span class='ocrx_word' id='word_1_566' title='bbox 1332 4406 1465 4465; x_wconf 87' lang='lat' dir='ltr'><strong>nonestis:</strong></span> 
     </span>
     <span class='ocr_line' id='line_1_50' title="bbox 61 4481 1468 4561; baseline 0.002 -19"><span class='ocrx_word' id='word_1_567' title='bbox 61 4481 195 4561; x_wconf 81' lang='grc' dir='ltr'>ησαμίνων</span> <span class='ocrx_word' id='word_1_568' title='bbox 209 4487 257 4554; x_wconf 79' lang='grc' dir='ltr'><strong>τῆς</strong></span> <span class='ocrx_word' id='word_1_569' title='bbox 267 4482 424 4550; x_wconf 81' lang='grc' dir='ltr'>τθποιίαςτδ</span> <span class='ocrx_word' id='word_1_570' title='bbox 438 4483 535 4543; x_wconf 76' lang='grc' dir='ltr'>άλαιον.</span> <span class='ocrx_word' id='word_1_571' title='bbox 554 4487 601 4543; x_wconf 83' lang='grc' dir='ltr'><strong>Δεῖ</strong></span> <span class='ocrx_word' id='word_1_572' title='bbox 612 4485 669 4544; x_wconf 80' lang='grc' dir='ltr'>τοί·</span> <span class='ocrx_word' id='word_1_573' title='bbox 685 4514 709 4556; x_wconf 63' lang='lat' dir='ltr'><strong>n</strong></span> <span class='ocrx_word' id='word_1_574' title='bbox 725 4483 812 4543; x_wconf 87' lang='lat' dir='ltr'><strong>carnis</strong></span> <span class='ocrx_word' id='word_1_575' title='bbox 836 4481 986 4542; x_wconf 87' lang='lat' dir='ltr'><strong>castitatem</strong></span> <span class='ocrx_word' id='word_1_576' title='bbox 1008 4483 1182 4559; x_wconf 82' lang='lat' dir='ltr'><strong>exercuistis,</strong></span> <span class='ocrx_word' id='word_1_577' title='bbox 1200 4481 1248 4547; x_wconf 87' lang='lat' dir='ltr'><strong>sed</strong></span> <span class='ocrx_word' id='word_1_578' title='bbox 1273 4483 1468 4545; x_wconf 71' lang='lat' dir='ltr'><strong>inhumanitate</strong></span> 
     </span>
    </p>
   </div>
   <div class='ocr_carea' id='block_1_3' title="bbox 61 4561 1470 4740">
    <p class='ocr_par' dir='ltr' id='par_1_3' title="bbox 61 4561 1470 4740">
     <span class='ocr_line' id='line_1_51' title="bbox 61 4561 1467 4661; baseline 0.004 -35"><span class='ocrx_word' id='word_1_579' title='bbox 61 4561 279 4661; x_wconf 71' lang='grc' dir='ltr'>ίνυμφευομίνας</span> <span class='ocrx_word' id='word_1_580' title='bbox 292 4562 459 4635; x_wconf 79' lang='grc' dir='ltr'>κατάλληλον</span> <span class='ocrx_word' id='word_1_581' title='bbox 473 4566 511 4644; x_wconf 84' lang='grc' dir='ltr'><strong>τῷ</strong></span> <span class='ocrx_word' id='word_1_582' title='bbox 520 4561 613 4644; x_wconf 83' lang='grc' dir='ltr'>κόσμω</span> <span class='ocrx_word' id='word_1_583' title='bbox 623 4588 669 4625; x_wconf 85' lang='grc' dir='ltr'>πε·</span> <span class='ocrx_word' id='word_1_584' title='bbox 689 4570 709 4614; x_wconf 78' lang='grc' dir='ltr'><strong>Α</strong></span> <span class='ocrx_word' id='word_1_585' title='bbox 724 4571 873 4631; x_wconf 85' lang='lat' dir='ltr'><strong>castitatem</strong></span> <span class='ocrx_word' id='word_1_586' title='bbox 885 4570 1009 4631; x_wconf 73' lang='lat' dir='ltr'><strong>laesistis:</strong></span> <span class='ocrx_word' id='word_1_587' title='bbox 1023 4570 1211 4651; x_wconf 86' lang='lat' dir='ltr'><strong>incorruptum</strong></span> <span class='ocrx_word' id='word_1_588' title='bbox 1223 4585 1343 4633; x_wconf 83' lang='lat' dir='ltr'><strong>vestrum</strong></span> <span class='ocrx_word' id='word_1_589' title='bbox 1356 4586 1395 4633; x_wconf 91' lang='lat' dir='ltr'><strong>est</strong></span> <span class='ocrx_word' id='word_1_590' title='bbox 1413 4595 1467 4634; x_wconf 84' lang='lat' dir='ltr'><strong>cor·</strong></span> 
     </span>
     <span class='ocr_line' id='line_1_52' title="bbox 61 4640 1470 4740; baseline 0.011 -34"><span class='ocrx_word' id='word_1_591' title='bbox 61 4642 90 4702; x_wconf 78' lang='grc' dir='ltr'><strong>αί</strong></span> <span class='ocrx_word' id='word_1_592' title='bbox 102 4664 212 4722; x_wconf 68' lang='lat' dir='ltr'><strong>speses·</strong></span> <span class='ocrx_word' id='word_1_593' title='bbox 227 4643 268 4702; x_wconf 83' lang='grc' dir='ltr'><strong>Οὗ</strong></span> <span class='ocrx_word' id='word_1_594' title='bbox 283 4640 399 4720; x_wconf 73' lang='grc' dir='ltr'>δύναμαι</span> <span class='ocrx_word' id='word_1_595' title='bbox 418 4650 473 4709; x_wconf 75' lang='grc' dir='ltr'>τοῖς</span> <span class='ocrx_word' id='word_1_596' title='bbox 491 4645 563 4720; x_wconf 65' lang='grc' dir='ltr'>ἐμοῖς</span> <span class='ocrx_word' id='word_1_597' title='bbox 587 4642 670 4702; x_wconf 54' lang='lat' dir='ltr'><strong>Mlti·</strong></span> <span class='ocrx_word' id='word_1_598' title='bbox 725 4680 791 4740; x_wconf 87' lang='lat' dir='ltr'><strong>pns,</strong></span> <span class='ocrx_word' id='word_1_599' title='bbox 813 4656 861 4718; x_wconf 88' lang='lat' dir='ltr'><strong>sed</strong></span> <span class='ocrx_word' id='word_1_600' title='bbox 874 4679 962 4719; x_wconf 89' lang='lat' dir='ltr'><strong>mores</strong></span> <span class='ocrx_word' id='word_1_601' title='bbox 974 4656 1212 4735; x_wconf 85' lang='lat' dir='ltr'><strong>immisericordes;</strong></span> <span class='ocrx_word' id='word_1_602' title='bbox 1224 4680 1276 4720; x_wconf 93' lang='lat' dir='ltr'><strong>non</strong></span> <span class='ocrx_word' id='word_1_603' title='bbox 1289 4675 1408 4737; x_wconf 81' lang='lat' dir='ltr'><strong>natura,</strong></span> <span class='ocrx_word' id='word_1_604' title='bbox 1423 4662 1470 4722; x_wconf 89' lang='lat' dir='ltr'><strong>scd</strong></span> 
     </span>
    </p>
   </div>
   <div class='ocr_carea' id='block_1_4' title="bbox 61 4720 1472 5055">
    <p class='ocr_par' dir='ltr' id='par_1_4' title="bbox 61 4720 1472 5055">
     <span class='ocr_line' id='line_1_53' title="bbox 61 4720 1470 4826; baseline 0.007 -28"><span class='ocrx_word' id='word_1_605' title='bbox 61 4720 122 4793; x_wconf 63' lang='lat' dir='ltr'><strong>‘W</strong></span> <span class='ocrx_word' id='word_1_606' title='bbox 136 4720 241 4822; x_wconf 65' lang='lat' dir='ltr'><strong>otppp</strong></span> <span class='ocrx_word' id='word_1_607' title='bbox 253 4721 360 4821; x_wconf 50' lang='grc' dir='ltr'><strong>λαθεῖν(</strong></span> <span class='ocrx_word' id='word_1_608' title='bbox 378 4725 427 4781; x_wconf 63' lang='lat'><strong>⁰¹3²</strong></span> <span class='ocrx_word' id='word_1_609' title='bbox 441 4720 546 4824; x_wconf 58' lang='grc' dir='ltr'>ῑίσᾶίω,</span> <span class='ocrx_word' id='word_1_610' title='bbox 555 4721 670 4826; x_wconf 60' lang='grc' dir='ltr'>ίξθλῑμξί</span> <span class='ocrx_word' id='word_1_611' title='bbox 725 4744 941 4805; x_wconf 87' lang='lat' dir='ltr'><strong>inhumanitatis.</strong></span> <span class='ocrx_word' id='word_1_612' title='bbox 955 4748 1035 4805; x_wconf 87' lang='lat' dir='ltr'><strong>Meus</strong></span> <span class='ocrx_word' id='word_1_613' title='bbox 1048 4742 1185 4805; x_wconf 83' lang='lat' dir='ltr'><strong>thalamus</strong></span> <span class='ocrx_word' id='word_1_614' title='bbox 1199 4761 1238 4806; x_wconf 92' lang='lat' dir='ltr'><strong>est</strong></span> <span class='ocrx_word' id='word_1_615' title='bbox 1251 4747 1408 4807; x_wconf 88' lang='lat' dir='ltr'><strong>habentium</strong></span> <span class='ocrx_word' id='word_1_616' title='bbox 1420 4749 1470 4809; x_wconf 91' lang='lat' dir='ltr'><strong>bo-</strong></span> 
     </span>
     <span class='ocr_line' id='line_1_54' title="bbox 61 4801 1471 4960; baseline -0.002 -20"><span class='ocrx_word' id='word_1_617' title='bbox 61 4801 672 4960; x_wconf 55' lang='lat' dir='ltr'><strong>nianensissen</strong></span> <span class='ocrx_word' id='word_1_618' title='bbox 851 4855 963 4917; x_wconf 68' lang='grc' dir='ltr'><strong>ου</strong></span> <span class='ocrx_word' id='word_1_619' title='bbox 985 4835 1085 4894; x_wconf 64' lang='grc' dir='ltr'>ω</span> <span class='ocrx_word' id='word_1_620' title='bbox 1101 4837 1221 4936; x_wconf 61' lang='grc' dir='ltr'><strong>μου</strong></span> <span class='ocrx_word' id='word_1_621' title='bbox 1242 4856 1325 4916; x_wconf 61' lang='lat' dir='ltr'><strong>ea»</strong></span> <span class='ocrx_word' id='word_1_622' title='bbox 1349 4858 1393 4938; x_wconf 58' lang='grc' dir='ltr'>ο</span> <span class='ocrx_word' id='word_1_623' title='bbox 1412 4860 1471 4937; x_wconf 70' lang='grc' dir='ltr'>ω</span> 
     </span>
     <span class='ocr_line' id='line_1_55' title="bbox 61 4904 1472 5055; baseline 0 -71"><span class='ocrx_word' id='word_1_624' title='bbox 61 4904 134 5055; x_wconf 47' lang='grc' dir='ltr'><strong>ἔξω,</strong></span> <span class='ocrx_word' id='word_1_625' title='bbox 148 4964 166 5031; x_wconf 65' lang='grc' dir='ltr'>ἡ</span> <span class='ocrx_word' id='word_1_626' title='bbox 184 4904 384 5039; x_wconf 40' lang='grc' dir='ltr'>ἔμ’ςοβασρλζγα.</span> <span class='ocrx_word' id='word_1_627' title='bbox 398 4963 514 5028; x_wconf 53' lang='grc' dir='ltr'>Ἐκεῖνος</span> <span class='ocrx_word' id='word_1_628' title='bbox 529 4962 588 5039; x_wconf 59' lang='grc' dir='ltr'><strong>ἐμογ</strong></span> <span class='ocrx_word' id='word_1_629' title='bbox 599 4962 673 5022; x_wconf 47' lang='grc' dir='ltr'>εὐχά,</span> <span class='ocrx_word' id='word_1_630' title='bbox 727 4945 791 4984; x_wconf 75' lang='lat' dir='ltr'><strong>mee</strong></span> <span class='ocrx_word' id='word_1_631' title='bbox 802 4943 906 5005; x_wconf 82' lang='lat' dir='ltr'><strong>sponsae</strong></span> <span class='ocrx_word' id='word_1_632' title='bbox 918 4923 995 4995; x_wconf 68' lang='lat' dir='ltr'><strong>iactae</strong></span> <span class='ocrx_word' id='word_1_633' title='bbox 1010 4936 1072 4983; x_wconf 91' lang='lat' dir='ltr'><strong>sunt</strong></span> <span class='ocrx_word' id='word_1_634' title='bbox 1084 4944 1123 4983; x_wconf 83' lang='lat' dir='ltr'><strong>ers</strong></span> <span class='ocrx_word' id='word_1_635' title='bbox 1137 4924 1258 4987; x_wconf 84' lang='lat' dir='ltr'><strong>monhus</strong></span> <span class='ocrx_word' id='word_1_636' title='bbox 1269 4945 1411 5002; x_wconf 81' lang='lat' dir='ltr'><strong>exornari,</strong></span> <span class='ocrx_word' id='word_1_637' title='bbox 1424 4948 1472 5005; x_wconf 84' lang='lat' dir='ltr'><strong>qur</strong></span> 
     </span>
    </p>
   </div>
   <div class='ocr_carea' id='block_1_5' title="bbox 61 5010 1474 5143">
    <p class='ocr_par' dir='ltr' id='par_1_5' title="bbox 61 5010 1474 5143">
     <span class='ocr_line' id='line_1_56' title="bbox 61 5010 1474 5143; baseline 0.003 -73"><span class='ocrx_word' id='word_1_638' title='bbox 61 5039 255 5122; x_wconf 44' lang='lat' dir='ltr'><strong>mmm,</strong></span> <span class='ocrx_word' id='word_1_639' title='bbox 270 5038 533 5143; x_wconf 45' lang='lat' dir='ltr'><strong>gpmwpffim</strong></span> <span class='ocrx_word' id='word_1_640' title='bbox 543 5041 676 5122; x_wconf 59' lang='lat' dir='ltr'><strong>mppwp„</strong></span> <span class='ocrx_word' id='word_1_641' title='bbox 728 5010 831 5113; x_wconf 80' lang='lat' dir='ltr'><strong>mundo</strong></span> <span class='ocrx_word' id='word_1_642' title='bbox 858 5010 901 5071; x_wconf 93' lang='lat' dir='ltr'><strong>illi</strong></span> <span class='ocrx_word' id='word_1_643' title='bbox 928 5011 1098 5073; x_wconf 76' lang='lat' dir='ltr'><strong>conveniant.</strong></span> <span class='ocrx_word' id='word_1_644' title='bbox 1124 5013 1186 5072; x_wconf 86' lang='lat' dir='ltr'><strong>Non</strong></span> <span class='ocrx_word' id='word_1_645' title='bbox 1209 5033 1319 5093; x_wconf 91' lang='lat' dir='ltr'><strong>possum</strong></span> <span class='ocrx_word' id='word_1_646' title='bbox 1346 5012 1474 5074; x_wconf 85' lang='lat' dir='ltr'><strong>thalamis</strong></span> 
     </span>
    </p>
   </div>
   <div class='ocr_carea' id='block_1_6' title="bbox 61 5101 1475 5274">
    <p class='ocr_par' dir='ltr' id='par_1_6' title="bbox 61 5101 1475 5274">
     <span class='ocr_line' id='line_1_57' title="bbox 61 5101 1473 5201; baseline -0.006 -29"><span class='ocrx_word' id='word_1_647' title='bbox 61 5109 239 5201; x_wconf 62' lang='grc' dir='ltr'>σπλαγρνῐαφ,</span> <span class='ocrx_word' id='word_1_648' title='bbox 251 5125 266 5180; x_wconf 69' lang='grc' dir='ltr'><strong>ὁ</strong></span> <span class='ocrx_word' id='word_1_649' title='bbox 276 5143 434 5201; x_wconf 54' lang='lat' dir='ltr'><strong>mmm,</strong></span> <span class='ocrx_word' id='word_1_650' title='bbox 447 5144 485 5200; x_wconf 75' lang='lat' dir='ltr'><strong>tq&gt;</strong></span> <span class='ocrx_word' id='word_1_651' title='bbox 499 5119 648 5199; x_wconf 55' lang='lat' dir='ltr'><strong>mam,</strong></span> <span class='ocrx_word' id='word_1_652' title='bbox 662 5126 676 5182; x_wconf 64' lang='grc' dir='ltr'>ὁ</span> <span class='ocrx_word' id='word_1_653' title='bbox 729 5122 797 5161; x_wconf 84' lang='lat' dir='ltr'><strong>meis</strong></span> <span class='ocrx_word' id='word_1_654' title='bbox 816 5121 941 5181; x_wconf 91' lang='lat' dir='ltr'><strong>sponsam</strong></span> <span class='ocrx_word' id='word_1_655' title='bbox 954 5101 1077 5201; x_wconf 80' lang='lat' dir='ltr'><strong>excipere</strong></span> <span class='ocrx_word' id='word_1_656' title='bbox 1088 5121 1147 5181; x_wconf 85' lang='lat' dir='ltr'><strong>quae</strong></span> <span class='ocrx_word' id='word_1_657' title='bbox 1161 5122 1267 5160; x_wconf 91' lang='lat' dir='ltr'><strong>mecum</strong></span> <span class='ocrx_word' id='word_1_658' title='bbox 1282 5114 1383 5201; x_wconf 77' lang='lat' dir='ltr'><strong>pugnet</strong></span> <span class='ocrx_word' id='word_1_659' title='bbox 1398 5125 1405 5158; x_wconf 78' lang='lat' dir='ltr'><strong>t</strong></span> <span class='ocrx_word' id='word_1_660' title='bbox 1421 5123 1473 5163; x_wconf 91' lang='lat' dir='ltr'><strong>non</strong></span> 
     </span>
     <span class='ocr_line' id='line_1_58' title="bbox 61 5188 1475 5274; baseline -0.014 -4"><span class='ocrx_word' id='word_1_661' title='bbox 61 5222 96 5267; x_wconf 64' lang='lat'><strong>2¹6</strong></span> <span class='ocrx_word' id='word_1_662' title='bbox 106 5197 156 5270; x_wconf 56' lang='lat' dir='ltr'><strong>*lt</strong></span> <span class='ocrx_word' id='word_1_663' title='bbox 170 5198 250 5273; x_wconf 53' lang='grc' dir='ltr'>ἀκοὴν</span> <span class='ocrx_word' id='word_1_664' title='bbox 261 5189 416 5274; x_wconf 58' lang='lat' dir='ltr'><strong>sanativa,</strong></span> <span class='ocrx_word' id='word_1_665' title='bbox 430 5204 445 5259; x_wconf 79' lang='grc' dir='ltr'>θ</span> <span class='ocrx_word' id='word_1_666' title='bbox 457 5201 491 5260; x_wconf 86' lang='grc' dir='ltr'><strong>τθι</strong></span> <span class='ocrx_word' id='word_1_667' title='bbox 503 5204 549 5259; x_wconf 82' lang='grc' dir='ltr'><strong>τοῦ</strong></span> <span class='ocrx_word' id='word_1_668' title='bbox 564 5200 677 5274; x_wconf 86' lang='grc' dir='ltr'>πλησίου</span> <span class='ocrx_word' id='word_1_669' title='bbox 731 5188 902 5249; x_wconf 88' lang='lat' dir='ltr'><strong>introducam</strong></span> <span class='ocrx_word' id='word_1_670' title='bbox 913 5189 1019 5249; x_wconf 91' lang='lat' dir='ltr'><strong>bellom</strong></span> <span class='ocrx_word' id='word_1_671' title='bbox 1034 5210 1063 5249; x_wconf 86' lang='lat' dir='ltr'><strong>in</strong></span> <span class='ocrx_word' id='word_1_672' title='bbox 1076 5190 1154 5250; x_wconf 90' lang='lat' dir='ltr'><strong>thoro</strong></span> <span class='ocrx_word' id='word_1_673' title='bbox 1171 5202 1287 5270; x_wconf 88' lang='lat' dir='ltr'><strong>pacatos.</strong></span> <span class='ocrx_word' id='word_1_674' title='bbox 1310 5189 1475 5250; x_wconf 82' lang='lat' dir='ltr'><strong>Disceditea</strong></span> 
     </span>
    </p>
   </div>
   <div class='ocr_carea' id='block_1_7' title="bbox 61 5276 1476 5362">
    <p class='ocr_par' dir='ltr' id='par_1_7' title="bbox 61 5276 1476 5362">
     <span class='ocr_line' id='line_1_59' title="bbox 61 5276 1476 5362; baseline -0.02 -6"><span class='ocrx_word' id='word_1_675' title='bbox 61 5303 103 5348; x_wconf 68' lang='lat'><strong>”⁰5</strong></span> <span class='ocrx_word' id='word_1_676' title='bbox 117 5278 205 5358; x_wconf 58' lang='grc' dir='ltr'><strong>1θίθθ,</strong></span> <span class='ocrx_word' id='word_1_677' title='bbox 219 5284 234 5341; x_wconf 73' lang='lat'><strong>⁶</strong></span> <span class='ocrx_word' id='word_1_678' title='bbox 252 5277 383 5362; x_wconf 59' lang='grc' dir='ltr'><strong>δθθρθσας</strong></span> <span class='ocrx_word' id='word_1_679' title='bbox 397 5280 441 5341; x_wconf 62' lang='lat' dir='ltr'><strong>lul</strong></span> <span class='ocrx_word' id='word_1_680' title='bbox 462 5287 607 5361; x_wconf 55' lang='grc' dir='ltr'>συμφοραῖς</span> <span class='ocrx_word' id='word_1_681' title='bbox 631 5283 678 5344; x_wconf 79' lang='lat' dir='ltr'><strong>il·</strong></span> <span class='ocrx_word' id='word_1_682' title='bbox 733 5301 792 5360; x_wconf 88' lang='lat' dir='ltr'><strong>me,</strong></span> <span class='ocrx_word' id='word_1_683' title='bbox 802 5299 834 5340; x_wconf 89' lang='lat' dir='ltr'><strong>ne</strong></span> <span class='ocrx_word' id='word_1_684' title='bbox 844 5278 944 5343; x_wconf 76' lang='lat' dir='ltr'><strong>frustm</strong></span> <span class='ocrx_word' id='word_1_685' title='bbox 954 5277 1212 5362; x_wconf 82' lang='lat' dir='ltr'><strong>obstrepiteioribns</strong></span> <span class='ocrx_word' id='word_1_686' title='bbox 1222 5276 1289 5339; x_wconf 87' lang='lat' dir='ltr'><strong>meis</strong></span> <span class='ocrx_word' id='word_1_687' title='bbox 1303 5299 1310 5336; x_wconf 76' lang='grc' dir='ltr'><strong>τ</strong></span> <span class='ocrx_word' id='word_1_688' title='bbox 1324 5276 1476 5344; x_wconf 83' lang='lat' dir='ltr'><strong>misericor.</strong></span> 
     </span>
    </p>
   </div>
   <div class='ocr_carea' id='block_1_8' title="bbox 0 0 1884 5940">
    <p class='ocr_par' dir='ltr' id='par_1_8' title="bbox 0 0 1884 5940">
     <span class='ocr_line' id='line_1_60' title="bbox 0 0 1884 5940; baseline 0 0"><span class='ocrx_word' id='word_1_689' title='bbox 0 0 1884 5940; x_wconf 95' lang='lat' dir='ltr'><strong> </strong></span> 
     </span>
    </p>
   </div>
  </div>
 </body>
</html>
