<?xml version="1.0" encoding="UTF-8"?>
<!DOCTYPE html PUBLIC "-//W3C//DTD XHTML 1.0 Transitional//EN"
    "http://www.w3.org/TR/xhtml1/DTD/xhtml1-transitional.dtd">
<html xmlns="http://www.w3.org/1999/xhtml" xml:lang="en" lang="en">
 <head>
  <title>
</title>
<meta http-equiv="Content-Type" content="text/html;charset=utf-8" />
  <meta name='ocr-system' content='tesseract 3.04.00' />
  <meta name='ocr-capabilities' content='ocr_page ocr_carea ocr_par ocr_line ocrx_word'/>
</head>
<body>
  <div class='ocr_page' id='page_1' title='image "./sanctipatrisnos02chrygoog_0654.png"; bbox 0 0 3750 5940; ppageno 0'>
   <div class='ocr_carea' id='block_1_1' title="bbox 65 40 232 335">
    <p class='ocr_par' dir='ltr' id='par_1_1' title="bbox 65 40 232 335">
     <span class='ocr_line' id='line_1_1' title="bbox 66 40 136 147; baseline 0 -18"><span class='ocrx_word' id='word_1_1' title='bbox 66 40 136 147; x_wconf 63' lang='lat' dir='ltr'><strong>a.</strong></span> 
     </span>
     <span class='ocr_line' id='line_1_2' title="bbox 65 286 232 335; baseline 0.012 -2"><span class='ocrx_word' id='word_1_2' title='bbox 65 286 82 319; x_wconf 58' lang='lat' dir='ltr'><strong>s</strong></span> <span class='ocrx_word' id='word_1_3' title='bbox 205 299 232 335; x_wconf 76' lang='lat'><strong>¹¹.</strong></span> 
     </span>
    </p>
   </div>
   <div class='ocr_carea' id='block_1_2' title="bbox 280 416 1467 492">
    <p class='ocr_par' dir='ltr' id='par_1_2' title="bbox 280 416 1467 492">
     <span class='ocr_line' id='line_1_3' title="bbox 280 416 1467 492; baseline 0.003 -3"><span class='ocrx_word' id='word_1_4' title='bbox 280 441 313 489; x_wconf 84' lang='lat' dir='ltr'><strong>tn</strong></span> <span class='ocrx_word' id='word_1_5' title='bbox 341 441 499 491; x_wconf 72' lang='lat' dir='ltr'><strong>senorum</strong></span> <span class='ocrx_word' id='word_1_6' title='bbox 523 439 667 490; x_wconf 77' lang='lat' dir='ltr'><strong>wounu</strong></span> <span class='ocrx_word' id='word_1_7' title='bbox 693 439 894 490; x_wconf 75' lang='lat' dir='ltr'><strong>tnosronuu</strong></span> <span class='ocrx_word' id='word_1_8' title='bbox 925 440 1050 489; x_wconf 80' lang='lat' dir='ltr'><strong>suano.</strong></span> <span class='ocrx_word' id='word_1_9' title='bbox 1394 416 1467 492; x_wconf 74' lang='lat'><strong>625</strong></span> 
     </span>
    </p>
   </div>
   <div class='ocr_carea' id='block_1_3' title="bbox 61 561 1502 2881">
    <p class='ocr_par' dir='ltr' id='par_1_3' title="bbox 61 561 1469 744">
     <span class='ocr_line' id='line_1_4' title="bbox 61 561 1469 651; baseline -0.002 -22"><span class='ocrx_word' id='word_1_10' title='bbox 61 587 108 629; x_wconf 86' lang='lat' dir='ltr'><strong>oea</strong></span> <span class='ocrx_word' id='word_1_11' title='bbox 120 565 256 651; x_wconf 79' lang='lat' dir='ltr'><strong>pmirtoa</strong></span> <span class='ocrx_word' id='word_1_12' title='bbox 274 576 351 646; x_wconf 83' lang='lat' dir='ltr'><strong>parte</strong></span> <span class='ocrx_word' id='word_1_13' title='bbox 364 561 435 624; x_wconf 87' lang='lat' dir='ltr'><strong>sedis</strong></span> <span class='ocrx_word' id='word_1_14' title='bbox 446 563 605 645; x_wconf 79' lang='lat' dir='ltr'><strong>Apostolioe</strong></span> <span class='ocrx_word' id='word_1_15' title='bbox 619 562 736 642; x_wconf 81' lang='lat' dir='ltr'><strong>antique</strong></span> <span class='ocrx_word' id='word_1_16' title='bbox 751 562 844 623; x_wconf 76' lang='lat' dir='ltr'><strong>Roma</strong></span> <span class='ocrx_word' id='word_1_17' title='bbox 857 576 884 623; x_wconf 93' lang='lat' dir='ltr'><strong>et</strong></span> <span class='ocrx_word' id='word_1_18' title='bbox 896 561 1034 625; x_wconf 84' lang='lat' dir='ltr'><strong>constitut.</strong></span> <span class='ocrx_word' id='word_1_19' title='bbox 1052 565 1169 624; x_wconf 79' lang='lat' dir='ltr'><strong>Rectius</strong></span> <span class='ocrx_word' id='word_1_20' title='bbox 1186 575 1284 627; x_wconf 84' lang='lat' dir='ltr'><strong>tamen</strong></span> <span class='ocrx_word' id='word_1_21' title='bbox 1302 566 1408 646; x_wconf 73' lang='lat' dir='ltr'><strong>legitur</strong></span> <span class='ocrx_word' id='word_1_22' title='bbox 1420 567 1469 626; x_wconf 88' lang='lat' dir='ltr'><strong>bia</strong></span> 
     </span>
     <span class='ocr_line' id='line_1_5' title="bbox 61 654 1371 744; baseline -0.003 -26"><span class='ocrx_word' id='word_1_23' title='bbox 61 685 91 744; x_wconf 78' lang='lat' dir='ltr'><strong>up</strong></span> <span class='ocrx_word' id='word_1_24' title='bbox 104 665 153 733; x_wconf 76' lang='grc' dir='ltr'><strong>τῆς</strong></span> <span class='ocrx_word' id='word_1_25' title='bbox 167 657 329 730; x_wconf 65' lang='lat' dir='ltr'><strong>’Muciae</strong></span> <span class='ocrx_word' id='word_1_26' title='bbox 336 698 345 726; x_wconf 93' lang='lat'><strong><em>‚</em></strong></span> <span class='ocrx_word' id='word_1_27' title='bbox 357 676 448 737; x_wconf 88' lang='lat' dir='ltr'><strong>quarn</strong></span> <span class='ocrx_word' id='word_1_28' title='bbox 458 654 601 735; x_wconf 60' lang='lat' dir='ltr'><strong>illicslegi</strong></span> <span class='ocrx_word' id='word_1_29' title='bbox 613 654 723 734; x_wconf 89' lang='lat' dir='ltr'><strong>quidem</strong></span> <span class='ocrx_word' id='word_1_30' title='bbox 736 668 762 716; x_wconf 90' lang='lat' dir='ltr'><strong>et</strong></span> <span class='ocrx_word' id='word_1_31' title='bbox 775 655 912 718; x_wconf 66' lang='lat' dir='ltr'><strong>Ecclesia</strong></span> <span class='ocrx_word' id='word_1_32' title='bbox 1367 670 1371 676; x_wconf 83' lang='grc'><strong>’</strong></span> 
     </span>
    </p>

    <p class='ocr_par' dir='ltr' id='par_1_4' title="bbox 61 748 1472 2410">
     <span class='ocr_line' id='line_1_6' title="bbox 74 748 1469 833; baseline -0.001 -17"><span class='ocrx_word' id='word_1_33' title='bbox 74 768 145 816; x_wconf 87' lang='lat' dir='ltr'><strong>certe</strong></span> <span class='ocrx_word' id='word_1_34' title='bbox 157 766 197 814; x_wconf 82' lang='lat' dir='ltr'><strong>est</strong></span> <span class='ocrx_word' id='word_1_35' title='bbox 211 750 334 813; x_wconf 88' lang='lat' dir='ltr'><strong>omnium</strong></span> <span class='ocrx_word' id='word_1_36' title='bbox 346 749 514 810; x_wconf 89' lang='lat' dir='ltr'><strong>eruditorum</strong></span> <span class='ocrx_word' id='word_1_37' title='bbox 528 749 620 830; x_wconf 93' lang='lat' dir='ltr'><strong>opinio</strong></span> <span class='ocrx_word' id='word_1_38' title='bbox 639 750 794 810; x_wconf 84' lang='lat' dir='ltr'><strong>concionem</strong></span> <span class='ocrx_word' id='word_1_39' title='bbox 807 770 864 811; x_wconf 87' lang='lat' dir='ltr'><strong>esse</strong></span> <span class='ocrx_word' id='word_1_40' title='bbox 880 748 1075 833; x_wconf 80' lang='lat' dir='ltr'><strong>Chrysostomo</strong></span> <span class='ocrx_word' id='word_1_41' title='bbox 1087 771 1198 833; x_wconf 84' lang='lat' dir='ltr'><strong>prorsus</strong></span> <span class='ocrx_word' id='word_1_42' title='bbox 1219 749 1369 832; x_wconf 77' lang='lat' dir='ltr'><strong>indignam.</strong></span> <span class='ocrx_word' id='word_1_43' title='bbox 1382 753 1469 814; x_wconf 87' lang='lat' dir='ltr'><strong>Tille-</strong></span> 
     </span>
     <span class='ocr_line' id='line_1_7' title="bbox 61 843 1468 930; baseline 0 -19"><span class='ocrx_word' id='word_1_44' title='bbox 61 871 109 928; x_wconf 86' lang='lat' dir='ltr'><strong>ro,</strong></span> <span class='ocrx_word' id='word_1_45' title='bbox 120 849 169 930; x_wconf 89' lang='lat' dir='ltr'><strong>qui</strong></span> <span class='ocrx_word' id='word_1_46' title='bbox 177 860 309 928; x_wconf 87' lang='lat' dir='ltr'><strong>quantum</strong></span> <span class='ocrx_word' id='word_1_47' title='bbox 323 844 359 906; x_wconf 85' lang='lat' dir='ltr'><strong>ad</strong></span> <span class='ocrx_word' id='word_1_48' title='bbox 368 844 470 906; x_wconf 78' lang='grc' dir='ltr'>νοθείαν</span> <span class='ocrx_word' id='word_1_49' title='bbox 479 844 713 927; x_wconf 79' lang='lat' dir='ltr'><strong>opusculicaeteris</strong></span> <span class='ocrx_word' id='word_1_50' title='bbox 726 843 925 927; x_wconf 73' lang='lat' dir='ltr'><strong>adstipulatur,</strong></span> <span class='ocrx_word' id='word_1_51' title='bbox 939 845 1067 927; x_wconf 84' lang='lat' dir='ltr'><strong>opinatur</strong></span> <span class='ocrx_word' id='word_1_52' title='bbox 1082 847 1153 907; x_wconf 87' lang='lat' dir='ltr'><strong>hanc</strong></span> <span class='ocrx_word' id='word_1_53' title='bbox 1173 847 1317 907; x_wconf 86' lang='lat' dir='ltr'><strong>homiliam</strong></span> <span class='ocrx_word' id='word_1_54' title='bbox 1326 870 1397 910; x_wconf 84' lang='lat' dir='ltr'><strong>anno</strong></span> <span class='ocrx_word' id='word_1_55' title='bbox 1406 849 1468 911; x_wconf 73' lang='lat' dir='ltr'><strong>l02</strong></span> 
     </span>
     <span class='ocr_line' id='line_1_8' title="bbox 66 937 1470 1023; baseline -0.001 -20"><span class='ocrx_word' id='word_1_56' title='bbox 66 940 262 1023; x_wconf 82' lang='lat' dir='ltr'><strong>Mesopotamia</strong></span> <span class='ocrx_word' id='word_1_57' title='bbox 278 939 389 1000; x_wconf 85' lang='lat' dir='ltr'><strong>dietam</strong></span> <span class='ocrx_word' id='word_1_58' title='bbox 410 939 549 1010; x_wconf 82' lang='lat' dir='ltr'><strong>Videtur,</strong></span> <span class='ocrx_word' id='word_1_59' title='bbox 567 937 670 1017; x_wconf 90' lang='lat' dir='ltr'><strong>inquit,</strong></span> <span class='ocrx_word' id='word_1_60' title='bbox 684 940 726 997; x_wconf 89' lang='lat' dir='ltr'><strong>ad</strong></span> <span class='ocrx_word' id='word_1_61' title='bbox 740 939 886 998; x_wconf 72' lang='lat' dir='ltr'><strong>turmulam</strong></span> <span class='ocrx_word' id='word_1_62' title='bbox 898 939 926 1001; x_wconf 90' lang='lat' dir='ltr'><strong>S.</strong></span> <span class='ocrx_word' id='word_1_63' title='bbox 943 941 1078 1011; x_wconf 84' lang='lat' dir='ltr'><strong>Tbomoe,</strong></span> <span class='ocrx_word' id='word_1_64' title='bbox 1092 940 1125 998; x_wconf 86' lang='lat' dir='ltr'><strong>id</strong></span> <span class='ocrx_word' id='word_1_65' title='bbox 1136 952 1180 999; x_wconf 87' lang='lat' dir='ltr'><strong>cst</strong></span> <span class='ocrx_word' id='word_1_66' title='bbox 1192 941 1313 999; x_wconf 79' lang='lat' dir='ltr'><strong>Edessa</strong></span> <span class='ocrx_word' id='word_1_67' title='bbox 1326 944 1359 999; x_wconf 89' lang='lat' dir='ltr'><strong>in</strong></span> <span class='ocrx_word' id='word_1_68' title='bbox 1371 944 1470 1002; x_wconf 87' lang='lat' dir='ltr'><strong>Meso·</strong></span> 
     </span>
     <span class='ocr_line' id='line_1_9' title="bbox 69 1031 1468 1113; baseline -0.002 -17"><span class='ocrx_word' id='word_1_69' title='bbox 69 1039 148 1097; x_wconf 76' lang='lat' dir='ltr'><strong>lianc</strong></span> <span class='ocrx_word' id='word_1_70' title='bbox 160 1038 323 1094; x_wconf 86' lang='lat' dir='ltr'><strong>orationem</strong></span> <span class='ocrx_word' id='word_1_71' title='bbox 337 1033 562 1113; x_wconf 85' lang='lat' dir='ltr'><strong>dictamsuisse.</strong></span> <span class='ocrx_word' id='word_1_72' title='bbox 579 1034 637 1091; x_wconf 89' lang='lat' dir='ltr'><strong>Hic</strong></span> <span class='ocrx_word' id='word_1_73' title='bbox 650 1032 761 1089; x_wconf 88' lang='lat' dir='ltr'><strong>dicitur</strong></span> <span class='ocrx_word' id='word_1_74' title='bbox 772 1032 855 1090; x_wconf 85' lang='lat' dir='ltr'><strong>Deus</strong></span> <span class='ocrx_word' id='word_1_75' title='bbox 868 1034 975 1090; x_wconf 77' lang='lat' dir='ltr'><strong>tra-rim</strong></span> <span class='ocrx_word' id='word_1_76' title='bbox 988 1042 1017 1090; x_wconf 86' lang='lat' dir='ltr'><strong>et</strong></span> <span class='ocrx_word' id='word_1_77' title='bbox 1030 1043 1118 1111; x_wconf 91' lang='lat' dir='ltr'><strong>caput</strong></span> <span class='ocrx_word' id='word_1_78' title='bbox 1131 1031 1301 1090; x_wconf 81' lang='lat' dir='ltr'><strong>Arianismi</strong></span> <span class='ocrx_word' id='word_1_79' title='bbox 1313 1033 1468 1113; x_wconf 83' lang='lat' dir='ltr'><strong>dejecisse,</strong></span> 
     </span>
     <span class='ocr_line' id='line_1_10' title="bbox 61 1127 1471 1214; baseline -0.001 -24"><span class='ocrx_word' id='word_1_80' title='bbox 61 1152 121 1214; x_wconf 90' lang='lat' dir='ltr'><strong>que</strong></span> <span class='ocrx_word' id='word_1_81' title='bbox 134 1152 154 1190; x_wconf 88' lang='lat' dir='ltr'><strong>a</strong></span> <span class='ocrx_word' id='word_1_82' title='bbox 168 1129 330 1206; x_wconf 77' lang='lat' dir='ltr'><strong>tyrannide</strong></span> <span class='ocrx_word' id='word_1_83' title='bbox 350 1127 500 1204; x_wconf 81' lang='lat' dir='ltr'><strong>liberasse,</strong></span> <span class='ocrx_word' id='word_1_84' title='bbox 513 1139 735 1207; x_wconf 79' lang='lat' dir='ltr'><strong>tyrannumque</strong></span> <span class='ocrx_word' id='word_1_85' title='bbox 756 1129 1004 1186; x_wconf 73' lang='lat' dir='ltr'><strong>exterminaaisse.</strong></span> <span class='ocrx_word' id='word_1_86' title='bbox 1020 1127 1220 1206; x_wconf 88' lang='lat' dir='ltr'><strong>Precaturque</strong></span> <span class='ocrx_word' id='word_1_87' title='bbox 1232 1138 1264 1185; x_wconf 91' lang='lat' dir='ltr'><strong>ut</strong></span> <span class='ocrx_word' id='word_1_88' title='bbox 1281 1131 1371 1186; x_wconf 87' lang='lat' dir='ltr'><strong>etiam</strong></span> <span class='ocrx_word' id='word_1_89' title='bbox 1386 1131 1471 1188; x_wconf 91' lang='lat' dir='ltr'><strong>Occi-</strong></span> 
     </span>
     <span class='ocr_line' id='line_1_11' title="bbox 61 1219 1468 1306; baseline -0.002 -22"><span class='ocrx_word' id='word_1_90' title='bbox 61 1231 70 1284; x_wconf 81' lang='lat' dir='ltr'><strong>&#39;r</strong></span> <span class='ocrx_word' id='word_1_91' title='bbox 84 1223 379 1306; x_wconf 84' lang='lat' dir='ltr'><strong>Arianorumsurore</strong></span> <span class='ocrx_word' id='word_1_92' title='bbox 389 1233 472 1283; x_wconf 83' lang='lat' dir='ltr'><strong>eruat</strong></span> <span class='ocrx_word' id='word_1_93' title='bbox 478 1266 489 1295; x_wconf 93' lang='lat'><strong>,</strong></span> <span class='ocrx_word' id='word_1_94' title='bbox 506 1222 600 1302; x_wconf 82' lang='lat' dir='ltr'><strong>atsur</strong></span> <span class='ocrx_word' id='word_1_95' title='bbox 611 1222 664 1280; x_wconf 90' lang='lat' dir='ltr'><strong>ille</strong></span> <span class='ocrx_word' id='word_1_96' title='bbox 675 1223 819 1280; x_wconf 90' lang='lat' dir='ltr'><strong>barbarus</strong></span> <span class='ocrx_word' id='word_1_97' title='bbox 830 1222 971 1280; x_wconf 80' lang='lat' dir='ltr'><strong>vincatur</strong></span> <span class='ocrx_word' id='word_1_98' title='bbox 984 1233 1013 1280; x_wconf 90' lang='lat' dir='ltr'><strong>et</strong></span> <span class='ocrx_word' id='word_1_99' title='bbox 1021 1219 1209 1302; x_wconf 69' lang='lat' dir='ltr'><strong>profligetur,</strong></span> <span class='ocrx_word' id='word_1_100' title='bbox 1222 1219 1318 1280; x_wconf 85' lang='lat' dir='ltr'><strong>Arius</strong></span> <span class='ocrx_word' id='word_1_101' title='bbox 1326 1221 1468 1302; x_wconf 82' lang='lat' dir='ltr'><strong>pellatur,</strong></span> 
     </span>
     <span class='ocr_line' id='line_1_12' title="bbox 61 1314 1471 1398; baseline -0.002 -19"><span class='ocrx_word' id='word_1_102' title='bbox 61 1321 176 1379; x_wconf 70' lang='lat' dir='ltr'><strong>*uictor</strong></span> <span class='ocrx_word' id='word_1_103' title='bbox 185 1330 316 1376; x_wconf 90' lang='lat' dir='ltr'><strong>maneat.</strong></span> <span class='ocrx_word' id='word_1_104' title='bbox 332 1317 405 1376; x_wconf 85' lang='lat' dir='ltr'><strong>Haec</strong></span> <span class='ocrx_word' id='word_1_105' title='bbox 413 1334 501 1396; x_wconf 90' lang='lat' dir='ltr'><strong>porro</strong></span> <span class='ocrx_word' id='word_1_106' title='bbox 512 1315 618 1398; x_wconf 85' lang='lat' dir='ltr'><strong>reserri</strong></span> <span class='ocrx_word' id='word_1_107' title='bbox 627 1334 713 1396; x_wconf 89' lang='lat' dir='ltr'><strong>posse</strong></span> <span class='ocrx_word' id='word_1_108' title='bbox 722 1314 864 1374; x_wconf 82' lang='lat' dir='ltr'><strong>uidentur</strong></span> <span class='ocrx_word' id='word_1_109' title='bbox 875 1317 909 1373; x_wconf 90' lang='lat' dir='ltr'><strong>in</strong></span> <span class='ocrx_word' id='word_1_110' title='bbox 918 1334 1031 1374; x_wconf 89' lang='lat' dir='ltr'><strong>annum</strong></span> <span class='ocrx_word' id='word_1_111' title='bbox 1041 1315 1119 1391; x_wconf 66' lang='lat'><strong>402,</strong></span> <span class='ocrx_word' id='word_1_112' title='bbox 1133 1334 1213 1374; x_wconf 92' lang='lat' dir='ltr'><strong>anno</strong></span> <span class='ocrx_word' id='word_1_113' title='bbox 1223 1314 1361 1375; x_wconf 82' lang='lat' dir='ltr'><strong>uidelicet</strong></span> <span class='ocrx_word' id='word_1_114' title='bbox 1371 1315 1471 1397; x_wconf 91' lang='lat' dir='ltr'><strong>elapso</strong></span> 
     </span>
     <span class='ocr_line' id='line_1_13' title="bbox 73 1408 1469 1493; baseline -0.003 -19"><span class='ocrx_word' id='word_1_115' title='bbox 73 1415 204 1474; x_wconf 78' lang='lat' dir='ltr'><strong>l’bracia</strong></span> <span class='ocrx_word' id='word_1_116' title='bbox 216 1432 237 1471; x_wconf 92' lang='lat' dir='ltr'><strong>a</strong></span> <span class='ocrx_word' id='word_1_117' title='bbox 253 1411 358 1472; x_wconf 85' lang='lat' dir='ltr'><strong>Gainoe</strong></span> <span class='ocrx_word' id='word_1_118' title='bbox 372 1410 534 1486; x_wconf 81' lang='lat' dir='ltr'><strong>tyrannide</strong></span> <span class='ocrx_word' id='word_1_119' title='bbox 548 1409 673 1468; x_wconf 87' lang='lat' dir='ltr'><strong>liberata</strong></span> <span class='ocrx_word' id='word_1_120' title='bbox 684 1412 802 1489; x_wconf 83' lang='lat' dir='ltr'><strong>suerat,</strong></span> <span class='ocrx_word' id='word_1_121' title='bbox 819 1429 887 1468; x_wconf 89' lang='lat' dir='ltr'><strong>cum</strong></span> <span class='ocrx_word' id='word_1_122' title='bbox 904 1408 1048 1469; x_wconf 82' lang='lat' dir='ltr'><strong>Alaricus</strong></span> <span class='ocrx_word' id='word_1_123' title='bbox 1059 1410 1157 1468; x_wconf 80' lang='lat' dir='ltr'><strong>ltalia</strong></span> <span class='ocrx_word' id='word_1_124' title='bbox 1166 1410 1382 1493; x_wconf 83' lang='lat' dir='ltr'><strong>formidolosus</strong></span> <span class='ocrx_word' id='word_1_125' title='bbox 1393 1423 1469 1471; x_wconf 90' lang='lat' dir='ltr'><strong>erat.</strong></span> 
     </span>
     <span class='ocr_line' id='line_1_14' title="bbox 61 1503 1472 1583; baseline -0.002 -17"><span class='ocrx_word' id='word_1_126' title='bbox 61 1511 121 1567; x_wconf 86' lang='lat' dir='ltr'><strong>nim</strong></span> <span class='ocrx_word' id='word_1_127' title='bbox 132 1505 269 1566; x_wconf 83' lang='lat' dir='ltr'><strong>Arianus</strong></span> <span class='ocrx_word' id='word_1_128' title='bbox 280 1517 354 1564; x_wconf 90' lang='lat' dir='ltr'><strong>erat.</strong></span> <span class='ocrx_word' id='word_1_129' title='bbox 366 1506 425 1563; x_wconf 87' lang='lat' dir='ltr'><strong>Hic</strong></span> <span class='ocrx_word' id='word_1_130' title='bbox 436 1515 538 1563; x_wconf 87' lang='lat' dir='ltr'><strong>orator</strong></span> <span class='ocrx_word' id='word_1_131' title='bbox 550 1503 683 1563; x_wconf 84' lang='lat' dir='ltr'><strong>Arianos</strong></span> <span class='ocrx_word' id='word_1_132' title='bbox 695 1506 873 1582; x_wconf 71' lang='lat' dir='ltr'><strong>interrogat,</strong></span> <span class='ocrx_word' id='word_1_133' title='bbox 887 1503 1038 1562; x_wconf 88' lang='lat' dir='ltr'><strong>undenam</strong></span> <span class='ocrx_word' id='word_1_134' title='bbox 1049 1503 1220 1583; x_wconf 86' lang='lat' dir='ltr'><strong>blaspbema</strong></span> <span class='ocrx_word' id='word_1_135' title='bbox 1233 1504 1314 1562; x_wconf 91' lang='lat' dir='ltr'><strong>dicta</strong></span> <span class='ocrx_word' id='word_1_136' title='bbox 1324 1523 1380 1563; x_wconf 92' lang='lat' dir='ltr'><strong>sua</strong></span> <span class='ocrx_word' id='word_1_137' title='bbox 1389 1524 1472 1565; x_wconf 88' lang='lat' dir='ltr'><strong>acce-</strong></span> 
     </span>
     <span class='ocr_line' id='line_1_15' title="bbox 61 1594 1471 1679; baseline -0.001 -20"><span class='ocrx_word' id='word_1_138' title='bbox 61 1621 82 1659; x_wconf 86' lang='lat' dir='ltr'><strong>n</strong></span> <span class='ocrx_word' id='word_1_139' title='bbox 94 1600 258 1659; x_wconf 85' lang='lat' dir='ltr'><strong>uthomas</strong></span> <span class='ocrx_word' id='word_1_140' title='bbox 271 1598 381 1657; x_wconf 78' lang='lat' dir='ltr'><strong>Christi</strong></span> <span class='ocrx_word' id='word_1_141' title='bbox 391 1597 497 1679; x_wconf 77' lang='lat' dir='ltr'><strong>plagas</strong></span> <span class='ocrx_word' id='word_1_142' title='bbox 511 1598 671 1678; x_wconf 74' lang='lat' dir='ltr'><strong>tetigissent</strong></span> <span class='ocrx_word' id='word_1_143' title='bbox 687 1594 802 1675; x_wconf 79' lang='lat' dir='ltr'><strong>:quua</strong></span> <span class='ocrx_word' id='word_1_144' title='bbox 815 1616 897 1655; x_wconf 82' lang='lat' dir='ltr'><strong>manu</strong></span> <span class='ocrx_word' id='word_1_145' title='bbox 909 1639 918 1667; x_wconf 92' lang='lat'><strong>,</strong></span> <span class='ocrx_word' id='word_1_146' title='bbox 930 1596 1046 1679; x_wconf 90' lang='lat' dir='ltr'><strong>inquit,</strong></span> <span class='ocrx_word' id='word_1_147' title='bbox 1061 1617 1096 1656; x_wconf 92' lang='lat' dir='ltr'><strong>an</strong></span> <span class='ocrx_word' id='word_1_148' title='bbox 1115 1616 1147 1655; x_wconf 88' lang='lat' dir='ltr'><strong>ea</strong></span> <span class='ocrx_word' id='word_1_149' title='bbox 1159 1616 1213 1674; x_wconf 86' lang='lat' dir='ltr'><strong>qua</strong></span> <span class='ocrx_word' id='word_1_150' title='bbox 1221 1595 1338 1677; x_wconf 86' lang='lat' dir='ltr'><strong>pretiosa</strong></span> <span class='ocrx_word' id='word_1_151' title='bbox 1353 1618 1417 1657; x_wconf 85' lang='lat' dir='ltr'><strong>rasa</strong></span> <span class='ocrx_word' id='word_1_152' title='bbox 1427 1618 1471 1657; x_wconf 82' lang='lat' dir='ltr'><strong>ra-</strong></span> 
     </span>
     <span class='ocr_line' id='line_1_16' title="bbox 61 1688 1469 1776; baseline -0.003 -22"><span class='ocrx_word' id='word_1_153' title='bbox 61 1692 221 1776; x_wconf 83' lang='lat' dir='ltr'><strong>rapostolos</strong></span> <span class='ocrx_word' id='word_1_154' title='bbox 234 1691 407 1773; x_wconf 70' lang='lat' dir='ltr'><strong>compilasti?</strong></span> <span class='ocrx_word' id='word_1_155' title='bbox 422 1711 474 1771; x_wconf 86' lang='lat' dir='ltr'><strong>qua</strong></span> <span class='ocrx_word' id='word_1_156' title='bbox 483 1690 593 1750; x_wconf 82' lang='lat' dir='ltr'><strong>barbari</strong></span> <span class='ocrx_word' id='word_1_157' title='bbox 608 1689 693 1775; x_wconf 88' lang='lat' dir='ltr'><strong>spolia</strong></span> <span class='ocrx_word' id='word_1_158' title='bbox 713 1689 840 1771; x_wconf 86' lang='lat' dir='ltr'><strong>exoepisti</strong></span> <span class='ocrx_word' id='word_1_159' title='bbox 848 1688 863 1749; x_wconf 71' lang='lat'><strong>‚⁰</strong></span> <span class='ocrx_word' id='word_1_160' title='bbox 872 1709 925 1770; x_wconf 86' lang='lat' dir='ltr'><strong>qua</strong></span> <span class='ocrx_word' id='word_1_161' title='bbox 938 1688 1095 1750; x_wconf 77' lang='lat' dir='ltr'><strong>mercedem</strong></span> <span class='ocrx_word' id='word_1_162' title='bbox 1106 1690 1251 1773; x_wconf 87' lang='lat' dir='ltr'><strong>impietatis</strong></span> <span class='ocrx_word' id='word_1_163' title='bbox 1271 1690 1404 1750; x_wconf 76' lang='lat' dir='ltr'><strong>tenuisti?</strong></span> <span class='ocrx_word' id='word_1_164' title='bbox 1417 1713 1469 1771; x_wconf 87' lang='lat' dir='ltr'><strong>qua</strong></span> 
     </span>
     <span class='ocr_line' id='line_1_17' title="bbox 61 1782 1472 1866; baseline -0.001 -20"><span class='ocrx_word' id='word_1_165' title='bbox 61 1807 115 1846; x_wconf 83' lang='lat' dir='ltr'><strong>rasa</strong></span> <span class='ocrx_word' id='word_1_166' title='bbox 127 1783 272 1846; x_wconf 81' lang='lat' dir='ltr'><strong>conflasti?</strong></span> <span class='ocrx_word' id='word_1_167' title='bbox 284 1786 357 1844; x_wconf 86' lang='lat' dir='ltr'><strong>Haec</strong></span> <span class='ocrx_word' id='word_1_168' title='bbox 363 1797 440 1845; x_wconf 90' lang='lat' dir='ltr'><strong>certe</strong></span> <span class='ocrx_word' id='word_1_169' title='bbox 450 1785 555 1866; x_wconf 81' lang='lat' dir='ltr'><strong>referri</strong></span> <span class='ocrx_word' id='word_1_170' title='bbox 561 1797 682 1864; x_wconf 85' lang='lat' dir='ltr'><strong>possunt</strong></span> <span class='ocrx_word' id='word_1_171' title='bbox 693 1784 734 1842; x_wconf 88' lang='lat' dir='ltr'><strong>ad</strong></span> <span class='ocrx_word' id='word_1_172' title='bbox 741 1783 916 1865; x_wconf 87' lang='lat' dir='ltr'><strong>direptiones</strong></span> <span class='ocrx_word' id='word_1_173' title='bbox 927 1804 947 1842; x_wconf 87' lang='lat' dir='ltr'><strong>a</strong></span> <span class='ocrx_word' id='word_1_174' title='bbox 958 1783 1058 1843; x_wconf 89' lang='lat' dir='ltr'><strong>Gaina</strong></span> <span class='ocrx_word' id='word_1_175' title='bbox 1064 1782 1250 1864; x_wconf 82' lang='lat' dir='ltr'><strong>Arianisque</strong></span> <span class='ocrx_word' id='word_1_176' title='bbox 1258 1797 1405 1865; x_wconf 89' lang='lat' dir='ltr'><strong>patratas,</strong></span> <span class='ocrx_word' id='word_1_177' title='bbox 1418 1791 1472 1866; x_wconf 91' lang='lat' dir='ltr'><strong>qui</strong></span> 
     </span>
     <span class='ocr_line' id='line_1_18' title="bbox 61 1876 1471 1960; baseline -0.005 -17"><span class='ocrx_word' id='word_1_178' title='bbox 61 1883 112 1943; x_wconf 82' lang='lat' dir='ltr'><strong>siis</strong></span> <span class='ocrx_word' id='word_1_179' title='bbox 128 1903 188 1941; x_wconf 89' lang='lat' dir='ltr'><strong>non</strong></span> <span class='ocrx_word' id='word_1_180' title='bbox 196 1890 398 1960; x_wconf 79' lang='lat' dir='ltr'><strong>pepercerant.</strong></span> <span class='ocrx_word' id='word_1_181' title='bbox 417 1879 525 1937; x_wconf 88' lang='lat' dir='ltr'><strong>Verum</strong></span> <span class='ocrx_word' id='word_1_182' title='bbox 535 1879 581 1938; x_wconf 86' lang='lat' dir='ltr'><strong>bis</strong></span> <span class='ocrx_word' id='word_1_183' title='bbox 595 1878 746 1960; x_wconf 83' lang='lat' dir='ltr'><strong>quidpiam</strong></span> <span class='ocrx_word' id='word_1_184' title='bbox 757 1876 937 1958; x_wconf 77' lang='lat' dir='ltr'><strong>singularius</strong></span> <span class='ocrx_word' id='word_1_185' title='bbox 957 1877 1140 1937; x_wconf 88' lang='lat' dir='ltr'><strong>subindicari</strong></span> <span class='ocrx_word' id='word_1_186' title='bbox 1152 1876 1281 1937; x_wconf 82' lang='lat' dir='ltr'><strong>uidetur.</strong></span> <span class='ocrx_word' id='word_1_187' title='bbox 1301 1877 1375 1936; x_wconf 85' lang='lat' dir='ltr'><strong>Cum</strong></span> <span class='ocrx_word' id='word_1_188' title='bbox 1392 1881 1471 1937; x_wconf 87' lang='lat' dir='ltr'><strong>enirn</strong></span> 
     </span>
     <span class='ocr_line' id='line_1_19' title="bbox 61 1967 1471 2052; baseline -0.001 -18"><span class='ocrx_word' id='word_1_189' title='bbox 61 1986 185 2033; x_wconf 67' lang='lat' dir='ltr'><strong>ametur</strong></span> <span class='ocrx_word' id='word_1_190' title='bbox 199 1971 331 2032; x_wconf 85' lang='lat' dir='ltr'><strong>Gainarn</strong></span> <span class='ocrx_word' id='word_1_191' title='bbox 342 1970 476 2052; x_wconf 80' lang='lat' dir='ltr'><strong>aliquam</strong></span> <span class='ocrx_word' id='word_1_192' title='bbox 485 1969 682 2049; x_wconf 89' lang='lat' dir='ltr'><strong>apostolorum</strong></span> <span class='ocrx_word' id='word_1_193' title='bbox 696 1967 838 2028; x_wconf 85' lang='lat' dir='ltr'><strong>celebrem</strong></span> <span class='ocrx_word' id='word_1_194' title='bbox 847 1968 1003 2029; x_wconf 87' lang='lat' dir='ltr'><strong>ecclesiam</strong></span> <span class='ocrx_word' id='word_1_195' title='bbox 1016 1969 1193 2051; x_wconf 82' lang='lat' dir='ltr'><strong>diripuisse:</strong></span> <span class='ocrx_word' id='word_1_196' title='bbox 1209 1973 1367 2051; x_wconf 80' lang='lat' dir='ltr'><strong>opinamur</strong></span> <span class='ocrx_word' id='word_1_197' title='bbox 1375 1974 1471 2051; x_wconf 89' lang='lat' dir='ltr'><strong>ipsum</strong></span> 
     </span>
     <span class='ocr_line' id='line_1_20' title="bbox 61 2060 1471 2146; baseline 0.001 -22"><span class='ocrx_word' id='word_1_198' title='bbox 61 2095 65 2124; x_wconf 65' lang='grc' dir='ltr'>ν</span> <span class='ocrx_word' id='word_1_199' title='bbox 83 2062 420 2144; x_wconf 71' lang='lat' dir='ltr'><strong>Constantinopolitanae</strong></span> <span class='ocrx_word' id='word_1_200' title='bbox 433 2060 646 2143; x_wconf 79' lang='lat' dir='ltr'><strong>Apostolorum</strong></span> <span class='ocrx_word' id='word_1_201' title='bbox 668 2061 797 2122; x_wconf 76' lang='lat' dir='ltr'><strong>ecclesie</strong></span> <span class='ocrx_word' id='word_1_202' title='bbox 813 2063 944 2143; x_wconf 85' lang='lat' dir='ltr'><strong>pretiosa</strong></span> <span class='ocrx_word' id='word_1_203' title='bbox 965 2082 1044 2122; x_wconf 81' lang='lat' dir='ltr'><strong>oasa</strong></span> <span class='ocrx_word' id='word_1_204' title='bbox 1067 2062 1244 2136; x_wconf 84' lang='lat' dir='ltr'><strong>abstulisse,</strong></span> <span class='ocrx_word' id='word_1_205' title='bbox 1262 2084 1329 2122; x_wconf 89' lang='lat' dir='ltr'><strong>cum</strong></span> <span class='ocrx_word' id='word_1_206' title='bbox 1349 2079 1471 2146; x_wconf 76' lang='lat' dir='ltr'><strong>urgente</strong></span> 
     </span>
     <span class='ocr_line' id='line_1_21' title="bbox 61 2156 1469 2240; baseline -0.002 -19"><span class='ocrx_word' id='word_1_207' title='bbox 61 2166 248 2240; x_wconf 87' lang='lat' dir='ltr'><strong>instanteque</strong></span> <span class='ocrx_word' id='word_1_208' title='bbox 261 2160 448 2230; x_wconf 87' lang='lat' dir='ltr'><strong>necessitate,</strong></span> <span class='ocrx_word' id='word_1_209' title='bbox 466 2176 526 2216; x_wconf 91' lang='lat' dir='ltr'><strong>non</strong></span> <span class='ocrx_word' id='word_1_210' title='bbox 538 2169 635 2238; x_wconf 89' lang='lat' dir='ltr'><strong>posset</strong></span> <span class='ocrx_word' id='word_1_211' title='bbox 657 2156 719 2216; x_wconf 90' lang='lat' dir='ltr'><strong>alio</strong></span> <span class='ocrx_word' id='word_1_212' title='bbox 735 2156 822 2216; x_wconf 87' lang='lat' dir='ltr'><strong>modo</strong></span> <span class='ocrx_word' id='word_1_213' title='bbox 842 2168 959 2217; x_wconf 87' lang='lat' dir='ltr'><strong>tantam</strong></span> <span class='ocrx_word' id='word_1_214' title='bbox 982 2159 1051 2216; x_wconf 89' lang='lat' dir='ltr'><strong>auri</strong></span> <span class='ocrx_word' id='word_1_215' title='bbox 1072 2160 1137 2217; x_wconf 82' lang='lat' dir='ltr'><strong>uirn</strong></span> <span class='ocrx_word' id='word_1_216' title='bbox 1156 2157 1300 2239; x_wconf 73' lang='lat' dir='ltr'><strong>conflare,</strong></span> <span class='ocrx_word' id='word_1_217' title='bbox 1326 2170 1469 2240; x_wconf 88' lang='lat' dir='ltr'><strong>quantam</strong></span> 
     </span>
     <span class='ocr_line' id='line_1_22' title="bbox 61 2249 1469 2335; baseline -0.002 -20"><span class='ocrx_word' id='word_1_218' title='bbox 61 2256 99 2315; x_wconf 91' lang='lat' dir='ltr'><strong>lle</strong></span> <span class='ocrx_word' id='word_1_219' title='bbox 109 2274 164 2335; x_wconf 92' lang='lat' dir='ltr'><strong>pro</strong></span> <span class='ocrx_word' id='word_1_220' title='bbox 175 2274 207 2314; x_wconf 91' lang='lat' dir='ltr'><strong>se</strong></span> <span class='ocrx_word' id='word_1_221' title='bbox 220 2265 249 2312; x_wconf 89' lang='lat' dir='ltr'><strong>et</strong></span> <span class='ocrx_word' id='word_1_222' title='bbox 257 2269 312 2332; x_wconf 92' lang='lat' dir='ltr'><strong>pro</strong></span> <span class='ocrx_word' id='word_1_223' title='bbox 324 2250 467 2309; x_wconf 85' lang='lat' dir='ltr'><strong>militibus</strong></span> <span class='ocrx_word' id='word_1_224' title='bbox 481 2254 553 2310; x_wconf 86' lang='lat' dir='ltr'><strong>suis.</strong></span> <span class='ocrx_word' id='word_1_225' title='bbox 567 2251 646 2309; x_wconf 89' lang='lat' dir='ltr'><strong>Huic</strong></span> <span class='ocrx_word' id='word_1_226' title='bbox 661 2270 727 2309; x_wconf 82' lang='lat' dir='ltr'><strong>vero</strong></span> <span class='ocrx_word' id='word_1_227' title='bbox 740 2251 1005 2335; x_wconf 78' lang='lat' dir='ltr'><strong>sententioesavent</strong></span> <span class='ocrx_word' id='word_1_228' title='bbox 1016 2251 1079 2312; x_wconf 79' lang='lat' dir='ltr'><strong>bec</strong></span> <span class='ocrx_word' id='word_1_229' title='bbox 1089 2252 1184 2311; x_wconf 79' lang='lat' dir='ltr'><strong>uerba</strong></span> <span class='ocrx_word' id='word_1_230' title='bbox 1190 2295 1201 2324; x_wconf 94' lang='lat'><strong>,</strong></span> <span class='ocrx_word' id='word_1_231' title='bbox 1212 2249 1364 2311; x_wconf 84' lang='lat' dir='ltr'><strong>mercedem</strong></span> <span class='ocrx_word' id='word_1_232' title='bbox 1372 2251 1469 2334; x_wconf 89' lang='lat' dir='ltr'><strong>impie·</strong></span> 
     </span>
     <span class='ocr_line' id='line_1_23' title="bbox 61 2365 91 2410; baseline 0 0"><span class='ocrx_word' id='word_1_233' title='bbox 61 2365 91 2410; x_wconf 84' lang='lat' dir='ltr'><strong>ll.</strong></span> 
     </span>
    </p>

    <p class='ocr_par' dir='ltr' id='par_1_5' title="bbox 61 2435 1502 2786">
     <span class='ocr_line' id='line_1_24' title="bbox 61 2435 1502 2519; baseline 0 -14"><span class='ocrx_word' id='word_1_234' title='bbox 61 2466 78 2505; x_wconf 84' lang='lat' dir='ltr'><strong>e</strong></span> <span class='ocrx_word' id='word_1_235' title='bbox 91 2443 197 2518; x_wconf 89' lang='lat' dir='ltr'><strong>omnia,</strong></span> <span class='ocrx_word' id='word_1_236' title='bbox 211 2442 235 2502; x_wconf 88' lang='lat' dir='ltr'><strong>si</strong></span> <span class='ocrx_word' id='word_1_237' title='bbox 250 2460 304 2500; x_wconf 93' lang='lat' dir='ltr'><strong>non</strong></span> <span class='ocrx_word' id='word_1_238' title='bbox 322 2437 431 2499; x_wconf 92' lang='lat' dir='ltr'><strong>omnino</strong></span> <span class='ocrx_word' id='word_1_239' title='bbox 443 2437 600 2519; x_wconf 84' lang='lat' dir='ltr'><strong>explorata,</strong></span> <span class='ocrx_word' id='word_1_240' title='bbox 615 2435 763 2499; x_wconf 86' lang='lat' dir='ltr'><strong>admodum</strong></span> <span class='ocrx_word' id='word_1_241' title='bbox 782 2435 934 2518; x_wconf 86' lang='lat' dir='ltr'><strong>probabilia</strong></span> <span class='ocrx_word' id='word_1_242' title='bbox 947 2448 1019 2498; x_wconf 85' lang='lat' dir='ltr'><strong>sunt.</strong></span> <span class='ocrx_word' id='word_1_243' title='bbox 1033 2436 1116 2512; x_wconf 92' lang='lat' dir='ltr'><strong>Quod</strong></span> <span class='ocrx_word' id='word_1_244' title='bbox 1135 2453 1226 2500; x_wconf 82' lang='lat' dir='ltr'><strong>autem</strong></span> <span class='ocrx_word' id='word_1_245' title='bbox 1248 2452 1311 2499; x_wconf 89' lang='lat' dir='ltr'><strong>ante</strong></span> <span class='ocrx_word' id='word_1_246' title='bbox 1330 2437 1502 2505; x_wconf 81' lang='lat' dir='ltr'><strong>tumulumrt</strong></span> 
     </span>
     <span class='ocr_line' id='line_1_25' title="bbox 68 2531 1468 2619; baseline -0.004 -18"><span class='ocrx_word' id='word_1_247' title='bbox 68 2539 129 2603; x_wconf 83' lang='lat' dir='ltr'><strong>haeo</strong></span> <span class='ocrx_word' id='word_1_248' title='bbox 144 2537 237 2598; x_wconf 90' lang='lat' dir='ltr'><strong>ooncio</strong></span> <span class='ocrx_word' id='word_1_249' title='bbox 257 2533 351 2596; x_wconf 87' lang='lat' dir='ltr'><strong>habita</strong></span> <span class='ocrx_word' id='word_1_250' title='bbox 360 2532 462 2610; x_wconf 82' lang='lat' dir='ltr'><strong>luerit,</strong></span> <span class='ocrx_word' id='word_1_251' title='bbox 473 2532 587 2613; x_wconf 90' lang='lat' dir='ltr'><strong>planum</strong></span> <span class='ocrx_word' id='word_1_252' title='bbox 604 2545 631 2592; x_wconf 93' lang='lat' dir='ltr'><strong>et</strong></span> <span class='ocrx_word' id='word_1_253' title='bbox 643 2545 775 2592; x_wconf 63' lang='lat' dir='ltr'><strong>mrum</strong></span> <span class='ocrx_word' id='word_1_254' title='bbox 787 2531 897 2593; x_wconf 87' lang='lat' dir='ltr'><strong>ridetur</strong></span> <span class='ocrx_word' id='word_1_255' title='bbox 909 2552 945 2592; x_wconf 83' lang='lat' dir='ltr'><strong>ex</strong></span> <span class='ocrx_word' id='word_1_256' title='bbox 966 2531 1041 2593; x_wconf 85' lang='lat' dir='ltr'><strong>hisce</strong></span> <span class='ocrx_word' id='word_1_257' title='bbox 1051 2532 1143 2596; x_wconf 80' lang='lat' dir='ltr'><strong>uerbis</strong></span> <span class='ocrx_word' id='word_1_258' title='bbox 1160 2535 1212 2619; x_wconf 86' lang='lat' dir='ltr'><strong>¹sub</strong></span> <span class='ocrx_word' id='word_1_259' title='bbox 1225 2534 1309 2595; x_wconf 86' lang='lat' dir='ltr'><strong>linem</strong></span> <span class='ocrx_word' id='word_1_260' title='bbox 1329 2534 1468 2596; x_wconf 72' lang='lat' dir='ltr'><strong>homilia:</strong></span> 
     </span>
     <span class='ocr_line' id='line_1_26' title="bbox 61 2625 1469 2710; baseline -0.003 -17"><span class='ocrx_word' id='word_1_261' title='bbox 61 2636 128 2693; x_wconf 87' lang='lat' dir='ltr'><strong>bem</strong></span> <span class='ocrx_word' id='word_1_262' title='bbox 140 2635 233 2691; x_wconf 88' lang='lat' dir='ltr'><strong>cineri</strong></span> <span class='ocrx_word' id='word_1_263' title='bbox 253 2641 304 2688; x_wconf 91' lang='lat' dir='ltr'><strong>tuo</strong></span> <span class='ocrx_word' id='word_1_264' title='bbox 317 2627 550 2710; x_wconf 88' lang='lat' dir='ltr'><strong>supplicantem:</strong></span> <span class='ocrx_word' id='word_1_265' title='bbox 565 2637 681 2686; x_wconf 78' lang='lat' dir='ltr'><strong>atatem</strong></span> <span class='ocrx_word' id='word_1_266' title='bbox 696 2645 811 2685; x_wconf 86' lang='lat' dir='ltr'><strong>omnem</strong></span> <span class='ocrx_word' id='word_1_267' title='bbox 825 2627 868 2685; x_wconf 91' lang='lat' dir='ltr'><strong>ad</strong></span> <span class='ocrx_word' id='word_1_268' title='bbox 880 2625 1057 2707; x_wconf 75' lang='lat' dir='ltr'><strong>legationem</strong></span> <span class='ocrx_word' id='word_1_269' title='bbox 1072 2628 1256 2688; x_wconf 88' lang='lat' dir='ltr'><strong>subeundam</strong></span> <span class='ocrx_word' id='word_1_270' title='bbox 1270 2631 1371 2688; x_wconf 85' lang='lat' dir='ltr'><strong>misit:</strong></span> <span class='ocrx_word' id='word_1_271' title='bbox 1384 2648 1469 2690; x_wconf 88' lang='lat' dir='ltr'><strong>senes</strong></span> 
     </span>
     <span class='ocr_line' id='line_1_27' title="bbox 73 2723 396 2786; baseline -0.019 0"><span class='ocrx_word' id='word_1_272' title='bbox 73 2725 188 2786; x_wconf 88' lang='lat' dir='ltr'><strong>tumulo</strong></span> <span class='ocrx_word' id='word_1_273' title='bbox 199 2723 396 2785; x_wconf 80' lang='lat' dir='ltr'><strong>advolvimur.</strong></span> 
     </span>
    </p>

    <p class='ocr_par' dir='ltr' id='par_1_6' title="bbox 61 2813 550 2881">
     <span class='ocr_line' id='line_1_28' title="bbox 61 2813 550 2881; baseline -0.018 0"><span class='ocrx_word' id='word_1_274' title='bbox 61 2821 124 2881; x_wconf 80' lang='lat' dir='ltr'><strong>tatio</strong></span> <span class='ocrx_word' id='word_1_275' title='bbox 132 2818 229 2878; x_wconf 72' lang='lat' dir='ltr'><strong>latina</strong></span> <span class='ocrx_word' id='word_1_276' title='bbox 238 2829 278 2876; x_wconf 88' lang='lat' dir='ltr'><strong>est</strong></span> <span class='ocrx_word' id='word_1_277' title='bbox 288 2814 432 2875; x_wconf 85' lang='lat' dir='ltr'><strong>Frontonis</strong></span> <span class='ocrx_word' id='word_1_278' title='bbox 446 2813 550 2873; x_wconf 82' lang='lat' dir='ltr'><strong>Dncaei.</strong></span> 
     </span>
    </p>
   </div>
   <div class='ocr_carea' id='block_1_4' title="bbox 61 3175 1468 3534">
    <p class='ocr_par' dir='ltr' id='par_1_7' title="bbox 61 3175 1467 3259">
     <span class='ocr_line' id='line_1_29' title="bbox 61 3175 1467 3259; baseline 0.003 -22"><span class='ocrx_word' id='word_1_279' title='bbox 61 3199 114 3258; x_wconf 68' lang='lat' dir='ltr'><strong>qnos</strong></span> <span class='ocrx_word' id='word_1_280' title='bbox 142 3179 247 3255; x_wconf 67' lang='grc' dir='ltr'>Θωμν</span> <span class='ocrx_word' id='word_1_281' title='bbox 269 3177 314 3237; x_wconf 80' lang='grc' dir='ltr'>τὸν</span> <span class='ocrx_word' id='word_1_282' title='bbox 340 3175 497 3251; x_wconf 68' lang='grc' dir='ltr'>ἀπόστολον,</span> <span class='ocrx_word' id='word_1_283' title='bbox 523 3176 568 3236; x_wconf 79' lang='lat' dir='ltr'><strong>nal</strong></span> <span class='ocrx_word' id='word_1_284' title='bbox 599 3177 668 3236; x_wconf 75' lang='grc' dir='ltr'>κατὰ</span> <span class='ocrx_word' id='word_1_285' title='bbox 718 3176 1004 3238; x_wconf 86' lang='lat' dir='ltr'><strong>Sermoinsanctum</strong></span> <span class='ocrx_word' id='word_1_286' title='bbox 1014 3179 1158 3238; x_wconf 81' lang='lat' dir='ltr'><strong>Tbomam</strong></span> <span class='ocrx_word' id='word_1_287' title='bbox 1167 3179 1344 3259; x_wconf 87' lang='lat' dir='ltr'><strong>apostolum,</strong></span> <span class='ocrx_word' id='word_1_288' title='bbox 1357 3193 1467 3241; x_wconf 87' lang='lat' dir='ltr'><strong>etcon·</strong></span> 
     </span>
    </p>

    <p class='ocr_par' dir='ltr' id='par_1_8' title="bbox 61 3255 1468 3353">
     <span class='ocr_line' id='line_1_30' title="bbox 61 3255 1468 3353; baseline 0.002 -24"><span class='ocrx_word' id='word_1_289' title='bbox 61 3295 86 3344; x_wconf 80' lang='lat' dir='ltr'><strong>u,</strong></span> <span class='ocrx_word' id='word_1_290' title='bbox 99 3269 145 3329; x_wconf 79' lang='grc' dir='ltr'><strong>καὶ</strong></span> <span class='ocrx_word' id='word_1_291' title='bbox 161 3270 197 3336; x_wconf 78' lang='lat' dir='ltr'><strong>ti&lt;</strong></span> <span class='ocrx_word' id='word_1_292' title='bbox 210 3267 255 3328; x_wconf 78' lang='grc' dir='ltr'>τὸν</span> <span class='ocrx_word' id='word_1_293' title='bbox 270 3269 298 3327; x_wconf 84' lang='lat' dir='ltr'><strong>lu</strong></span> <span class='ocrx_word' id='word_1_294' title='bbox 312 3271 346 3348; x_wconf 75' lang='grc' dir='ltr'><strong>τῇ</strong></span> <span class='ocrx_word' id='word_1_295' title='bbox 360 3267 457 3348; x_wconf 68' lang='grc' dir='ltr'>Θρᾴκῃ</span> <span class='ocrx_word' id='word_1_296' title='bbox 469 3267 669 3347; x_wconf 68' lang='grc' dir='ltr'>τυραννήσαντα</span> <span class='ocrx_word' id='word_1_297' title='bbox 684 3255 704 3300; x_wconf 72' lang='grc' dir='ltr'>Ᾰ</span> <span class='ocrx_word' id='word_1_298' title='bbox 760 3282 808 3329; x_wconf 85' lang='lat' dir='ltr'><strong>tra</strong></span> <span class='ocrx_word' id='word_1_299' title='bbox 828 3268 973 3343; x_wconf 81' lang='lat' dir='ltr'><strong>Arianos,</strong></span> <span class='ocrx_word' id='word_1_300' title='bbox 994 3271 1087 3353; x_wconf 82' lang='lat' dir='ltr'><strong>deque</strong></span> <span class='ocrx_word' id='word_1_301' title='bbox 1104 3274 1207 3353; x_wconf 85' lang='lat' dir='ltr'><strong>coqui</strong></span> <span class='ocrx_word' id='word_1_302' title='bbox 1229 3273 1421 3347; x_wconf 83' lang='lat' dir='ltr'><strong>tyrannidem</strong></span> <span class='ocrx_word' id='word_1_303' title='bbox 1435 3277 1468 3332; x_wconf 91' lang='lat' dir='ltr'><strong>in</strong></span> 
     </span>
    </p>

    <p class='ocr_par' dir='ltr' id='par_1_9' title="bbox 61 3356 1465 3534">
     <span class='ocr_line' id='line_1_31' title="bbox 61 3356 1465 3443; baseline 0.006 -28"><span class='ocrx_word' id='word_1_304' title='bbox 61 3358 242 3441; x_wconf 50' lang='lat' dir='ltr'><strong>‚potuerat</strong></span> <span class='ocrx_word' id='word_1_305' title='bbox 256 3357 334 3418; x_wconf 71' lang='grc' dir='ltr'>αὐτὸν</span> <span class='ocrx_word' id='word_1_306' title='bbox 347 3356 489 3436; x_wconf 79' lang='grc' dir='ltr'>Ἀροιανόν.</span> <span class='ocrx_word' id='word_1_307' title='bbox 763 3361 892 3421; x_wconf 81' lang='lat' dir='ltr'><strong>Tbracia</strong></span> <span class='ocrx_word' id='word_1_308' title='bbox 902 3364 1065 3443; x_wconf 77' lang='lat' dir='ltr'><strong>occupauit,</strong></span> <span class='ocrx_word' id='word_1_309' title='bbox 1081 3373 1110 3421; x_wconf 76' lang='lat' dir='ltr'><strong>et</strong></span> <span class='ocrx_word' id='word_1_310' title='bbox 1122 3383 1140 3421; x_wconf 85' lang='lat' dir='ltr'><strong>c</strong></span> <span class='ocrx_word' id='word_1_311' title='bbox 1152 3361 1248 3422; x_wconf 78' lang='lat' dir='ltr'><strong>medio</strong></span> <span class='ocrx_word' id='word_1_312' title='bbox 1263 3363 1399 3425; x_wconf 77' lang='lat' dir='ltr'><strong>sublatus</strong></span> <span class='ocrx_word' id='word_1_313' title='bbox 1411 3377 1465 3439; x_wconf 88' lang='lat' dir='ltr'><strong>est,</strong></span> 
     </span>
     <span class='ocr_line' id='line_1_32' title="bbox 760 3452 1152 3534; baseline 0 -22"><span class='ocrx_word' id='word_1_314' title='bbox 760 3473 828 3513; x_wconf 91' lang='lat' dir='ltr'><strong>curn</strong></span> <span class='ocrx_word' id='word_1_315' title='bbox 842 3456 903 3534; x_wconf 88' lang='lat' dir='ltr'><strong>ipse</strong></span> <span class='ocrx_word' id='word_1_316' title='bbox 918 3452 1055 3514; x_wconf 82' lang='lat' dir='ltr'><strong>Ariamas</strong></span> <span class='ocrx_word' id='word_1_317' title='bbox 1070 3467 1152 3515; x_wconf 86' lang='lat' dir='ltr'><strong>esset.</strong></span> 
     </span>
    </p>
   </div>
   <div class='ocr_carea' id='block_1_5' title="bbox 61 3630 1618 5146">
    <p class='ocr_par' dir='ltr' id='par_1_10' title="bbox 61 3630 1618 5146">
     <span class='ocr_line' id='line_1_33' title="bbox 64 3630 1467 3717; baseline -0.004 -13"><span class='ocrx_word' id='word_1_318' title='bbox 64 3635 139 3717; x_wconf 60' lang='grc' dir='ltr'><strong>*ὄνῳ</strong></span> <span class='ocrx_word' id='word_1_319' title='bbox 148 3632 368 3707; x_wconf 64' lang='grc' dir='ltr'><strong>τῆςἘλαλησῖας</strong></span> <span class='ocrx_word' id='word_1_320' title='bbox 383 3630 670 3711; x_wconf 53' lang='lat' dir='ltr'><strong>perdurantem,</strong></span> <span class='ocrx_word' id='word_1_321' title='bbox 761 3632 829 3712; x_wconf 64' lang='lat' dir='ltr'><strong>legi</strong></span> <span class='ocrx_word' id='word_1_322' title='bbox 883 3630 957 3693; x_wconf 84' lang='lat' dir='ltr'><strong>idem</strong></span> <span class='ocrx_word' id='word_1_323' title='bbox 974 3631 1102 3694; x_wconf 78' lang='lat' dir='ltr'><strong>Eoclesie</strong></span> <span class='ocrx_word' id='word_1_324' title='bbox 1122 3633 1320 3717; x_wconf 83' lang='lat' dir='ltr'><strong>obtemperans,</strong></span> <span class='ocrx_word' id='word_1_325' title='bbox 1331 3650 1362 3697; x_wconf 91' lang='lat' dir='ltr'><strong>ut</strong></span> <span class='ocrx_word' id='word_1_326' title='bbox 1377 3637 1467 3715; x_wconf 89' lang='lat' dir='ltr'><strong>licuit,</strong></span> 
     </span>
     <span class='ocr_line' id='line_1_34' title="bbox 64 3652 1469 3802; baseline -0.013 -7"><span class='ocrx_word' id='word_1_327' title='bbox 64 3721 111 3775; x_wconf 55' lang='grc' dir='ltr'><strong>Ῥῶ</strong></span> <span class='ocrx_word' id='word_1_328' title='bbox 123 3714 254 3795; x_wconf 63' lang='grc' dir='ltr'><strong>βήματος·</strong></span> <span class='ocrx_word' id='word_1_329' title='bbox 264 3716 303 3793; x_wconf 77' lang='grc' dir='ltr'><strong>τῷ</strong></span> <span class='ocrx_word' id='word_1_330' title='bbox 313 3711 342 3773; x_wconf 63' lang='grc' dir='ltr'><strong>δὲ</strong></span> <span class='ocrx_word' id='word_1_331' title='bbox 352 3708 456 3791; x_wconf 69' lang='grc' dir='ltr'>μεγέθει</span> <span class='ocrx_word' id='word_1_332' title='bbox 467 3713 516 3782; x_wconf 74' lang='grc' dir='ltr'><strong>τῆς</strong></span> <span class='ocrx_word' id='word_1_333' title='bbox 523 3707 670 3778; x_wconf 71' lang='grc' dir='ltr'>ὑποθέσεως</span> <span class='ocrx_word' id='word_1_334' title='bbox 721 3711 749 3771; x_wconf 94' lang='lat' dir='ltr'><strong>in</strong></span> <span class='ocrx_word' id='word_1_335' title='bbox 761 3711 814 3802; x_wconf 70' lang='lat' dir='ltr'><strong>lnoc</strong></span> <span class='ocrx_word' id='word_1_336' title='bbox 824 3652 945 3774; x_wconf 55' lang='lat' dir='ltr'><strong>upum</strong></span> <span class='ocrx_word' id='word_1_337' title='bbox 955 3712 1080 3791; x_wconf 81' lang='lat' dir='ltr'><strong>ascendi3</strong></span> <span class='ocrx_word' id='word_1_338' title='bbox 1091 3733 1188 3775; x_wconf 85' lang='lat' dir='ltr'><strong>verum</strong></span> <span class='ocrx_word' id='word_1_339' title='bbox 1200 3717 1354 3794; x_wconf 78' lang='lat' dir='ltr'><strong>argumenti</strong></span> <span class='ocrx_word' id='word_1_340' title='bbox 1367 3719 1469 3796; x_wconf 82' lang='lat' dir='ltr'><strong>magni·</strong></span> 
     </span>
     <span class='ocr_line' id='line_1_35' title="bbox 61 3789 1469 3897; baseline 0.003 -45"><span class='ocrx_word' id='word_1_341' title='bbox 61 3792 254 3897; x_wconf 54' lang='grc' dir='ltr'>ςίλιγνιῶμαλ</span> <span class='ocrx_word' id='word_1_342' title='bbox 265 3816 335 3852; x_wconf 81' lang='lat' dir='ltr'><strong>nam</strong></span> <span class='ocrx_word' id='word_1_343' title='bbox 372 3789 600 3870; x_wconf 76' lang='grc' dir='ltr'>όθινουνὲχομαι,</span> <span class='ocrx_word' id='word_1_344' title='bbox 613 3793 670 3857; x_wconf 81' lang='grc' dir='ltr'><strong>πῶς</strong></span> <span class='ocrx_word' id='word_1_345' title='bbox 720 3789 814 3850; x_wconf 80' lang='lat' dir='ltr'><strong>tudine</strong></span> <span class='ocrx_word' id='word_1_346' title='bbox 832 3804 974 3874; x_wconf 85' lang='lat' dir='ltr'><strong>superatur</strong></span> <span class='ocrx_word' id='word_1_347' title='bbox 992 3791 1092 3870; x_wconf 76' lang='lat' dir='ltr'><strong>haereo,</strong></span> <span class='ocrx_word' id='word_1_348' title='bbox 1114 3807 1141 3853; x_wconf 90' lang='lat' dir='ltr'><strong>et</strong></span> <span class='ocrx_word' id='word_1_349' title='bbox 1159 3792 1333 3886; x_wconf 87' lang='lat' dir='ltr'><strong>undiquaque</strong></span> <span class='ocrx_word' id='word_1_350' title='bbox 1357 3798 1469 3856; x_wconf 88' lang='lat' dir='ltr'><strong>oonstri-</strong></span> 
     </span>
     <span class='ocr_line' id='line_1_36' title="bbox 61 3867 1469 3976; baseline 0.002 -43"><span class='ocrx_word' id='word_1_351' title='bbox 61 3869 334 3976; x_wconf 58' lang='lat' dir='ltr'><strong>n&#39;papaqqaartmolun</strong></span> <span class='ocrx_word' id='word_1_352' title='bbox 376 3867 670 3953; x_wconf 70' lang='grc' dir='ltr'>ρνντῷλθγῳδιέξοδον.</span> <span class='ocrx_word' id='word_1_353' title='bbox 721 3881 857 3949; x_wconf 82' lang='lat' dir='ltr'><strong>cius,quo</strong></span> <span class='ocrx_word' id='word_1_354' title='bbox 874 3884 952 3952; x_wconf 86' lang='lat' dir='ltr'><strong>pacto</strong></span> <span class='ocrx_word' id='word_1_355' title='bbox 967 3893 1024 3931; x_wconf 88' lang='lat' dir='ltr'><strong>rem</strong></span> <span class='ocrx_word' id='word_1_356' title='bbox 1039 3871 1119 3932; x_wconf 75' lang='lat' dir='ltr'><strong>istm</strong></span> <span class='ocrx_word' id='word_1_357' title='bbox 1136 3893 1259 3952; x_wconf 74' lang='lat' dir='ltr'><strong>mequr,</strong></span> <span class='ocrx_word' id='word_1_358' title='bbox 1270 3888 1297 3934; x_wconf 87' lang='lat' dir='ltr'><strong>et</strong></span> <span class='ocrx_word' id='word_1_359' title='bbox 1309 3894 1363 3953; x_wconf 78' lang='lat' dir='ltr'><strong>qtto</strong></span> <span class='ocrx_word' id='word_1_360' title='bbox 1373 3896 1469 3954; x_wconf 82' lang='lat' dir='ltr'><strong>gere</strong></span> 
     </span>
     <span class='ocr_line' id='line_1_37' title="bbox 61 3948 1468 4034; baseline 0.001 -22"><span class='ocrx_word' id='word_1_361' title='bbox 61 3950 163 4034; x_wconf 76' lang='grc' dir='ltr'>αηρυξω</span> <span class='ocrx_word' id='word_1_362' title='bbox 176 3951 222 4010; x_wconf 82' lang='grc' dir='ltr'>τὸν</span> <span class='ocrx_word' id='word_1_363' title='bbox 234 3953 348 4030; x_wconf 58' lang='lat' dir='ltr'><strong>Gauda</strong></span> <span class='ocrx_word' id='word_1_364' title='bbox 362 3949 457 4010; x_wconf 61' lang='grc' dir='ltr'>Ἄλλο</span> <span class='ocrx_word' id='word_1_365' title='bbox 473 3949 554 4030; x_wconf 72' lang='lat' dir='ltr'><strong>rdqoc</strong></span> <span class='ocrx_word' id='word_1_366' title='bbox 571 3951 669 4020; x_wconf 79' lang='grc' dir='ltr'>ἅνακη-</span> <span class='ocrx_word' id='word_1_367' title='bbox 720 3949 849 4009; x_wconf 86' lang='lat' dir='ltr'><strong>orationis</strong></span> <span class='ocrx_word' id='word_1_368' title='bbox 858 3948 987 4031; x_wconf 81' lang='lat' dir='ltr'><strong>expedire</strong></span> <span class='ocrx_word' id='word_1_369' title='bbox 999 3951 1112 4031; x_wconf 84' lang='lat' dir='ltr'><strong>possim,</strong></span> <span class='ocrx_word' id='word_1_370' title='bbox 1122 3950 1226 4031; x_wconf 82' lang='lat' dir='ltr'><strong>ignoro.</strong></span> <span class='ocrx_word' id='word_1_371' title='bbox 1241 3955 1317 4012; x_wconf 82' lang='lat' dir='ltr'><strong>Anne</strong></span> <span class='ocrx_word' id='word_1_372' title='bbox 1329 3967 1468 4033; x_wconf 78' lang='lat' dir='ltr'><strong>tamquam</strong></span> 
     </span>
     <span class='ocr_line' id='line_1_38' title="bbox 61 4027 1468 4115; baseline 0.001 -23"><span class='ocrx_word' id='word_1_373' title='bbox 61 4033 170 4093; x_wconf 70' lang='grc' dir='ltr'>νίνατον.</span> <span class='ocrx_word' id='word_1_374' title='bbox 188 4030 235 4099; x_wconf 82' lang='grc' dir='ltr'><strong>Ὡς</strong></span> <span class='ocrx_word' id='word_1_375' title='bbox 250 4054 296 4091; x_wconf 75' lang='lat' dir='ltr'><strong>arn</strong></span> <span class='ocrx_word' id='word_1_376' title='bbox 313 4030 340 4088; x_wconf 73' lang='grc' dir='ltr'>’ν</span> <span class='ocrx_word' id='word_1_377' title='bbox 353 4027 528 4110; x_wconf 69' lang='lat' dir='ltr'><strong>implumes,</strong></span> <span class='ocrx_word' id='word_1_378' title='bbox 538 4028 608 4089; x_wconf 82' lang='grc' dir='ltr'>Ἀλλ’</span> <span class='ocrx_word' id='word_1_379' title='bbox 620 4027 671 4087; x_wconf 77' lang='grc' dir='ltr'><strong>ὑπὸ</strong></span> <span class='ocrx_word' id='word_1_380' title='bbox 721 4028 815 4088; x_wconf 81' lang='lat' dir='ltr'><strong>rivum</strong></span> <span class='ocrx_word' id='word_1_381' title='bbox 835 4027 972 4090; x_wconf 74' lang='lat' dir='ltr'><strong>thomam</strong></span> <span class='ocrx_word' id='word_1_382' title='bbox 992 4029 1260 4110; x_wconf 72' lang='lat' dir='ltr'><strong>praedicaboldtqui</strong></span> <span class='ocrx_word' id='word_1_383' title='bbox 1275 4046 1388 4093; x_wconf 90' lang='lat' dir='ltr'><strong>mortem</strong></span> <span class='ocrx_word' id='word_1_384' title='bbox 1408 4034 1468 4115; x_wconf 85' lang='lat' dir='ltr'><strong>ejus</strong></span> 
     </span>
     <span class='ocr_line' id='line_1_39' title="bbox 61 4053 1468 4272; baseline 0.001 -22"><span class='ocrx_word' id='word_1_385' title='bbox 61 4053 670 4272; x_wconf 53' lang='lat' dir='ltr'><strong>manuducimus</strong></span> <span class='ocrx_word' id='word_1_386' title='bbox 686 4117 703 4163; x_wconf 73' lang='lat'><strong>⁶</strong></span> <span class='ocrx_word' id='word_1_387' title='bbox 720 4107 1468 4268; x_wconf 59' lang='lat' dir='ltr'><strong>tur‘utslgttutsttrttttu</strong></span> 
     </span>
     <span class='ocr_line' id='line_1_40' title="bbox 61 4235 1469 4352; baseline 0.001 -23"><span class='ocrx_word' id='word_1_388' title='bbox 61 4270 186 4352; x_wconf 71' lang='grc' dir='ltr'>ἄνγιλος·</span> <span class='ocrx_word' id='word_1_389' title='bbox 203 4269 248 4329; x_wconf 79' lang='grc' dir='ltr'><strong>καλ</strong></span> <span class='ocrx_word' id='word_1_390' title='bbox 272 4267 355 4336; x_wconf 79' lang='grc' dir='ltr'>πάθος</span> <span class='ocrx_word' id='word_1_391' title='bbox 374 4266 493 4341; x_wconf 57' lang='lat' dir='ltr'><strong>lisiaro,</strong></span> <span class='ocrx_word' id='word_1_392' title='bbox 514 4267 560 4327; x_wconf 79' lang='lat' dir='ltr'><strong>nel</strong></span> <span class='ocrx_word' id='word_1_393' title='bbox 573 4268 670 4328; x_wconf 75' lang='grc' dir='ltr'>πάθεσι</span> <span class='ocrx_word' id='word_1_394' title='bbox 720 4267 843 4327; x_wconf 86' lang='lat' dir='ltr'><strong>mortalis</strong></span> <span class='ocrx_word' id='word_1_395' title='bbox 859 4291 865 4324; x_wconf 79' lang='lat' dir='ltr'>z</span> <span class='ocrx_word' id='word_1_396' title='bbox 883 4281 911 4327; x_wconf 88' lang='lat' dir='ltr'><strong>et</strong></span> <span class='ocrx_word' id='word_1_397' title='bbox 930 4280 1054 4327; x_wconf 89' lang='lat' dir='ltr'><strong>mortuus</strong></span> <span class='ocrx_word' id='word_1_398' title='bbox 1072 4282 1112 4329; x_wconf 79' lang='lat' dir='ltr'><strong>est</strong></span> <span class='ocrx_word' id='word_1_399' title='bbox 1130 4281 1160 4327; x_wconf 94' lang='lat' dir='ltr'><strong>ut</strong></span> <span class='ocrx_word' id='word_1_400' title='bbox 1178 4268 1270 4347; x_wconf 88' lang='lat' dir='ltr'><strong>homo,</strong></span> <span class='ocrx_word' id='word_1_401' title='bbox 1289 4284 1316 4329; x_wconf 90' lang='lat' dir='ltr'><strong>et</strong></span> <span class='ocrx_word' id='word_1_402' title='bbox 1334 4235 1469 4332; x_wconf 82' lang='lat' dir='ltr'><strong>rirundum</strong></span> 
     </span>
     <span class='ocr_line' id='line_1_41' title="bbox 61 4344 1469 4431; baseline 0.001 -21"><span class='ocrx_word' id='word_1_403' title='bbox 61 4347 353 4424; x_wconf 76' lang='grc' dir='ltr'><strong>ιὶκᾶτωκεῖται,·κοὶ</strong></span> <span class='ocrx_word' id='word_1_404' title='bbox 367 4345 605 4428; x_wconf 77' lang='grc' dir='ltr'>ἄνωεύφραίνετοι.</span> <span class='ocrx_word' id='word_1_405' title='bbox 614 4348 668 4406; x_wconf 84' lang='lat' dir='ltr'><strong>Ob·</strong></span> <span class='ocrx_word' id='word_1_406' title='bbox 720 4344 854 4426; x_wconf 89' lang='lat' dir='ltr'><strong>percurrit</strong></span> <span class='ocrx_word' id='word_1_407' title='bbox 873 4356 904 4405; x_wconf 89' lang='lat' dir='ltr'><strong>nt</strong></span> <span class='ocrx_word' id='word_1_408' title='bbox 927 4346 1041 4426; x_wconf 78' lang='lat' dir='ltr'><strong>augelus</strong></span> <span class='ocrx_word' id='word_1_409' title='bbox 1055 4369 1062 4404; x_wconf 75' lang='grc' dir='ltr'><strong>ε</strong></span> <span class='ocrx_word' id='word_1_410' title='bbox 1078 4361 1105 4407; x_wconf 87' lang='lat' dir='ltr'><strong>et</strong></span> <span class='ocrx_word' id='word_1_411' title='bbox 1128 4347 1280 4428; x_wconf 74' lang='lat' dir='ltr'><strong>passionen</strong></span> <span class='ocrx_word' id='word_1_412' title='bbox 1304 4349 1421 4431; x_wconf 79' lang='lat' dir='ltr'><strong>exoepit,</strong></span> <span class='ocrx_word' id='word_1_413' title='bbox 1442 4365 1469 4411; x_wconf 86' lang='lat' dir='ltr'><strong>et</strong></span> 
     </span>
     <span class='ocr_line' id='line_1_42' title="bbox 61 4424 1469 4511; baseline 0 -20"><span class='ocrx_word' id='word_1_414' title='bbox 61 4429 98 4491; x_wconf 75' lang='lat' dir='ltr'><strong>rin</strong></span> <span class='ocrx_word' id='word_1_415' title='bbox 112 4425 332 4510; x_wconf 63' lang='lat' dir='ltr'><strong>laquacudraap‘</strong></span> <span class='ocrx_word' id='word_1_416' title='bbox 375 4450 399 4501; x_wconf 86' lang='lat' dir='ltr'><strong>t,</strong></span> <span class='ocrx_word' id='word_1_417' title='bbox 415 4426 497 4494; x_wconf 81' lang='grc' dir='ltr'>οὐδεὶς</span> <span class='ocrx_word' id='word_1_418' title='bbox 512 4424 669 4506; x_wconf 75' lang='grc' dir='ltr'>οὗτὸνήφά-</span> <span class='ocrx_word' id='word_1_419' title='bbox 720 4424 979 4506; x_wconf 85' lang='lat' dir='ltr'><strong>compassionibus</strong></span> <span class='ocrx_word' id='word_1_420' title='bbox 1025 4439 1109 4488; x_wconf 88' lang='lat' dir='ltr'><strong>unat</strong></span> <span class='ocrx_word' id='word_1_421' title='bbox 1124 4449 1131 4484; x_wconf 74' lang='grc' dir='ltr'><strong>ε</strong></span> <span class='ocrx_word' id='word_1_422' title='bbox 1145 4440 1171 4487; x_wconf 91' lang='lat' dir='ltr'><strong>et</strong></span> <span class='ocrx_word' id='word_1_423' title='bbox 1195 4427 1322 4489; x_wconf 88' lang='lat' dir='ltr'><strong>deorsum</strong></span> <span class='ocrx_word' id='word_1_424' title='bbox 1338 4430 1422 4511; x_wconf 87' lang='lat' dir='ltr'><strong>jaoet,</strong></span> <span class='ocrx_word' id='word_1_425' title='bbox 1442 4444 1469 4491; x_wconf 90' lang='lat' dir='ltr'><strong>et</strong></span> 
     </span>
     <span class='ocr_line' id='line_1_43' title="bbox 61 4447 1466 4591; baseline 0.001 -22"><span class='ocrx_word' id='word_1_426' title='bbox 61 4508 144 4582; x_wconf 71' lang='grc' dir='ltr'>’θλην</span> <span class='ocrx_word' id='word_1_427' title='bbox 167 4507 216 4581; x_wconf 73' lang='grc' dir='ltr'>τὴν</span> <span class='ocrx_word' id='word_1_428' title='bbox 238 4510 310 4568; x_wconf 74' lang='lat' dir='ltr'><strong>alnou</strong></span> <span class='ocrx_word' id='word_1_429' title='bbox 379 4502 544 4586; x_wconf 78' lang='grc' dir='ltr'>νέφώτιοεν.</span> <span class='ocrx_word' id='word_1_430' title='bbox 565 4503 668 4565; x_wconf 69' lang='lat' dir='ltr'><strong>&#39;Elaia</strong></span> <span class='ocrx_word' id='word_1_431' title='bbox 720 4524 829 4564; x_wconf 88' lang='lat' dir='ltr'><strong>sursum</strong></span> <span class='ocrx_word' id='word_1_432' title='bbox 849 4504 965 4565; x_wconf 76' lang='lat' dir='ltr'><strong>letatur.</strong></span> <span class='ocrx_word' id='word_1_433' title='bbox 986 4447 1064 4566; x_wconf 67' lang='lat' dir='ltr'><strong>titali</strong></span> <span class='ocrx_word' id='word_1_434' title='bbox 1084 4505 1157 4566; x_wconf 87' lang='lat' dir='ltr'><strong>enim</strong></span> <span class='ocrx_word' id='word_1_435' title='bbox 1175 4528 1238 4566; x_wconf 91' lang='lat' dir='ltr'><strong>eum</strong></span> <span class='ocrx_word' id='word_1_436' title='bbox 1259 4508 1347 4568; x_wconf 88' lang='lat' dir='ltr'><strong>oelare</strong></span> <span class='ocrx_word' id='word_1_437' title='bbox 1365 4509 1466 4591; x_wconf 87' lang='lat' dir='ltr'><strong>potuit,</strong></span> 
     </span>
     <span class='ocr_line' id='line_1_44' title="bbox 61 4582 1468 4669; baseline -0.001 -19"><span class='ocrx_word' id='word_1_438' title='bbox 61 4607 70 4650; x_wconf 85' lang='lat' dir='ltr'><strong>t</strong></span> <span class='ocrx_word' id='word_1_439' title='bbox 82 4588 248 4669; x_wconf 66' lang='lat' dir='ltr'><strong>nuncapium</strong></span> <span class='ocrx_word' id='word_1_440' title='bbox 260 4590 296 4656; x_wconf 78' lang='grc' dir='ltr'><strong>ὣς</strong></span> <span class='ocrx_word' id='word_1_441' title='bbox 305 4585 379 4658; x_wconf 81' lang='grc' dir='ltr'>ἥλιος</span> <span class='ocrx_word' id='word_1_442' title='bbox 393 4584 547 4645; x_wconf 76' lang='grc' dir='ltr'>ἀνατέλλοι·</span> <span class='ocrx_word' id='word_1_443' title='bbox 562 4584 668 4658; x_wconf 70' lang='grc' dir='ltr'>λνλκηοι</span> <span class='ocrx_word' id='word_1_444' title='bbox 719 4583 813 4642; x_wconf 89' lang='lat' dir='ltr'><strong>nullus</strong></span> <span class='ocrx_word' id='word_1_445' title='bbox 830 4605 893 4645; x_wconf 89' lang='lat' dir='ltr'><strong>eum</strong></span> <span class='ocrx_word' id='word_1_446' title='bbox 909 4582 986 4644; x_wconf 86' lang='lat' dir='ltr'><strong>locus</strong></span> <span class='ocrx_word' id='word_1_447' title='bbox 998 4585 1144 4647; x_wconf 89' lang='lat' dir='ltr'><strong>occultavit</strong></span> <span class='ocrx_word' id='word_1_448' title='bbox 1151 4609 1161 4664; x_wconf 88' lang='lat'>;</span> <span class='ocrx_word' id='word_1_449' title='bbox 1174 4601 1263 4648; x_wconf 87' lang='lat' dir='ltr'><strong>totum</strong></span> <span class='ocrx_word' id='word_1_450' title='bbox 1275 4588 1370 4648; x_wconf 88' lang='lat' dir='ltr'><strong>orbem</strong></span> <span class='ocrx_word' id='word_1_451' title='bbox 1385 4602 1468 4649; x_wconf 84' lang='lat' dir='ltr'><strong>terra-</strong></span> 
     </span>
     <span class='ocr_line' id='line_1_45' title="bbox 61 4663 1470 4748; baseline 0 -19"><span class='ocrx_word' id='word_1_452' title='bbox 61 4667 166 4748; x_wconf 76' lang='grc' dir='ltr'>λοίψανα</span> <span class='ocrx_word' id='word_1_453' title='bbox 178 4675 224 4728; x_wconf 78' lang='grc' dir='ltr'><strong>τοῦ</strong></span> <span class='ocrx_word' id='word_1_454' title='bbox 234 4664 350 4739; x_wconf 78' lang='grc' dir='ltr'>δικαίου,</span> <span class='ocrx_word' id='word_1_455' title='bbox 359 4663 574 4747; x_wconf 68' lang='lat' dir='ltr'><strong>mtnterbrepoe</strong></span> <span class='ocrx_word' id='word_1_456' title='bbox 585 4663 667 4745; x_wconf 70' lang='grc' dir='ltr'>ἐφάνη</span> <span class='ocrx_word' id='word_1_457' title='bbox 719 4682 781 4722; x_wconf 87' lang='lat' dir='ltr'><strong>rum</strong></span> <span class='ocrx_word' id='word_1_458' title='bbox 796 4663 971 4726; x_wconf 71' lang='lat' dir='ltr'><strong>illuminavit.</strong></span> <span class='ocrx_word' id='word_1_459' title='bbox 981 4666 1133 4726; x_wconf 85' lang='lat' dir='ltr'><strong>Tumulum</strong></span> <span class='ocrx_word' id='word_1_460' title='bbox 1149 4666 1244 4743; x_wconf 84' lang='lat' dir='ltr'><strong>subiit,</strong></span> <span class='ocrx_word' id='word_1_461' title='bbox 1255 4665 1304 4727; x_wconf 82' lang='lat' dir='ltr'><strong>sed</strong></span> <span class='ocrx_word' id='word_1_462' title='bbox 1321 4667 1470 4729; x_wconf 83' lang='lat' dir='ltr'><strong>undecum-</strong></span> 
     </span>
     <span class='ocr_line' id='line_1_46' title="bbox 68 4742 1467 4850; baseline 0 -42"><span class='ocrx_word' id='word_1_463' title='bbox 68 4745 147 4821; x_wconf 74' lang='grc' dir='ltr'>ὅλης·</span> <span class='ocrx_word' id='word_1_464' title='bbox 159 4746 278 4850; x_wconf 60' lang='lat' dir='ltr'><strong>iniqu</strong></span> <span class='ocrx_word' id='word_1_465' title='bbox 287 4745 365 4805; x_wconf 75' lang='grc' dir='ltr'>αὐτὸν</span> <span class='ocrx_word' id='word_1_466' title='bbox 378 4748 396 4816; x_wconf 78' lang='grc' dir='ltr'>ἡ</span> <span class='ocrx_word' id='word_1_467' title='bbox 411 4743 490 4845; x_wconf 50' lang='lat' dir='ltr'><strong>palpa&lt;</strong></span> <span class='ocrx_word' id='word_1_468' title='bbox 504 4745 540 4811; x_wconf 71' lang='lat' dir='ltr'><strong>ele</strong></span> <span class='ocrx_word' id='word_1_469' title='bbox 549 4742 608 4804; x_wconf 76' lang='grc' dir='ltr'>θλον</span> <span class='ocrx_word' id='word_1_470' title='bbox 622 4743 668 4804; x_wconf 77' lang='grc' dir='ltr'>τὸν</span> <span class='ocrx_word' id='word_1_471' title='bbox 720 4763 772 4834; x_wconf 74' lang='lat' dir='ltr'><strong>qne</strong></span> <span class='ocrx_word' id='word_1_472' title='bbox 785 4754 925 4834; x_wconf 74' lang='lat' dir='ltr'><strong>tamquam</strong></span> <span class='ocrx_word' id='word_1_473' title='bbox 938 4745 980 4804; x_wconf 90' lang='lat' dir='ltr'><strong>sol</strong></span> <span class='ocrx_word' id='word_1_474' title='bbox 994 4743 1116 4805; x_wconf 80' lang='lat' dir='ltr'><strong>exoritur</strong></span> <span class='ocrx_word' id='word_1_475' title='bbox 1130 4769 1138 4804; x_wconf 88' lang='lat'><em>=</em></span> <span class='ocrx_word' id='word_1_476' title='bbox 1153 4745 1277 4838; x_wconf 62' lang='lat' dir='ltr'><strong>dcerunt</strong></span> <span class='ocrx_word' id='word_1_477' title='bbox 1290 4760 1390 4840; x_wconf 75' lang='lat' dir='ltr'><strong>terram</strong></span> <span class='ocrx_word' id='word_1_478' title='bbox 1399 4748 1467 4828; x_wconf 87' lang='lat' dir='ltr'><strong>justi</strong></span> 
     </span>
     <span class='ocr_line' id='line_1_47' title="bbox 62 4821 1466 4992; baseline -0.004 -22"><span class='ocrx_word' id='word_1_479' title='bbox 62 4823 668 4983; x_wconf 62' lang='lat' dir='ltr'><strong>tu‘umttnttuutt</strong></span> <span class='ocrx_word' id='word_1_480' title='bbox 719 4821 1466 4992; x_wconf 50' lang='lat' dir='ltr'><strong>“haluwin</strong></span> 
     </span>
     <span class='ocr_line' id='line_1_48' title="bbox 61 4980 1618 5066; baseline -0.003 -16"><span class='ocrx_word' id='word_1_481' title='bbox 61 5012 101 5050; x_wconf 80' lang='lat' dir='ltr'><strong>rau</strong></span> <span class='ocrx_word' id='word_1_482' title='bbox 149 5012 164 5046; x_wconf 93' lang='grc' dir='ltr'>ν</span> <span class='ocrx_word' id='word_1_483' title='bbox 176 4991 227 5066; x_wconf 80' lang='grc' dir='ltr'>γῆν</span> <span class='ocrx_word' id='word_1_484' title='bbox 237 4984 343 5058; x_wconf 72' lang='grc' dir='ltr'>ἐξῆλθαν</span> <span class='ocrx_word' id='word_1_485' title='bbox 357 4986 371 5055; x_wconf 74' lang='grc' dir='ltr'>ἡ</span> <span class='ocrx_word' id='word_1_486' title='bbox 386 4980 449 5051; x_wconf 77' lang='grc' dir='ltr'>δόξα</span> <span class='ocrx_word' id='word_1_487' title='bbox 465 4984 558 5054; x_wconf 74' lang='grc' dir='ltr'>αὐτοῦ,</span> <span class='ocrx_word' id='word_1_488' title='bbox 570 4980 617 5041; x_wconf 77' lang='lat' dir='ltr'><strong>nel</strong></span> <span class='ocrx_word' id='word_1_489' title='bbox 630 4983 666 5049; x_wconf 73' lang='lat' dir='ltr'><strong>el&lt;</strong></span> <span class='ocrx_word' id='word_1_490' title='bbox 719 4995 825 5062; x_wconf 76' lang='lat' dir='ltr'><strong>sperant.</strong></span> <span class='ocrx_word' id='word_1_491' title='bbox 835 4980 1164 5065; x_wconf 76' lang='lat' dir='ltr'><strong>Omnisangtduspartem</strong></span> <span class='ocrx_word' id='word_1_492' title='bbox 1174 4985 1294 5064; x_wconf 89' lang='lat' dir='ltr'><strong>aliquam</strong></span> <span class='ocrx_word' id='word_1_493' title='bbox 1300 4985 1381 5045; x_wconf 88' lang='lat' dir='ltr'><strong>hahet</strong></span> <span class='ocrx_word' id='word_1_494' title='bbox 1391 4985 1466 5046; x_wconf 88' lang='lat' dir='ltr'><strong>Tho·</strong></span> <span class='ocrx_word' id='word_1_495' title='bbox 1477 4999 1543 5045; x_wconf 72' lang='lat' dir='ltr'><strong>Psat.</strong></span> <span class='ocrx_word' id='word_1_496' title='bbox 1556 4998 1618 5046; x_wconf 71' lang='lat' dir='ltr'><strong>rut.</strong></span> 
     </span>
     <span class='ocr_line' id='line_1_49' title="bbox 61 5049 1466 5146; baseline 0.001 -21"><span class='ocrx_word' id='word_1_497' title='bbox 61 5071 97 5142; x_wconf 72' lang='grc' dir='ltr'><strong>ἥς</strong></span> <span class='ocrx_word' id='word_1_498' title='bbox 108 5064 263 5144; x_wconf 71' lang='grc' dir='ltr'>οῐκωμθνης</span> <span class='ocrx_word' id='word_1_499' title='bbox 272 5059 428 5140; x_wconf 78' lang='lat' dir='ltr'><strong>rbrpbrnra</strong></span> <span class='ocrx_word' id='word_1_500' title='bbox 441 5063 528 5121; x_wconf 73' lang='grc' dir='ltr'>αὐτοῦ.</span> <span class='ocrx_word' id='word_1_501' title='bbox 539 5063 605 5129; x_wconf 82' lang='grc' dir='ltr'><strong>Πῶς</strong></span> <span class='ocrx_word' id='word_1_502' title='bbox 621 5049 665 5121; x_wconf 74' lang='lat' dir='ltr'><strong>alu</strong></span> <span class='ocrx_word' id='word_1_503' title='bbox 720 5080 770 5120; x_wconf 78' lang='lat' dir='ltr'><strong>mae</strong></span> <span class='ocrx_word' id='word_1_504' title='bbox 785 5081 911 5122; x_wconf 87' lang='lat' dir='ltr'><strong>:omnem</strong></span> <span class='ocrx_word' id='word_1_505' title='bbox 926 5060 1058 5124; x_wconf 89' lang='lat' dir='ltr'><strong>mundum</strong></span> <span class='ocrx_word' id='word_1_506' title='bbox 1072 5063 1205 5145; x_wconf 82' lang='lat' dir='ltr'><strong>implerit,</strong></span> <span class='ocrx_word' id='word_1_507' title='bbox 1216 5077 1242 5125; x_wconf 90' lang='lat' dir='ltr'><strong>et</strong></span> <span class='ocrx_word' id='word_1_508' title='bbox 1255 5065 1284 5125; x_wconf 90' lang='lat' dir='ltr'><strong>in</strong></span> <span class='ocrx_word' id='word_1_509' title='bbox 1299 5063 1413 5146; x_wconf 80' lang='lat' dir='ltr'><strong>singulis</strong></span> <span class='ocrx_word' id='word_1_510' title='bbox 1426 5064 1466 5126; x_wconf 92' lang='lat' dir='ltr'><strong>lo·</strong></span> 
     </span>
    </p>
   </div>
   <div class='ocr_carea' id='block_1_6' title="bbox 63 5242 568 5311">
    <p class='ocr_par' dir='ltr' id='par_1_11' title="bbox 63 5242 568 5311">
     <span class='ocr_line' id='line_1_50' title="bbox 63 5242 568 5311; baseline -0.01 -14"><span class='ocrx_word' id='word_1_511' title='bbox 63 5243 141 5297; x_wconf 68' lang='lat' dir='ltr'><strong>davil.</strong></span> <span class='ocrx_word' id='word_1_512' title='bbox 158 5242 184 5295; x_wconf 85' lang='lat' dir='ltr'><strong>io</strong></span> <span class='ocrx_word' id='word_1_513' title='bbox 197 5258 277 5311; x_wconf 76' lang='lat' dir='ltr'><strong>marg.</strong></span> <span class='ocrx_word' id='word_1_514' title='bbox 289 5247 382 5295; x_wconf 65' lang='lat' dir='ltr'><strong>aalma</strong></span> <span class='ocrx_word' id='word_1_515' title='bbox 394 5247 568 5310; x_wconf 75' lang='lat' dir='ltr'><strong>napzpniurrut·</strong></span> 
     </span>
    </p>
   </div>
   <div class='ocr_carea' id='block_1_7' title="bbox 0 0 1882 5940">
    <p class='ocr_par' dir='ltr' id='par_1_12' title="bbox 0 0 1882 5940">
     <span class='ocr_line' id='line_1_51' title="bbox 0 0 1882 5940; baseline 0 0"><span class='ocrx_word' id='word_1_516' title='bbox 0 0 1882 5940; x_wconf 95' lang='lat' dir='ltr'><strong> </strong></span> 
     </span>
    </p>
   </div>
  </div>
 </body>
</html>
