3750 5940
596 498 629 543 ιιι
658 496 784 545 raserit
810 499 872 547 νιι.
1440 507 1510 577 977

61 641 84 683 ς.
102 618 199 677 Λοιπὸν
215 610 259 676 οὖν
273 621 327 678 ἔστι
341 621 403 701 περί
417 620 496 702 τριῶν
510 623 616 698 ήμιρῶν
628 618 645 689 ἢ
659 642 718 678 τεσ-
771 617 806 679 ad
817 634 921 703 tempus
931 622 1033 682 Pascha
1046 624 1201 685 celebretur.
1217 626 1321 685 Verum
1334 621 1406 687 illud
1418 625 1512 705 peritis

63 701 93 766 ἃς
114 700 217 758 ὀκνοῦσι
235 704 477 782 παραχωρῆσαιτῇ
498 698 640 778 ἐπιστήμῃ.
664 696 722 760 Ποῦ
771 698 871 759 mirum
890 722 943 761 nou
964 714 1011 762 est.
1027 701 1122 778 Vides,
1135 702 1355 783 irater‚pceticos
1368 717 1415 763 aut
1428 703 1511 795 tragi-

61 780 92 838 ·δν
106 783 123 849 ή
139 780 169 836 ἐκ
183 776 331 857 παραδόξου
343 783 391 850 τῆς
404 779 596 859 παραστάσεως
607 777 718 860 ἀπορίας
770 778 844 856 gieos
858 794 975 855 ornatus,
990 781 1125 860 quomodo
1139 780 1180 840 illi
1193 780 1246 841 sint
1257 782 1352 860 exiles,
1363 782 1395 842 hi
1414 781 1510 842 exilio·

61 856 224 935 ιυμάζουσιν,
249 856 290 915 ὅτι
315 857 462 936 ἀνωμάλως
476 856 575 931 οίίτως,
590 855 650 917 ὅσον
674 858 718 916 ἐπὶ
769 877 822 934 res,
834 857 880 917 alii
894 880 959 919 vero
978 860 1097 920 latiores.
1113 861 1170 920 Hos
1191 881 1254 921 vero
1268 861 1385 941 imperiti
1419 881 1511 923 rursus

61 961 98 1016 ῳ,
112 936 213 1015 γίνεται
227 935 258 994 τδ
271 936 374 1016 πάσχα.
388 938 467 998 Ἀλλά
481 943 557 996 τοῦτο
570 940 658 1012 θαῦμα
670 940 717 996 οὐκ
769 935 913 1016 mirantur,
924 952 954 998 ut
965 938 1001 998 ita
1011 938 1330 1029 simpliciterdispositos3
1341 882 1510 999 artiiiexvero

62 1015 218 1092 ιστημόνων.
228 1005 314 1088 Εἶδες,
326 1016 430 1116 ἀδελρὲ,
443 1014 596 1089 ποιητικοὺς
604 1014 717 1093 κόσμους
768 1015 815 1104 qui
829 1029 943 1075 metrum
954 1018 1101 1078 harmoniae
1113 1019 1197 1094 novit,
1207 1017 1274 1076 artis
1283 1017 1391 1097 planam
1406 1018 1456 1078 scit
1467 1041 1509 1078 ra-

61 1092 130 1160 ιοὺς,
142 1097 199 1160 πῶς
209 1099 233 1154 ot
244 1094 291 1172 μέν
303 1097 354 1155 εισι
366 1096 471 1166 κυνδοι,
484 1099 508 1167 oi
522 1095 549 1155 δὲ
560 1093 717 1174 κονδάτεροι,
768 1105 878 1172 tionem,
889 1095 937 1155 etsi
948 1096 1079 1156 linearum
1091 1110 1248 1178 conspectus
1268 1096 1409 1187 inaequalis
1420 1096 1509 1156 videa·

61 1174 81 1231 τί
104 1174 195 1232 πλεῖον
218 1173 395 1252 ἐκτεταμένοι.
416 1174 531 1242 Τούτους
557 1178 582 1232 oi
606 1175 717 1250 ἀμαθεῖς
767 1182 820 1231 tur.
836 1173 916 1234 Nunc
929 1190 1010 1252 certe,
1020 1177 1111 1251 irater,
1123 1175 1182 1236 dies
1193 1175 1394 1235 resurrectionis
1409 1188 1449 1234 est
1470 1198 1509 1236 se·

63 1252 248 1330 θαυμάζωσιν,
269 1256 306 1318 ὡς
327 1253 417 1322 ἁπλῶς
439 1253 508 1312 οὕτω
524 1252 715 1330 διακειμέναις·
767 1250 856 1310 cunda
866 1253 964 1313 mensis
972 1255 1060 1315 octavi
1067 1277 1156 1330 3anno
1164 1268 1254 1314 autem
1263 1254 1393 1333 sequenti,
1404 1253 1509 1314 decima

61 1333 221 1411 ,τεχνίτηςδ
235 1330 330 1412 μέτρον
352 1333 479 1413 ἁρμονίας
499 1330 589 1404 εἰδὼς,
614 1323 666 1392 oi&
686 1334 717 1394 τὸ
767 1331 880 1409 septima
895 1333 993 1392 mensis
1015 1335 1143 1425 septimi,
1166 1347 1192 1394 et
1217 1355 1327 1393 rursum
1342 1334 1370 1392 in
1389 1333 1510 1411 sequenti

61 1417 105 1483 τῆς
116 1412 225 1492 τέχνης,
239 1410 316 1483 κδνή
330 1410 389 1490 opt<
399 1416 451 1471 τῶν
463 1409 561 1492 στίχων
578 1409 717 1490 ἀνώμαλος
768 1427 836 1468 noun
850 1411 956 1491 septimi
971 1433 1069 1472 mensis
1090 1413 1150 1489 erit,
1166 1435 1197 1473 ac
1215 1435 1307 1472 rursus
1327 1411 1406 1472 tertio
1427 1432 1508 1488 auno,

61 1514 79 1548 ι.
94 1493 197 1551 Αὐτίκα
208 1496 279 1568 γοῦν,
297 1488 408 1569 scatet,
419 1497 463 1550 νῦν
478 1488 525 1567 μὲν
540 1490 640 1568 γίνεται
654 1492 715 1550 δευ-
765 1486 898 1566 vigesima
911 1512 981 1550 nona
994 1492 1093 1552 mensis
1102 1491 1160 1551 dios
1174 1491 1360 1551 resurrectioni
1374 1490 1440 1550 sassi
1460 1512 1508 1550 na·

61 1569 111 1629 ίόου
127 1576 142 1642 ἡ
160 1569 347 1647 άνασιάσιμος,
362 1571 398 1636 εἰς
411 1569 480 1630 δὲτὸ
496 1569 568 1630 ίπιδν
589 1573 716 1630 ίπτακαι-
765 1564 859 1625 bitur:
875 1588 1006 1648 nemoque
1018 1569 1069 1630 hac
1085 1571 1114 1630 in
1136 1591 1166 1630 re
1181 1570 1301 1644 luditur,
1314 1591 1393 1630 nemo
1413 1511 1506 1647 doiet5

61 1649 169 1728 ίὸδόμου
184 1650 265 1728 μηνδς
275 1649 376 1728 γίνεται
412 1649 456 1709 καί
471 1648 551 1709 πάλιν
564 1649 600 1715 είς
610 1647 641 1709 τὸ
655 1648 715 1720 ίξῆς
730 1663 748 1711 c
765 1643 813 1704 sed
837 1667 930 1707 omnes
946 1647 1012 1708 artis
1036 1648 1206 1709 harmoniam
1218 1663 1350 1729 quaerunt,
1372 1663 1398 1709 et
1421 1648 1455 1708 de
1468 1649 1507 1709 rei

64 1728 162 1806 ὅδόμου
178 1728 274 1808 μηνὸς,
287 1727 333 1787 καί
354 1735 427 1798 αυθις
440 1732 477 1796 εἰς
495 1727 526 1787 τὸ
539 1727 626 1807 τρίτον
642 1725 713 1803 ἔτος,
763 1723 874 1786 scientia
884 1726 1018 1787 laetantur.
1030 1728 1062 1786 id
1071 1729 1237 1788 enimsolum
1248 1727 1509 1820 spectatumutdeci·
1625 1727 1627 1731 ’

61 1808 135 1887 ινάτῃ
149 1816 196 1868 τοῦ
209 1808 290 1886 μηνὸς
305 1811 322 1877 ἡ
337 1808 515 1885 ἀναστάοιμος
536 1805 715 1887 γνωρισθήσε-
764 1823 809 1861 me
822 1819 917 1882 quarta
925 1806 1044 1866 lunaiiia
1057 1828 1110 1867 non
1123 1822 1184 1868 ante
1196 1822 1509 1887 aequrnoeuumveruum
1542 1830 1548 1837 ·

61 1887 70 1944 ί
90 1888 173 1954 οὐδεὶς
187 1888 252 1965 πρὸς
265 1893 350 1945 ταῦτα
365 1888 527 1969 βλάπτεται,
548 1884 630 1953 οὐδείς
648 1887 714 1968 πρὸς
764 1881 810 1955 sit,
826 1896 852 1942 et
868 1897 899 1943 ut
911 1885 1073 1945 Dominica-
1081 1887 1115 1948 ad
1134 1889 1354 1946 resurrectionem
1372 1885 1509 1968 assignet!

61 1974 176 2040 ιπεῖται,
189 1970 247 2026 ἀλλ’
262 1965 371 2034 ἕκαστος
381 1966 429 2040 τήν
446 1967 463 2024 ἁ
482 1964 575 2045 μονίαν
584 1968 656 2037 ζητεῖ
666 1968 715 2036 τῆς
763 1980 779 2018 ἃ
800 1960 905 2022 decima
928 1978 1023 2043 quarta
1036 1967 1100 2026 luna
1120 1965 1206 2025 libera
1221 1966 1264 2024 sit.
1285 1968 1347 2040 Qua
1369 1965 1405 2026 de
1426 1984 1508 2031 coust

74 2047 119 2105 καί
144 2050 183 2125 τῷ
205 2049 253 2117 τῆς
275 2047 423 2124 ἐπιστήμης
443 1990 514 2124 λάρῳ
537 2041 713 2124 εὐφραίνεται.
763 2041 924 2176 χυωειίουεο
938 2058 1054 2115 ιιιονειιι,
1068 2044 1115 2123 qui
1138 2043 1233 2104 calculi
1253 2045 1334 2124 periti
1353 2064 1407 2104 non
1431 2057 1504 2105 sunt.

790 2133 878 2199 portet
895 2121 967 2182 enim
985 2121 1119 2183 decimam
1137 2137 1262 2202 quartam
1287 2123 1315 2182 in
1335 2122 1506 2183 hebdomada

61 2124 89 2204 ιίρ
104 2128 159 2184 ἐστι
173 2123 204 2183 τὸ
219 2122 406 2201 σκοπούμενον,
418 2123 462 2183 ίνα
483 2123 552 2203 μὴἡ
571 2145 714 2204 τεσσαρεσ-

61 2228 87 2274 ιη
109 2203 177 2263 κατίι
197 2202 309 2274 σελήνην
324 2205 376 2286 πρὸ
391 2203 531 2283 ἰσημερίας
545 2203 651 2281 ἐαρινῆς
670 2199 715 2281 γέ·
764 2211 825 2258 ante
838 2197 978 2260 definitam
991 2204 1211 2263 resurrectionem
1233 2203 1394 2281 contingere.
1414 2201 1467 2264 sod
1482 2204 1507 2263 si

61 2283 88 2341 αί
99 2288 117 2354 ί,
128 2284 193 2362 πρὸς
201 2282 249 2357 τήν
260 2284 438 2362 άναστάσιμον
449 2281 587 2363 ὁριζομένη
599 2304 632 2339 κυ
651 2280 713 2353 ιακή
763 2276 872 2367 quidem
881 2279 909 2338 in
923 2279 1098 2341 hebdomade
1109 2283 1197 2363 spatio
1208 2281 1346 2358 acciderit,
1360 2295 1426 2340 tune
1439 2282 1506 2342 saci-

61 2388 65 2420 ·.
78 2366 126 2432 τῆς
139 2363 427 2461 τεσσαρεσκαιδεκάτης
440 2362 565 2442 ὑπάρχῃ,
579 2361 612 2418 δι’
624 2304 656 2431 iio
668 2360 722 2445 xoi-
762 2356 797 2415 hs
805 2371 845 2416 est
858 2358 994 2435 inventi03
1006 2361 1030 2419 si
1037 2383 1101 2420 vero
1113 2359 1141 2420 in
1154 2361 1325 2420 Dominicam
1336 2360 1449 2438 ineidat,
1459 2360 1506 2422 hic

61 2465 130 2520 ματα
142 2452 196 2510 τοῖς
206 2466 254 2501 ουκ
265 2442 403 2521 άκριὸυῢσι
413 2440 461 2513 τὴν
470 2443 556 2520 ψῆφον
566 2441 601 2498 ἔτι
630 2438 712 2498 ιίεται.
762 2450 886 2496 accurate
906 2438 1104 2518 providendum
1121 2441 1250 2500 est.Naur
1264 2440 1313 2519 qui
1321 2461 1378 2499 rem
1388 2458 1442 2499 nou
1459 2440 1506 2498 in-

65 2519 117 2602 γὰρ
131 2520 178 2593 τὴν
193 2518 482 2602 τεσσαρεσκαιδεκάτην
495 2521 522 2577 ἔν
536 2523 570 2598 τῇ
585 2518 616 2577 ἑά
648 2518 713 2596 peu
761 2514 884 2592 quirunt,
897 2516 1033 2577 interdum
1041 2541 1094 2578 non
1103 2517 1236 2578 decimam
1249 2532 1386 2610 quartam,
1403 2517 1506 2578 nedde-

66 2600 218 2677 ὁριζομένης
229 2600 410 2676 άναστσισίμου
423 2597 565 2676 συμὸἥναι.
580 2596 652 2657 Ἀλλ’
665 2597 712 2657 ἐὰν
762 2592 860 2653 cimam
868 2595 992 2674 quintam
999 2596 1097 2657 erroris
1103 2618 1212 2657 causam
1220 2597 1322 2657 tanum
1327 2620 1336 2673 3
1346 2596 1508 2734 prodetiam

61 2678 85 2738 ιδ
100 2680 200 2745 πλάτος
213 2679 419 2756 τήςίάδσμάδος
433 2675 575 2757 συμπέσῃ,
590 2674 713 2736 εὐπέτεια
760 2670 933 2753 inpraesenti
948 2677 1069 2757 contigit.
1083 2677 1221 2736 Debemus
1235 2698 1264 2736 er
1282 2697 1299 2735 o
1317 2677 1345 2735 in
1380 2678 1403 2736 is
1424 2691 1504 2753 stare,

61 2781 125 2827 σεως
138 2760 324 2838 ὑπανοίγεται·
344 2756 389 2816 tas
404 2756 432 2817 δὲ
443 2761 476 2836 τῇ
488 2759 602 2836 κυριακῇ
623 2753 712 2836 ἡμέρη
760 2763 785 2808 et
803 2772 945 2831 agnoscere
957 2777 1015 2815 rem
1034 2777 1106 2815 nunc
1120 2756 1249 2815 concinne
1259 2698 1418 2836 ‹iispositam
1439 2777 1504 2815 esse.

69 2880 77 2908 ,
99 2840 125 2897 ἐν
144 2837 229 2918 ταύτη
243 2835 366 2917 άκριὸοδς
388 2833 542 2902 ἐπιστασίας
565 2833 652 2914 χρεία.
676 2836 712 2895 ot
726 2852 746 2898 [ι
760 2828 824 2889 Haec
835 2833 951 2894 sciemus
971 2848 1075 2915 oportet
1087 2857 1094 2891 ε
1104 2848 1130 2893 et
1149 2848 1211 2894 ante
1229 2847 1383 2913 sequentem
1402 2833 1505 2895 hebdo-

79 2919 230 2987 ζητοῦντες,
252 2915 336 2977 ἐνίοτε
362 2916 391 2974 οὐ
413 2912 712 2993 τεσσαρεσκαιδεκάτην,
760 2908 869 2971 medam
889 2911 1029 2973 haedere
1042 2927 1143 2973 certam
1159 2913 1273 2992 quisque
1290 2913 1388 2973 habeat
1400 2911 1504 2994 opinio·

61 2993 269 3068 οιτεκαιδεκάτην
293 2992 363 3054 κατά
393 2994 504 3066 σελήνην
530 2992 658 3073 ὑπάρχειν
681 2992 713 3054 τδ
760 3009 833 3066 nem,
848 2991 972 3051 etuciaut
991 2991 1192 3073 hancprimam
1205 3013 1262 3052 esse
1284 3014 1319 3052 ex
1379 3005 1434 3051 tem
1451 2992 1503 3051 he-

68 3075 235 3175 ίρχάζονται·
250 3075 264 3135 ὃ
278 3073 310 3146 δή
324 3073 369 3132 καί
381 3072 425 3132 ἐπί
445 3078 491 3131 τοῦ
504 3094 543 3130 πα
567 3069 632 3137 ’ντυς
646 3095 712 3149 συμ-
759 3065 953 3146 ίκίοιιισιίίίνυο,
967 3072 1063 3163 inqua
1083 3086 1188 3154 oportet
1198 3072 1330 3208 jepnnare.
1368 3093 1399 3131 os
1412 3083 1506 3131 autem

65 3157 140 3214 Ῐίανυ
154 3144 347 3233 οὗνδρτιλσμιν
362 3151 489 3225 ἑστάναι,
507 3173 544 3211 κα
567 3174 622 3229 γνω
640 3150 712 3225 ίζειν,
760 3147 861 3208 bacin
885 3171 915 3210 re
937 3151 1142 3230 promissionem
1173 3150 1211 3210 im
1241 3150 1356 3225 evimus,
1374 3149 1397 3209 si
1415 3163 1505 3209 tamen

61 3238 98 3290 νῦν
111 3239 128 3305 ἡ
143 3231 309 3313 παράστασις
324 3231 483 3310 ἐναρμονίοις
497 3229 607 3306 γίνεται.
618 3174 712 3290 ίαῦτα
762 3229 891 3288 memoria
902 3229 1068 3290 retineantur
1079 3252 1119 3306 ea,
1134 3251 1194 3320 puae
1204 3173 1335 3291 [iiximus.
1349 3231 1401 3288 Det
1414 3242 1506 3318 autem

61 3337 73 3370 ν
87 3312 236 3391 ὀρειλομεν,
251 3311 297 3371 καί
310 3311 363 3391 πρδ
372 3313 420 3380 τῆς
443 3308 587 3389 ἐρχομένης
601 3307 712 3386 ίάδομά-
762 3308 837 3366 Deus
847 3321 877 3367 ut
895 3322 921 3369 et
933 3309 1062 3391 mysteria
1072 3330 1162 3369 omnia
1181 3322 1320 3368 serventur
1335 3308 1363 3367 in
1377 3307 1506 3367 cordibus

62 3389 109 3471 ρδν
124 3392 163 3451 *t-
176 3390 227 3448 ίτω
239 3388 474 3468 τήνγνοίμην,καί
503 3385 713 3448 ινωσκίτωταιί-
762 3386 869 3459 vestris,
882 3401 970 3449 etvos
983 3389 1011 3448 in
1027 3389 1145 3465 Christo,
1166 3387 1278 3468 quicum
1291 3388 1405 3447 retertur
1418 3385 1506 3465 gloria

61 3494 111 3541 την
132 3415 198 3528 siim
217 3473 271 3528 τῶν
295 3467 364 3528 ἑπτά
384 3413 538 3545 ίὸδομάίων
558 3467 712 3547 ὀφείλουσαν
762 3465 821 3524 Deo
831 3480 856 3525 et
865 3468 950 3545 Patri,
964 3489 1069 3547 unaque
1079 3482 1171 3528 saneto
1184 3467 1312 3548 Spiritui,
1324 3487 1395 3526 nunc
1406 3477 1505 3526 etsem-

61 3555 124 3619 ήναι.
134 3548 230 3625 Ἡμεῖς
243 3548 271 3608 u
284 3548 329 3608 ἐπί
342 3545 428 3627 τούτῳ
440 3547 484 3605 τὸν
496 3545 713 3625 τῆςζέπαγγελίας
762 3564 821 3624 per,
837 3559 863 3606 et
877 3546 905 3606 in
919 3547 1016 3618 secula
1032 3547 1203 3609 seculorum.
1217 3549 1311 3606 Amen.

62 3627 252 3708 πληρώκαμεν,
263 3627 341 3705 μόνον
351 3625 396 3686 ἐὰν
406 3624 558 3705 παραμείνῃ
570 3629 604 3696 τῆ
619 3624 712 3704 μνήμῃ
899 3669 902 3675 -

61 3707 153 3784 ιμένων
170 3711 187 3778 ἡ
203 3706 319 3784 δύναμις.
334 3704 397 3786 Δῴη
415 3702 443 3764 δὲ
456 3708 470 3763 δ
481 3703 548 3771 Θεὸς
559 3687 605 3763 καί
615 3702 649 3762 τά
664 3727 713 3782 μυ-

61 3786 136 3846 ιάντα
147 3789 314 3867 φυλαχθῆναι
330 3789 356 3845 ἐν
367 3791 425 3851 ταῖς
438 3807 473 3843 κα
491 3780 558 3850 δίαις
571 3786 655 3860 ὑμῶν,
667 3782 713 3842 καί

61 3867 181 3947 Χριστῷ,
195 3867 252 3943 μεθ’
263 3856 292 3925 οὗ
305 3864 462 3945 ἀναφέρεται
503 3859 534 3930 ξα
544 3868 584 3942 τῷ
593 3863 656 3942 Θεῷ
666 3861 713 3922 καί

61 3942 101 4004 τίον
118 3948 156 4024 τῷ
178 3943 245 4024 ἁγίῳ
259 3942 414 4020 Πνεύματι,
429 3948 474 4002 νῦν
487 3939 533 4000 καί
546 3941 586 4001 άεί
593 3986 605 4016 ,
620 3940 666 3999 καί
676 3943 713 4008 είς

61 4048 110 4090 ,νας
120 4026 173 4088 τῶν
186 4022 297 4082 αἰώνων.
308 4020 401 4100 Ἀμήν.

61 4219 99 4270 vit.
111 4230 138 4274 ι’σ.
153 4227 245 4282 ίκαστος
257 4221 350 4291 istm]

61 4406 1501 4442 w

529 4601 939 4748 MONITUM

347 4877 400 4950 ιιι
440 4878 765 4974 snouunrnu
803 4881 1094 4956 ιιοιιιιιιιιι.

61 5072 127 5131 niosi
139 5073 259 5133 Graeculi
265 5087 446 5134 commentum
455 5090 516 5157 post
527 5077 663 5139 Sacilium
672 5077 781 5155 damus,
792 5078 857 5159 quia
867 5080 943 5140 nulla
952 5080 1156 5162 pretermittere
1166 5083 1271 5142 animm
1283 5095 1322 5142 est
1331 5101 1434 5158 eorum,
1446 5104 1506 5163 quae

61 5187 137 5272 noem
147 5165 270 5319 prptuiit.
282 5169 396 5340 ἔρχεαι
405 5182 475 5230 certe
487 5169 548 5247 iile,
563 5171 611 5250 qui
624 5193 677 5233 non
687 5194 773 5255 pauca
782 5173 835 5234 aiia
849 5172 951 5236 nullius
962 5175 1041 5256 pretii
1053 5175 1272 5257 praetermiserat,
1281 5174 1335 5236 hoc
1348 5174 1508 5252 etiam,tine

61 5280 106 5319 »m
121 5273 182 5320 tene
200 5281 282 5327 ποτε
359 5280 410 5322 ere.
