3750 5940
79 449 222 502 anavus.
249 429 296 505 al.
324 453 452 502 nxxvn.
790 435 860 535 529

116 579 185 636 estis
205 580 257 637 sub
275 579 347 661 iege.
371 581 441 638 Nan
461 582 539 638 enim
559 584 709 660 accepistis
725 587 859 663 spiritum
871 589 1010 640 nundus.
1033 575 1037 582 ’

115 672 263 730 servitutis
278 674 384 730 iterum
398 676 430 730 r'n
441 676 555 743 timore;
571 674 622 732 sed
634 679 786 756 accepistis
795 677 859 757 Spi-

114 767 204 823 ritum
218 767 385 847 adoptionis
397 767 545 849 filiorum.
564 768 644 829 Tunc
660 791 727 831 vero
741 792 802 852 qua
818 773 859 832 la·

79 856 98 905 C
114 856 219 919 ciebant
233 859 376 936 miracula,
391 881 440 942 per
449 861 585 942 Spiritum
598 861 646 942 qui
665 878 858 945 supervenerat

114 949 236 1010 edebant.
248 951 286 1010 Et
301 952 449 1012 Corinthiis
467 954 585 1014 scribens
607 952 716 1014 dicebat
737 956 858 1016 Paulus:

114 1046 172 1105 Sed
194 1049 290 1106 abluti
307 1053 384 1122 estis,
406 1051 460 1108 sed
472 1050 652 1132 sanctificati
668 1055 737 1111 estis
755 1054 787 1110 in
807 1072 859 1111 no·
872 1084 891 1115 ι.
902 1069 956 1117 cor.
969 1073 995 1120 6.

114 1144 192 1199 mine
202 1144 326 1200 Domini
337 1148 428 1202 nostri
443 1145 516 1203 lesu
530 1145 652 1216 carisii,
665 1158 693 1203 et
704 1147 737 1203 in
748 1144 858 1225 Spiritu
872 1147 908 1181 ¹¹·

114 1234 171 1295 Dei
182 1239 285 1294 nostri.
298 1236 367 1293 Cum
378 1236 461 1317 igitur
471 1236 557 1295 multa
570 1235 605 1295 de
613 1236 693 1296 Patre
708 1235 857 1321 audissent,

112 1337 138 1382 et
151 1324 253 1384 Filium
271 1325 403 1386 vidissent
422 1327 506 1386 multa
527 1340 691 1408 operantem,
703 1327 739 1387 de
752 1327 858 1410 Spiritu

111 1430 201 1475 utitem
221 1417 357 1477 nihildum
373 1420 512 1478 manifeste
527 1419 641 1479 scirent:
658 1419 715 1501 ipse
728 1421 857 1482 miracula

111 1507 179 1583 edit,
197 1522 224 1567 et
240 1511 385 1590 perfectam
412 1510 516 1570 inducit
537 1512 726 1591 cognitionem.
750 1513 805 1574 Sed
825 1535 859 1575 ne

110 1601 174 1660 hinc
188 1604 275 1684 major
286 1626 342 1665 esse
352 1617 502 1686 putaretur,
512 1618 543 1664 ut
553 1606 626 1684 dixi,
637 1605 697 1665 ideo
705 1606 743 1666 ait
755 1629 762 1663 s
775 1609 859 1687 Quoe·

111 1712 235 1773 cumque
244 1698 354 1769 audiet,
369 1698 512 1777 loquetur,
526 1710 554 1756 et
564 1709 765 1778 quaerentum
775 1711 853 1771 sunt,

112 1789 312 1846 annuntiabit.
330 1790 399 1846 Nam
416 1788 468 1847 nisi
487 1787 538 1846 hoc
556 1801 635 1864 esset,
652 1787 787 1866 pomodo
802 1809 856 1848 non

75 1876 94 1921 Ι)
111 1879 259 1939 absurdum
270 1881 347 1956 louet,
357 1881 380 1940 si
393 1894 457 1940 tunc
468 1880 612 1940 auditurus
623 1894 701 1958 esset,
713 1895 739 1940 et
747 1895 856 1964 propter

110 1971 279 2054 discipulos?
293 1975 386 2053 Neque
402 1975 474 2034 enim
490 1972 637 2033 secundum
656 1995 705 2033 vos
725 1987 791 2034 tunc
808 1996 855 2034 no-

111 2067 198 2126 titiam
208 2081 366 2150 accepturus
375 2083 445 2144 erat,
457 2069 509 2129 nisi
518 2082 628 2150 propter
636 2066 783 2129 audituros.
794 2069 857 2142 Quo

111 2157 184 2218 dicto
199 2159 266 2238 quid
284 2159 404 2239 iniquius
422 2160 522 2220 suerit?
537 2152 678 2239 Alioquin,
696 2160 765 2239 quid
778 2161 856 2221 audi-

111 2264 188 2310 turus
204 2253 278 2310 erat?
297 2272 385 2312 nonne
404 2252 462 2313 hec
483 2252 572 2312 omnia
586 2251 696 2312 dixerat
718 2274 768 2336 per
789 2274 856 2335 pso·

110 2342 225 2422 phetas?
240 2345 310 2403 llam
328 2344 386 2404 sive
405 2343 441 2404 de
457 2344 525 2425 legis
545 2344 678 2404 solutione
695 2345 857 2424 loquuturum

110 2450 177 2512 orat,
195 2437 253 2496 sive
266 2436 300 2496 de
314 2438 432 2512 Christo,
451 2436 486 2497 de
506 2436 659 2514 divinitate
677 2451 704 2497 et
717 2437 752 2497 de
769 2436 858 2498 ineer-

112 2529 228 2606 natione,
237 2529 294 2589 baec
298 2531 356 2612 jam
364 2530 436 2590 dicta
445 2532 558 2593 inierant.
569 2529 646 2606 Quid
655 2531 728 2590 enim
737 2530 857 2611 apertius

111 2635 201 2701 postea
212 2622 334 2683 dicturus
348 2624 426 2684 erat?
441 2625 482 2684 Et
493 2645 559 2706 quoe
571 2637 700 2683 uentura
710 2636 858 2696 sannan-

112 2714 268 2775 nuntiabit.
281 2717 333 2775 llic
342 2716 461 2775 maxime
474 2715 591 2776 ostendit
604 2717 663 2796 ejus
677 2715 837 2796 dignitatem
848 2739 857 2773 e

111 2826 174 2864 nam
188 2806 238 2865 Dei
254 2807 373 2866 maxime
380 2807 522 2888 proprium
535 2820 587 2882 est,
601 2807 692 2865 futura
701 2803 856 2887 predicere.

75 2894 93 2940 Ε
112 2897 192 2969 Quod
202 2898 225 2957 si
238 2898 291 2956 hoc
307 2898 394 2957 ducat
408 2898 443 2956 ab
452 2898 528 2974 aliis,
539 2897 609 2956 nihil
621 2898 684 2978 plus
699 2918 782 2976 quam
794 2919 857 2978 pro-

113 2993 199 3073 pheta·
218 2993 351 3052 habebit:
371 2992 482 3052 sedhic
504 2991 733 3051 accuratissimam
753 2994 782 3054 in
799 2995 858 3053 Deo

111 3085 289 3165 cognitionem
301 3085 430 3160 ostendit,
446 3083 520 3163 quod
534 3083 604 3142 nihil
619 3083 696 3143 aliud
705 3084 779 3165 loqui
790 3107 853 3167 pos·
877 3102 883 3121 ⁸

111 3174 154 3232 sit.
166 3172 239 3232 lllud
248 3194 324 3251 reru,
338 3177 385 3233 De
396 3194 459 3232 meo
469 3176 604 3252 accipien-
615 3192 712 3253 nempe
721 3171 756 3232 de
769 3173 855 3253 gratia

111 3289 170 3347 que
182 3267 209 3326 in
226 3288 334 3326 carnem
355 3287 443 3327 meam
464 3265 586 3343 advenit,
603 3264 662 3325 sive
675 3265 711 3325 de
724 3264 855 3346 illa'ipsa,

111 3355 193 3439 quam
207 3381 256 3440 ego
270 3360 357 3419 habeo
375 3359 542 3440 cognitione3
559 3378 613 3417 non
622 3358 701 3438 quasi
713 3370 798 3438 egeat,
812 3357 857 3418 vel

110 3454 145 3512 ab
159 3454 212 3513 alio
223 3454 324 3531 discat,
340 3453 387 3512 sed
401 3452 477 3532 quod
489 3472 543 3510 una
558 3450 705 3529 eademque
717 3449 751 3511 sit
761 3450 855 3531 ecgni-

111 3547 157 3604 tio.
174 3546 231 3605 Cur
248 3567 314 3606 vero
329 3546 382 3622 sio,
399 3565 485 3624 neque
503 3543 583 3604 aliter
598 3542 688 3602 dixit?
699 3542 772 3617 Quia
786 3562 855 3603 non·

110 3637 176 3697 dum
204 3640 322 3721 Spiritus
350 3639 473 3698 notitiam
495 3637 641 3697 habebant.
658 3639 752 3711 Quare
772 3659 857 3698 unum

110 3746 214 3791 tantum
235 3746 324 3809 eiurat,
340 3745 369 3790 ut
389 3733 516 3791 credatur
536 3745 562 3791 et
581 3731 730 3812 accipiatur
747 3731 782 3791 ab
801 3733 856 3808 eis,

64 3848 157 3895 nanee
171 3826 390 3885 scandalizentur.
406 3825 479 3898 Quia
494 3825 566 3884 enim
577 3823 702 3883 dixerat:
717 3827 799 3884 Unus
813 3837 856 3883 est
868 3837 951 3883 narrt.
967 3835 1005 3882 2³.

74 3916 92 3957 Α
110 3924 254 4001 Magister
274 3933 372 3979 vester
391 3921 536 3986 Christian
551 3938 585 3976 nc
603 3930 729 3997 putarent
748 3897 888 3977 Christo⁸·

110 4035 161 4072 non
176 4013 275 4071 habere
296 4012 391 4086 fidem,
407 4010 428 4069 si
441 4009 482 4068 illi
502 4009 652 4081 crederent,
670 4011 732 4069 Una
745 4021 798 4086 est,
810 4009 853 4069 in·

110 4106 181 4184 quit,
194 4120 219 4163 et
235 4126 292 4163 mea
307 4118 333 4163 et
344 4103 418 4161 illius
431 4101 568 4177 doetrina3
582 4123 618 4160 ex
631 4101 667 4159 iis
680 4121 740 4179 quae
753 4120 802 4180 ego
813 4100 855 4160 di·

54 4198 56 4221 '
109 4213 201 4257 eturns
221 4219 311 4271 eram,
332 4218 366 4255 ex
385 4194 481 4254 iisdem
497 4195 593 4274 etipse
609 4191 689 4253 dicet.
706 4194 747 4253 Ne
758 4193 856 4275 putetis

54 4285 57 4308 '
109 4290 162 4349 alia
180 4291 215 4349 ab
234 4291 283 4349 illo
305 4289 373 4364 dici;
394 4309 456 4346 nam
478 4286 526 4345 illa
546 4307 605 4344 mea
623 4299 699 4362 sunt,
716 4307 857 4367 meamque

53 4376 57 4409 ²
110 4384 223 4462 gloriam
236 4382 379 4441 celebrant.
393 4382 454 4440 Una
469 4378 540 4438 enim
555 4391 594 4437 est
611 4378 737 4438 voluntas
754 4379 855 4457 Patris,

53 4470 56 4495 '
111 4476 188 4552 Filii,
198 4491 223 4535 et
233 4475 352 4556 Spiritus
361 4472 454 4534 sancti.
466 4474 508 4532 Ita
518 4470 836 4533 etnosesseuultdicens
848 4495 855 4531 s

52 4571 57 4583 ’
116 4571 153 4630 Ut
169 4573 228 4629 sint
249 4589 350 4640 unum,
373 4568 449 4627 sicut
471 4576 566 4647 eqo-et
583 4576 615 4625 tu
634 4584 725 4625 unum
741 4583 930 4628 sumustm.
947 4596 980 4641 ¹7·

51 4660 57 4671 ⁸
869 4659 875 4688 l
884 4659 890 4690 1
899 4676 904 4688 ·

52 4731 57 4776 1

51 5021 60 5073 ,²
153 4999 180 5055 1.
191 4996 266 5056 Nihil
281 4997 352 5056 enim
366 5017 415 5077 par
428 4995 575 5055 oonoordie
590 5008 615 5054 et
626 4993 856 5054 eonsensuimnus
876 5003 1007 5048 cumrat-

51 5114 60 5149 ο
78 5104 95 5152 Β
113 5090 185 5150 enim
199 5090 235 5151 ita
245 5087 391 5170 multiplex
405 5100 453 5149 est.
464 5087 493 5149 Si
503 5087 574 5148 enim
586 5084 729 5147 concordes
738 5084 791 5145 sint
800 5084 854 5145 duo
863 5066 957 5110 ΜΨ·
