3750 5940
308 442 327 483 .·
420 416 454 467 tu
480 418 637 467 toauunu
665 420 783 468 nouis.
811 421 904 470 κιαι.
932 398 979 469 al.
1010 422 1092 470 xiv.
1456 407 1531 477 513

61 559 84 620 ι’,
103 542 139 604 ‘0
153 543 250 624 ἄρτος,
263 542 365 621 λέγων,
378 540 407 600 δν
421 541 572 621 δγιὶιδυίσω,
586 541 734 622 σύρξίμού
791 543 892 621 turbae,
916 543 964 603 sed
985 556 1076 604 contra
1086 589 1097 623 ,
1115 546 1217 606 Durus
1236 549 1343 607 estleia
1360 566 1472 623 sermo,
1496 549 1536 609 iu·

61 635 135 697 Ἀλλ’
153 639 206 716 οὐχ
225 638 250 696 οἱ
269 634 345 714 δχλοι
365 631 465 707 οὕτως,
485 635 543 693 ἀλλ’
562 633 733 700 ἀπεναντίας·
752 642 771 689 E
791 633 900 711 quiunt.
914 633 1033 714 Ideoque
1053 635 1192 696 recedunt.
1214 638 1296 715 Atqui
1309 659 1363 698 non
1376 660 1447 700 nova
1464 653 1535 717 erat,

61 729 80 799 ῖς
102 730 176 787 ἰστιν
198 725 307 805 θλύγος
329 715 413 792 οὗτος.
433 724 482 784 Διὸ
495 725 541 783 καὶ
557 727 733 804 ἀναχωροῦσι.
791 748 877 807 neque
890 727 1013 787 variabat
1033 726 1156 788 doctrina
1173 747 1255 787 :nam
1278 731 1393 790 loannes
1406 729 1477 790 illud
1492 753 1536 792 su·

68 819 130 882 ούδδ
144 811 302 894 ξίνητιςῆν
319 817 523 890 ἡδιδασκαλία,
540 817 585 876 καί
597 819 736 898 παρηλλα-
790 841 839 901 pra
852 818 1087 895 subindicaverat,
1106 840 1169 879 cum
1187 841 1288 900 agnum
1309 820 1399 902 ipsum
1418 822 1535 883 vocavit.

61 912 110 985 ,Ὁ
122 910 177 993 γδρ
190 911 316 983 Ἰωάννης
329 909 427 969 ἄνωθεν
437 908 734 990 adequitaverant
790 913 861 991 Sed,
875 912 980 992 inquies
988 957 998 991 ,
1012 911 1065 994 ipsi
1084 933 1136 973 non
1155 912 1352 973 intellexerant.
1369 915 1428 974 Hoc
1447 929 1474 974 et
1487 935 1537 995 ego

61 1002 221 1085 ῃωιπών.
241 1004 313 1062 Ἀλλ’
336 999 396 1062 eddi
415 1000 498 1070 υύτως
517 1001 625 1080 ᾔδεσαν,
646 1000 734 1080 φησίν.
791 1005 855 1065 novi
860 1029 870 1083 3
883 1005 931 1065 sed
942 1027 1027 1085 neque
1041 1005 1170 1087 discipuli
1184 1004 1215 1065 id
1229 1005 1359 1067 sciebant.
1376 1009 1446 1067 Nam
1459 1008 1482 1066 si
1496 1029 1537 1068 re-

61 1094 129 1175 ὶγυί·
146 1096 206 1154 ἀλλ’
220 1092 279 1154 otte
293 1095 317 1152 oi
331 1094 448 1171 μαθηταί
461 1091 617 1163 ἠπίσταντο.
639 1090 734 1173 Είγδρ
744 1145 781 1183 m
792 1096 984 1156 surrectionem
1003 1096 1123 1156 nondum
1147 1097 1212 1156 satis
1233 1097 1306 1157 clare
1330 1098 1517 1180 intelligebant
1525 1145 1535 1177 ,

61 1186 208 1255 ιασεάσεως
221 1184 324 1246 ridicu
336 1209 364 1244 τι
374 1186 471 1266 ᾔδεσαν
487 1184 584 1266 σαρδς,
603 1184 647 1244 διδι
659 1189 736 1244 τοῦτο
754 1202 772 1246 a
791 1187 905 1267 ideoque
918 1187 1078 1268 ignorabant
1091 1188 1160 1268 qnid
1170 1187 1240 1248 illud
1249 1204 1328 1267 esset,
1340 1191 1451 1250 Solvite
1464 1204 1537 1251 tem-
1547 1193 1687 1250 leet-²³9·

71 1278 209 1359 ἠγνόησαν
226 1278 253 1337 τί
268 1277 334 1339 uoti
346 1280 404 1338 ἐστι
422 1277 468 1351 τδ,
490 1279 597 1338 Λύσατε
616 1277 660 1336 τὸν
674 1277 734 1336 ναδν
790 1282 872 1361 plum
885 1282 955 1355 boc,
970 1296 999 1342 ct
1016 1286 1048 1341 in
1063 1286 1155 1343 tribus
1168 1284 1270 1342 diebus
1292 1287 1426 1343 excitabo
1437 1285 1515 1343 illud
1522 1308 1536 1360 ;

61 1416 69 1447 ,
87 1371 136 1431 καί
159 1374 186 1431 ἐν
205 1371 291 1451 τρισίν
303 1369 417 1452 ἡμίραις
433 1373 516 1452 ίγερῶ
529 1369 623 1430 αὐτόν·
645 1371 735 1447 πολλῷ
791 1376 876 1435 multo
885 1375 1064 1457 miuussupra
1075 1374 1148 1435 dicta
1159 1374 1315 1457 capiebant,
1328 1398 1389 1456 quae
1399 1376 1537 1437 obscurio·

61 1463 139 1546 »erupi
152 1467 206 1522 τῶν
217 1462 377 1544 εἰρημένων·
391 1468 475 1522 ταῦτα
489 1460 542 1544 γδρ
552 1461 657 1521 ἐκείναιν
670 1464 735 1520 ἇσα·
791 1482 908 1527 raerant.
916 1468 998 1541 Quod
1007 1468 1078 1527 enim
1087 1468 1224 1549 prophetae
1234 1469 1423 1544 surrexissent,
1431 1484 1535 1544 norant,

61 1547 140 1628 ιῆν.
171 1553 239 1616 Ὅτι
261 1555 309 1633 μίν
329 1555 381 1636 γὰρ
402 1560 551 1636 ’προφῆται
578 1553 735 1626 asimaei,
790 1559 854 1621 licet
868 1560 897 1622 id
914 1562 1061 1643 Scripturae
1080 1581 1134 1620 non
1156 1560 1227 1620 clare
1241 1560 1334 1621 dicant
1350 1585 1357 1618 ι
1374 1561 1450 1641 quod
1471 1584 1535 1624 vero

61 1693 67 1721 .
82 1648 168 1710 εἶκαὶ
183 1647 223 1726 μὴ
238 1647 306 1707 οὖσαν
321 1651 411 1729 σαφῶς
420 1647 557 1729 εἰρήκασιν
569 1649 596 1705 σί
612 1645 735 1729 Γραφσί·
790 1675 897 1713 carnem
909 1654 971 1734 quis
985 1653 1203 1732 manducaverit,
1217 1674 1295 1713 nemo
1308 1674 1401 1713 eorum
1414 1653 1533 1714 dixerat.

61 1742 151 1823 dem
165 1764 206 1808 τις
225 1740 330 1822 lem,
346 1740 471 1801 σῦδὲσνσε
483 1740 567 1808 σῦδείς
581 1729 652 1799 εἶπεν
664 1738 735 1798 itti·
789 1747 914 1805 Attamen
936 1746 1158 1827 obtemperabant
1182 1757 1207 1804 et
1232 1745 1430 1823 sequebantur,
1456 1758 1536 1824 atquc

61 1834 115 1895 αλλ’
133 1834 208 1911 ὅμως
223 1833 358 1893 ἐπείθοντο
369 1831 416 1891 καί
428 1831 595 1905 ἠκολούθουν,
607 1830 653 1890 καί
664 1835 735 1909 ὡμο·
788 1837 984 1897 confitebantur
1006 1838 1096 1919 ipsum
1116 1836 1199 1897 verba
1221 1836 1285 1896 vitae
1300 1849 1404 1895 arternae
1424 1835 1532 1897 babere.

66 1924 179 2007 ῥήματα
189 1927 258 1996 ζωῆς
272 1922 378 1982 αἰωνίου
389 1923 465 1983 abele
481 1922 561 2003 ἔχειν.
583 1926 670 1983 Τοῦτο
682 1922 735 2003 γδρ
787 1930 863 1989 lllud
876 1929 948 1990 enim
963 1929 1092 2010 discipuli
1106 1941 1162 2003 est,
1180 1928 1301 2009 magistri
1320 1928 1404 1987 verba
1417 1949 1471 1989 non
1484 1950 1532 1987 cu·

61 2017 144 2093 ῧ,σ“σ
166 2015 205 2096 μδ
223 2015 438 2098 περεσργύίεσίσν
457 2013 492 2074 τί
508 2021 554 2076 τοῦ
567 2015 735 2091 διδασκάλω,
788 2021 885 2081 riosius
899 2019 1052 2101 inquirere,
1065 2019 1112 2080 sed
1132 2019 1229 2080 audire
1241 2033 1269 2080 et
1282 2020 1407 2099 obsequi,
1421 2042 1453 2079 ac
1467 2034 1534 2081 tern-
1598 2068 1603 2074 .

61 2107 138 2171 αύιιν
147 2109 196 2169 καὶ
204 2108 348 2182 πείθεσθαι,
358 2107 404 2167 καί
413 2107 458 2166 εδν
466 2107 634 2188 προσήκοντα
644 2107 734 2186 καιρὸν
787 2134 839 2193 pus
858 2112 895 2173 ad
910 2112 1071 2173 solutionem
1089 2127 1273 2194 opportunum
1291 2125 1454 2192 exspectare.
1480 2113 1536 2172 Cur

61 2226 102 2262 ειν
114 2206 166 2273 τῆς
176 2201 286 2268 λύσεως·
307 2200 343 2260 Τί
360 2191 415 2270 νίν,
431 2199 521 2276 φησίν,
535 2199 575 2259 ύτι
586 2199 734 2259 τούναντίον
754 2205 770 2250 ¹⁵
788 2225 852 2286 ergo
873 2204 1040 2265 contrarium
1053 2202 1170 2282 accidit,
1187 2203 1327 2284 inquient,
1348 2215 1373 2261 ct
1388 2216 1536 2263 retrorsum

61 2341 68 2367 ‚
88 2295 135 2353 ιιαλ
154 2295 272 2369 ἀπῆλθον
284 2296 321 2359 είς
333 2292 368 2352 ab
381 2292 484 2368 ὀπίσω,
506 2294 532 2351 Τ
532 2298 594 2351 otro
603 2291 676 2375 παρδ
686 2291 734 2364 clv
789 2295 1014 2357 abierunttldex
1025 2295 1135 2355 illorum
1146 2294 1300 2376 insipientia
1310 2295 1409 2354 evenit.
1419 2295 1535 2368 Quando

61 2384 180 2446 ιιίνοιαν.
194 2383 282 2444 Ὅταν
292 2383 489 2464 statutarum<
499 2389 544 2444 τοῦ
555 2388 612 2449 πῶς
622 2383 735 2464 εἰσέλθῃ,
790 2389 862 2449 euim
890 2387 964 2449 subit
993 2387 1115 2447 animum
1140 2387 1188 2447 illa
1214 2386 1340 2465 questio,
1364 2388 1533 2465 Quomodo,

61 2500 119 2539 ιται
128 2478 176 2537 καί
190 2475 310 2538 ἀπιστία.
331 2475 412 2537 otas
423 2476 469 2536 καί
481 2475 632 2552 Νικόδημος
644 2478 735 2556 ἐθορυ-
789 2491 854 2539 tunc
868 2499 921 2539 una
934 2477 1088 2559 ingreditur
1108 2475 1293 2538 incredulitas.
1318 2476 1365 2538 Sic
1379 2491 1406 2536 et
1421 2477 1536 2538 Nicode-

61 2568 146 2649 ίγνν·
161 2569 225 2636 Πῶς
236 2567 345 2628 δύνασαι
358 2567 493 2648 ἅνθρωπος
505 2568 627 2627 εἰσελθεῖν
640 2569 675 2633 είς
685 2565 734 2638 τὴν
789 2569 884 2631 demtis
899 2570 1063 2631 turbabatur
1075 2570 1182 2631 dicens:
1202 2571 1353 2650 ρκοιιιοιίο
1365 2581 1460 2648 potest
1479 2572 1534 2629 lto-

61 2665 124 2735 ιοῆς
137 2659 238 2740 μητρὸς
256 2663 353 2731 αὐτούς
376 2657 444 2720 ούτω
455 2649 736 2737 καίούτοιταρᾶττον-
789 2685 837 2723 mo
853 2668 966 2724 intrare
987 2666 1019 2722 in
1042 2675 1175 2723 canuam
1194 2666 1297 2723 ιιιαῖνίε
1314 2661 1399 2721 sure?
1413 2660 1452 2721 sic
1465 2674 1490 2721 ct
1505 2661 1535 2719 hi

61 2754 234 2831 Ιπνοιὴ-Πῶς
246 2752 354 2813 δύναται
367 2752 456 2811 δοῦναι
473 2756 538 2830 ἡμῖν
553 2760 645 2832 φαγεῖν
661 2743 735 2818 οὗτος
788 2775 860 2814 nunc
888 2754 1033 2814 turbantur
1053 2753 1173 2814 dicentes
1187 2777 1194 2810 ε
1208 2753 1255 2812 52.
1274 2754 1424 2831 Quomodo
1443 2765 1536 2833 potest

61 2846 221 2928 μαύςοίίς
235 2845 270 2905 El
284 2842 336 2925 γδρ
348 2842 380 2903 τὸ
394 2846 560 2916 πῶςζητεῖς,
577 2840 734 2902 διατίτῶτο
788 2847 836 2906 bio
856 2849 938 2906 nobis
960 2868 1078 2906 carnem
1100 2867 1186 2905 suom
1203 2847 1277 2904 dare
1293 2846 1335 2904 ad
1349 2846 1536 2904 manducan-

61 2936 170 3017 νύρτων
180 2930 229 2996 oie
238 2925 319 3009 εἶπες,
330 2939 387 3002 πῶς
395 2934 455 3002 τούς
464 2934 542 2995 πέντε
553 2937 589 3002 εἰς
598 2933 734 3002 τοσούτους
789 2940 879 2997 dum?
891 2938 961 2997 Nam
974 2938 997 2996 si
1008 2935 1093 3015 illud,
1109 2937 1277 3015 Quomodo,
1292 2934 1427 3014 inquiris,
1443 2957 1492 2994 cur
1503 2934 1538 2996 de

61 3053 102 3104 ινς
115 3030 183 3090 Ὀτι
197 3035 243 3090 τοῦ
259 3033 419 3112 κορεσθῆναι
433 3028 511 3107 μόνον
526 3019 594 3100 ἦσαν
607 3027 686 3104 τύτι,
704 3032 733 3088 ού
790 3030 907 3111 panibus
932 3049 986 3088 non
1005 3028 1090 3107 dicis,
1112 3027 1257 3102 Quomodo
1278 3027 1400 3108 quinque
1410 3049 1494 3109 panea
1508 3028 1536 3087 in

64 3127 157 3201 θῶμα
171 3123 243 3182 ἰδεῖν.
265 3121 364 3194 Ἀλλ’θ]
381 3130 461 3200 πεῖρα
473 3120 542 3194 τότε,
555 3121 644 3201 φησίν,
658 3120 732 3180 δεταί·
789 3137 829 3183 tot
842 3123 909 3183 alios
930 3122 1144 3203 multiplicarit?
1166 3124 1237 3182 Nam
1252 3134 1315 3181 tunc
1328 3121 1444 3181 saturari
1460 3141 1538 3179 cura-

81 3218 188 3276 θύκῶν
213 3213 240 3282 ἐξ
259 3214 359 3287 ἐκείνης
380 3213 432 3274 ἔδει
453 3213 498 3272 καί
513 3218 596 3272 ταῦτα
612 3213 734 3292 γενέσθαι
790 3216 855 3275 bant
874 3215 1057 3292 solummodo,
1073 3237 1121 3275 uec
1142 3213 1346 3274 considerabant
1360 3213 1534 3273 miraculum.

61 3307 154 3367 δεκτα.
175 3305 228 3366 dil
246 3303 299 3386 γὰρ
313 3311 391 3365 τοῦτο
399 3304 542 3387 προλαύὼν
555 3303 733 3384 ἐθαυματούρ·
750 3305 769 3354 C
788 3308 843 3368 Sed
864 3307 1046 3389 experientia,
1068 3306 1187 3387 inquies,
1209 3319 1273 3365 tunc
1286 3305 1391 3365 docuit.
1408 3305 1482 3384 Ergo
1500 3303 1537 3362 ob

61 3397 232 3481 δπαρύδοξον
240 3399 334 3471 ίκιῑνο,
343 3397 386 3456 ίνα
400 3398 433 3456 δι’
447 3397 547 3458 ἐκείνου
559 3397 732 3477 διδαχθέντες,
786 3400 863 3471 illam
883 3397 1078 3480 experientiam
1100 3399 1159 3458 baec
1182 3396 1289 3458 facilius
1311 3396 1384 3457 uadi
1402 3395 1533 3478 oportuit.

66 3492 228 3551 διαπιστιῗισι
238 3498 292 3558 τοῖς
304 3488 371 3567 μετὰ
382 3493 466 3548 ταῦτα
474 3488 634 3569 λεγομένοις.
649 3491 732 3549 Ἐκεῖ·
785 3493 850 3554 Ideo
867 3513 982 3572 namque
1002 3492 1079 3573 prius
1095 3489 1166 3550 illud
1180 3504 1236 3550 tam
1251 3489 1377 3550 mirabile
1397 3489 1534 3571 patravit,

61 3610 70 3643 ι
89 3577 134 3645 σύν
153 3582 227 3644 ὠδδν
245 3581 434 3665 ἐκαρπώσαντο
448 3581 507 3641 τότε
519 3584 549 3640 ἐκ
562 3585 614 3641 τῶν
625 3581 732 3663 εἰρημί-
787 3581 880 3641 utillo
902 3580 1006 3660 edocti,
1023 3602 1076 3640 uon
1098 3581 1169 3640 ultra
1189 3578 1271 3640 dictis
1292 3578 1375 3639 iidem
1398 3591 1534 3659 negarent.

61 3683 124 3756 ιμεῖς
144 3674 171 3735 δὲ
188 3678 237 3746 τῆς
252 3674 401 3756 εὐεργεσίας
421 3675 454 3733 δι’
472 3677 558 3734 αὐτῶν
576 3679 629 3734 τῶν
648 3675 731 3755 ἔργων
786 3672 830 3734 llli
840 3674 951 3753 quidem
963 3687 1028 3734 tunc
1042 3674 1171 3757 temporis
1184 3673 1254 3734 nibil
1268 3672 1394 3732 utilitatis
1405 3694 1440 3733 ex
1452 3671 1536 3731 dictis

61 3766 188 3845 σύνισμεν.
210 3765 258 3826 Διὸ
272 3766 317 3826 καί
335 3770 476 3845 ἀναγκαῖον
492 3772 583 3845 μαθεῖν
599 3767 630 3825 τὸ
643 3771 732 3845 θαῦμα
785 3767 951 3842 retulerunt,
976 3787 1024 3826 nos
1048 3767 1136 3847 reipsa
1157 3766 1288 3825 beneficio
1310 3765 1437 3824 fruimur.
1459 3764 1535 3836 Qua·
1575 3776 1690 3821 οοεωωι

61 3859 189 3942 στηρίων,
200 3859 227 3917 τί
241 3859 306 3919 coti
315 3863 380 3932 ἐστι,
391 3859 437 3918 καί
449 3859 519 3919 διατί
532 3857 618 3932 ἐδόθη,
632 3859 678 3918 καί
693 3857 732 3926 τίς
786 3874 897 3942 propter
923 3860 1084 3920 discendum
1106 3859 1174 3940 quid
1193 3861 1229 3919 sit
1251 3858 1415 3918 miraculum
1433 3869 1534 3937 myste·
1576 3842 1690 3944 dffffi'

61 3956 162 4012 ιιστοῦ
179 3950 344 4031 πράγματος.
365 3948 417 4009 Ἓν
435 3954 514 4028 σῶμα
529 3950 666 4029 γινόμεθα,
686 3950 731 4010 καί
786 3953 903 4031 riorum,
931 3974 980 4012 cur
1013 3952 1076 4012 data
1108 3952 1178 4029 sint,
1202 3973 1263 4031 quac
1288 3951 1400 4010 illorum
1421 3948 1534 4008 utilitas

61 4044 144 4124 μσμὶν,
159 4046 190 4103 ix
204 4047 253 4115 τῆς
267 4044 363 4121 σαρκὸς
373 4045 462 4116 αὐτοῦ,
474 4042 520 4101 καί
529 4042 560 4100 ἐκ
569 4045 621 4100 τῶν
633 4041 731 4102 ὀστέων
791 4047 889 4106 Unum
909 4065 1015 4127 corpus
1036 4066 1137 4106 sumus
1143 4090 1154 4120 ,
1172 4044 1278 4123 inquit,
1301 4056 1329 4104 et
1352 4044 1481 4102 membra
1500 4063 1537 4100 er
1548 4045 1632 4106 Ειιθεε
1651 4045 1674 4090 5.

84 4135 170 4197 Οίδὲ
195 4133 360 4214 μεμυημένοι
380 4134 659 4214 παρακολουθείτωσαν
679 4144 732 4202 τυῖς
786 4159 875 4198 carue
891 4152 918 4198 et
943 4141 1056 4198 ossibus
1077 4143 1150 4220 ejus.
1167 4136 1271 4197 initiati
1284 4135 1366 4194 dictis
1384 4135 1534 4214 obsequan-
1548 4111 1588 4154 ‘³⁰'

61 4252 121 4298 νοις.
786 4245 840 4289 tur.

64 4318 110 4388 ὧν
125 4329 164 4409 μὴ
185 4327 263 4406 μύνον
280 4327 350 4387 κατὰ
363 4325 411 4399 clu
431 4326 537 4406 ἀγάπην
554 4333 630 4387 τοῦτο
651 4326 731 4406 γενώ-
826 4326 854 4381 5.
869 4325 908 4383 Ut
921 4343 983 4403 crgo
1002 4343 1056 4382 uon
1075 4321 1163 4381 solum
1176 4341 1224 4402 per
1238 4318 1410 4378 dilectionem
1422 4318 1476 4377 boc
1491 4317 1540 4376 fia-

64 4419 135 4481 atta
153 4420 199 4479 καί
214 4422 273 4480 κατ’
295 4419 358 4479 atat
372 4419 403 4478 τδ
422 4427 553 4499 πρᾶγμα,
574 4421 609 4486 εἰς
628 4419 729 4491 ἐκείνην
749 4434 768 4480 b
786 4436 859 4493 mus,
875 4415 1016 4475 sedetiam
1029 4415 1132 4496 reipsa,
1148 4433 1210 4473 cum
1220 4411 1267 4471 illa
1281 4411 1540 4472 eamecommiscea-

61 4518 181 4592 ισθῶρεν
190 4510 239 4585 clv
249 4512 345 4593 σάρκα.
360 4508 413 4571 Διὰ
422 4512 469 4580 τῆς
482 4515 579 4590 τρυφῆς
591 4509 642 4590 γὰρ
655 4517 730 4570 τοῦτο
787 4529 863 4581 mur;
877 4506 906 4566 id
918 4507 991 4587 quod
1002 4507 1120 4573 efficitur
1130 4527 1185 4588 per.
1192 4504 1284 4566 cibum
1295 4527 1377 4586 quem
1387 4505 1435 4565 ille
1447 4504 1538 4584 dedit,

74 4597 108 4679 ἧς
132 4604 290 4686 ἐχαρίσατο,
313 4604 468 4685 βουλόμενος
489 4609 553 4681 ἡμῖν
581 4602 662 4671 δεῖξαι
685 4604 729 4663 τὸν
786 4616 817 4662 ut
827 4602 949 4662 ostendat
962 4603 1039 4662 uobis
1055 4615 1156 4682 quanto
1176 4622 1239 4682 erga
1257 4621 1306 4661 nos
1324 4601 1426 4662 ferveat
1441 4622 1539 4661 amore.

61 4697 86 4758 δν
100 4698 158 4778 ἶχιι
171 4698 233 4779 περί
245 4701 326 4775 ἡμᾶς.
344 4695 397 4757 dil
411 4701 488 4756 τοῦτο
501 4693 619 4772 ἀνέμιξεν
637 4695 728 4754 ἑαυτὸν
785 4695 850 4755 Ideo
859 4694 974 4756 senobis
982 4694 1201 4774 commiscuit,et
1212 4694 1240 4754 in
1250 4715 1335 4754 unum
1344 4716 1441 4776 corpus
1455 4708 1541 4754 totum

61 4903 99 4955 til.
116 4912 164 4971 μού
183 4911 253 4966 δοσιν,
267 4910 292 4963 ἣν
311 4910 354 4969 tyb
371 4907 433 4957 δώσω
451 4908 508 4972 ύπίρ
527 4915 567 4962 τῆς
582 4910 622 4955 τοῖν
641 4912 725 4970 κύαμον
775 4901 891 4955 redeunt.

61 4990 98 5037 ιλὰ
107 4990 159 5045 ξένη
169 5006 203 5041 τις
214 4989 242 5042 ἦν
252 4989 266 5042 ἡ
278 4985 424 5041 διδασκαλία,
435 4989 500 5052 μησί,
509 4989 547 5033 καί
556 4987 724 5051 mapaliensi-
807 4997 817 5021 ²
835 4992 870 5036 δτι
885 4987 929 5050 μίν
940 4990 986 5052 γὰρ
998 4994 1113 5053 προφῆται
1130 4988 1262 5043 ἀνίστασαν.
1280 4981 1323 5033 Sic
1339 4978 1435 5030 hebent
1455 4979 1539 5028 omnio

61 5084 117 5128 ιιγι
129 5067 142 5113 δ
152 5060 256 5119 iadorae.
271 5061 319 5110 llic
336 5060 413 5110 etiam
429 5059 530 5110 ttoressi
541 5059 674 5110 lectionem
687 5076 725 5110 se·
774 5059 935 5127 exemplaris.
948 5057 999 5112 Sed
1018 5059 1098 5112 fateor
1114 5076 1165 5111 non
1184 5075 1274 5126 capere
1293 5076 1333 5108 mo
1351 5055 1413 5124 quid
1429 5054 1470 5108 hic
1489 5055 1537 5105 sibi

61 5156 149 5207 ‚quam
162 5139 225 5188 item
241 5148 359 5204 sequutus
376 5149 415 5188 est
434 5139 583 5188 franciscus
597 5139 722 5188 Aretiuus.
774 5138 833 5191 velit
845 5136 1049 5208 Chrysostomus.

61 5218 144 5271 ambae
163 5216 297 5282 lectiones,
310 5216 329 5266 si
350 5218 404 5283 quis
423 5227 520 5268 attente
538 5214 619 5285 legat,
633 5215 722 5267 eodem
