3750 5940
65 462 80 485 ..
108 435 215 486 11111.
241 413 290 485 el.
320 437 435 486 cxxix.
780 414 864 514 545
965 512 968 517 Ι
992 408 1001 458 ²
1044 388 1073 511 ἲ

108 569 149 628 illi
164 590 229 629 vero
243 590 314 651 saepe
326 569 383 629 siue
403 570 468 630 bero
481 570 691 650 circumquaque
710 573 848 634 incedunt.

72 678 90 726 c
107 661 162 722 Sed
174 663 221 742 qui
242 661 351 723 videtur
364 684 420 723 esse
431 662 567 738 dominus,
583 663 635 723 nisi
654 663 744 725 adsint
768 667 850 745 servi,
920 677 1004 725 conus

108 776 160 815 uon
174 754 254 815 audet
269 755 344 815 exire
365 754 459 832 domo;
477 755 526 815 sed
547 755 570 815 si
590 769 666 816 extra
680 756 793 819 domum
806 760 850 821 vel
860 738 949 784 mm·

108 862 268 929 compareat,
284 869 312 907 se
325 862 404 929 putat
413 869 470 908 esse
482 846 639 908 ridiculum.
653 848 774 921 eridam
784 851 852 929 lorte

108 962 156 1001 nos
170 941 282 1001 irrident
295 941 354 1001 baec
366 941 496 1018 dicentem
515 937 563 1001 sed
578 940 638 1002 ideo
652 942 745 1004 multis
758 943 799 1003 illi
812 943 851 1005 la·

109 1035 211 1115 erynnis
224 1048 286 1093 sunt
304 1033 391 1113 digni.
408 1033 489 1106 Quod
503 1033 576 1093 enim
598 1034 656 1094 baec
679 1035 794 1095 servitus
807 1037 852 1114 sit,

109 1141 138 1185 ut
152 1126 301 1203 ostendam,
315 1126 431 1186 libenter
452 1127 691 1206 interrogaverim:
715 1148 750 1187 an
770 1129 853 1191 velles

108 1240 185 1298 egere
193 1219 294 1299 aliquo,
300 1219 348 1298 qui
358 1219 398 1279 ori
408 1233 455 1279 tuo
465 1220 558 1279 cibum
567 1219 612 1280 vel
622 1220 751 1301 poculum
759 1221 854 1284 admo·

110 1312 206 1372 reret?
220 1332 308 1370 annon
324 1311 451 1393 lacrymis
463 1310 578 1392 dignum
588 1325 696 1393 putares
711 1312 764 1373 tale
774 1314 854 1374 mini-

109 1406 242 1465 sterium?
259 1405 346 1483 Quid,
363 1407 386 1464 si
400 1427 504 1487 semper
517 1405 683 1486 gestantibus
702 1426 802 1486 egeres,
824 1422 853 1467 ut

110 1498 254 1574 incederes,
265 1519 352 1558 noune
360 1511 387 1557 te
396 1496 457 1559 ideo
469 1498 590 1558 omnium
604 1498 784 1559 miserrimum
798 1521 850 1581 pn·

109 1593 199 1651 tares?
214 1593 261 1652 Sic
284 1613 355 1651 nunc
366 1606 392 1651 te
409 1591 536 1651 affectum
549 1612 607 1651 esse
619 1606 760 1673 oporteret.
775 1593 853 1653 Nibil

75 1696 93 1741 tt
109 1686 182 1744 enim
192 1687 281 1762 refert,
295 1707 329 1744 an
343 1685 474 1760 homines,
485 1704 525 1744 an·
534 1685 657 1765 jumenta
673 1699 783 1764 gestent.
799 1690 853 1747 ltn-

110 1801 174 1856 non,
190 1801 290 1859 quaeso,
309 1779 373 1837 binc
391 1778 510 1858 angelia
530 1778 609 1837 uobis
628 1777 767 1855 differunt,
780 1779 853 1858 quod

110 1893 162 1931 non
180 1886 218 1932 tot
241 1886 336 1952 egeant
361 1871 452 1946 rebus,
464 1883 529 1949 quot
554 1891 603 1929 nos
616 1870 748 1949 egemus?
762 1871 855 1950 ltaque

109 1978 210 2042 quanto
224 1963 398 2044 paucioribus
412 1961 573 2041 indigemus,
585 1976 659 2021 tauto
680 1963 854 2043 propinquio-

109 2079 151 2116 res
162 2057 216 2115 illis
236 2077 350 2115 sumus:
366 2068 467 2133 quanto
480 2053 616 2134 pluribus,
631 2067 705 2113 tauto
723 2055 855 2136 megisad

109 2151 178 2209 hanc
202 2149 332 2209 caducam
347 2148 432 2209 vitam
452 2146 629 2207 deflectimus.
651 2151 740 2227 Atqtu
752 2162 783 2210 ut
797 2171 856 2210 rem

106 2245 146 2303 ita
168 2263 225 2301 csse
239 2241 339 2319 discas,
355 2261 430 2299 senes
447 2238 590 2319 interroga,
604 2260 686 2318 quarn
698 2239 784 2300 vitam
794 2241 856 2301 bea-

107 2350 163 2395 tam
185 2334 350 2409 existiment,
360 2354 395 2392 an
416 2331 492 2391 illam
505 2331 613 2410 (11111111
624 2331 668 2391 bis
683 2332 764 2393 rebus
777 2335 859 2395 stulte

108 2429 297 2505 vincebantur,
308 2449 342 2488 an
354 2428 424 2486 hauc
433 2426 543 2506 quando
552 2426 608 2484 illis
621 2441 683 2487 sunt
693 2427 858 2509 superiores?

110 2522 177 2582 ldeo
201 2523 274 2582 enim
301 2522 364 2581 illos
384 2520 591 2596 advocavimus,
611 2521 675 2599 quia
698 2520 738 2580 illi
759 2523 806 2602 qui
831 2525 858 2585 in

106 2619 248 2697 juveutute
271 2615 369 2674 ebriosi
397 2628 483 2689 sunt,
515 2613 655 2676 servitutis
675 2615 781 2696 pondus
806 2640 858 2679 nou

74 2709 236 2768 Escntiunt.
268 2707 343 2780 Quid
367 2707 567 2766 febricitantes?
591 2728 625 2766 an
652 2729 715 2766 curn
739 2709 860 2771 sitientes

110 2801 227 2859 multum
238 2800 348 2876 bibunt,
357 2813 382 2858 et
392 2798 485 2857 multis
495 2811 571 2878 egent
581 2819 630 2874 ,an
641 2819 704 2857 cum
715 2799 743 2858 iu
754 2801 858 2860 valetu-

108 2893 197 2951 dinem
209 2892 335 2965 restituti,
353 2891 425 2950 sitim
439 2889 586 2970 deponunt,
608 2911 636 2949 se
656 2890 748 2950 beatos
763 2893 857 2952 existi·

109 2987 205 3045 mant?
222 2985 321 3047 Viden’
339 2984 440 3062 ubique
454 2982 582 3042 miserum
595 3002 652 3041 esse
667 2983 761 3043 multis
769 3006 855 3065 egere,

108 3092 132 3135 ct
144 3078 267 3159 procula
290 3075 460 3158 philosophia
475 3095 531 3133 esse
546 3074 672 3134 miseram
685 3075 854 3155 servitutem,

107 3183 133 3228 et
147 3170 204 3229 vim
218 3167 399 3250 cupiditatis?
414 3167 470 3225 Cur
488 3185 551 3247 ergo
573 3180 668 3247 sponte
685 3167 763 3228 nobis
776 3169 855 3230 mise-

107 3260 176 3323 riam
190 3260 413 3341 augemus?Dic‚
428 3279 528 3338 quaeso,
546 3257 568 3317 si
587 3257 854 3341 sinetectoetparie·

64 3398 100 3438 ,v
108 3353 180 3411 tibus
194 3353 334 3413 commode
357 3352 454 3432 degere
473 3371 582 3431 posses,
603 3371 693 3411 aunon
717 3351 748 3412 id
763 3354 853 3434 potius

73 3446 301 3526 deligeres?cur
325 3467 389 3525 ergo
409 3443 576 3503 infirmitatis
595 3443 720 3524 symbola
745 3449 852 3526 auges?

106 3561 193 3598 annon
221 3540 281 3599 idco
303 3537 438 3598 ddamum
456 3536 565 3596 beatum
580 3536 771 3617 predicamus,
788 3540 852 3619 quia

105 3634 180 3691 nullo
207 3633 312 3713 egebat,
335 3652 388 3690 non
411 3629 526 3705 aedibus,
550 3650 603 3689 non
630 3630 768 3691 vestibus?
782 3634 852 3693 Sane

105 3725 224 3803 quidem,
239 3725 343 3803 inquies
352 3747 362 3801 ;
377 3723 425 3783 sed
447 3743 518 3781 nuuc
534 3722 562 3782 in
576 3723 734 3784 necessitate
746 3727 849 3785 consti-

105 3819 217 3876 tuimur.
232 3819 288 3877 Cur
298 3838 362 3897 ergo
377 3815 561 3875 necessitatem
574 3816 730 3895 augemus?
744 3819 816 3877 Nam
826 3821 849 3880 si

105 3911 184 3969 multi
209 3911 290 3970 etiarn
301 3909 335 3967 dc
349 3909 430 3967 robus
444 3907 600 3967 necessariis
617 3909 703 3968 multa
718 3909 771 3969 sibi
784 3911 849 3971 sub·

104 4006 214 4064 trabunt
235 4013 336 4080 (servos
360 4003 500 4079 nimirum,
516 4000 596 4077 edes,
608 4003 756 4083 pecunias),
767 4027 849 4084 quam

105 4121 152 4157 uos
174 4097 373 4156 excusationem
396 4095 558 4154 babebimus
569 4139 579 4171 ,
597 4094 645 4174 qui
668 4097 849 4160 necessitatem

103 4191 281 4250 excedimus?
295 4192 403 4262 Quanto
410 4188 536 4269 pluribus
547 4187 668 4270 stiparis,
678 4203 752 4251 tauto
762 4194 849 4274 magis

102 4286 227 4344 servituti
244 4284 368 4343 addictus
383 4304 419 4341 es.
439 4282 547 4354 Quanto
561 4282 634 4340 enirn
645 4283 770 4365 pluribus
781 4308 846 4369 ege-

100 4377 154 4448 bis,
167 4391 240 4436 tanto
254 4376 341 4456 magis
355 4375 507 4434 libertatem
522 4373 654 4434 minuisti.
663 4377 737 4437 Vera
746 4379 847 4462 quippe
941 4410 997 4452 pm

100 4473 210 4530 libertas
225 4484 264 4529 cst
278 4470 353 4528 nullo
367 4489 458 4549 egere,
472 4489 532 4547 quae
545 4480 606 4549 post
625 4468 702 4529 illam
714 4472 846 4552 sequitur,
855 4473 945 4518 ΒΜ·
968 4478 1001 4514 “²

67 4571 85 4617 Β
101 4580 139 4623 cst
159 4563 251 4644 paucis
267 4583 353 4642 cgere,
373 4583 454 4640 quam
473 4560 625 4621 libertatern
640 4563 741 4625 babent
751 4580 778 4626 et
794 4590 845 4629 an·
856 4535 998 4591 nouoque.

103 4659 155 4738 geli
182 4672 207 4716 11
232 4657 343 4715 illorum
368 4655 524 4714 imitatores.
551 4656 583 4714 ln
615 4657 723 4719 mortali
756 4676 847 4724 autem

103 4772 215 4832 corpore
242 4750 272 4810 id
287 4770 421 4826 exercere,
437 4748 525 4830 cogita
547 4763 678 4828 quantum
702 4753 778 4814 laudi
800 4757 846 4817 sit.

105 4845 163 4904 Hoc
176 4843 275 4902 Paulus
290 4840 439 4902 Corinthiis
452 4841 559 4923 scripsit
576 4866 582 4898 :
607 4844 671 4926 Ego
683 4861 781 4908 autem
793 4872 851 4910 oo.
864 4873 884 4904 t.
901 4855 956 4902 cor.
968 4871 990 4916 7.

107 4939 149 4994 bis
161 4956 262 5015 parco,
279 4948 316 5010 et,
339 4935 381 4993 Ne
403 4932 606 4994 tribulationem
624 4937 712 4998 caruis
735 4940 852 5004 babeant
863 4919 901 4968 ’θ’

106 5028 275 5110 hujusmodi.
292 5027 356 5087 ldeo
372 5049 436 5108 opes
460 5027 602 5107 dicuntur,
619 5042 649 5088 ut
669 5029 780 5097 illarum
803 5057 854 5119 ope

129 5203 138 5224 ’¹
157 5185 202 5237 ttii
218 5191 338 5249 1111111111.
