3750 5940
157 406 229 500 486
483 429 512 480 s.
540 428 682 480 ιοιιιιιιε
707 428 891 478 canvsosr.
921 427 1076 477 ιιισιιιιιι.
1104 426 1378 478 σοαειιιιιιιιοι.

156 555 286 636 rifieabit
302 574 380 624 eum;
391 552 420 615 id
434 567 484 632 est,
497 554 579 614 simul
590 575 653 614 cum
665 575 753 614 cruce.
766 555 827 614 Non
842 566 903 634 post
958 551 1031 621 ἰάσει
1049 553 1143 614 αι’ντάν·
1162 551 1308 627 τουτίστιν,
1327 554 1385 631 άμσ
1405 555 1446 634 τῷ
1462 555 1582 634 σταυρῷ.
1601 557 1619 615 C

155 650 267 729 longum
291 662 408 730 tempus,
428 650 528 728 inquit,
541 669 589 707 nec
598 646 646 707 din
658 660 719 730 post
729 646 904 706 resurreetio-
958 645 1001 705 διὰ
1020 647 1116 726 χρόνου
1135 648 1253 718 πολλοῦ,
1267 647 1357 728 φησίν,
1371 646 1431 706 οθδί
1442 645 1487 705 τὸν
1503 647 1619 725 μακρὸνΔ

157 760 219 800 nem
229 741 309 800 illum
326 740 420 800 reddet
438 738 628 822 splendidum,
642 738 688 799 sed
699 739 790 798 statim
804 739 832 797 in
846 739 903 818 ipsa
957 741 1074 807 στάσεως
1088 745 1210 817 σἰναμενεῖ
1230 739 1332 820 καιρδν,
1354 739 1414 801 οὐδὲ
1425 740 1488 800 τότε
1509 739 1587 809 δείξει
1599 743 1619 800 λ

6 839 94 883 Manto
108 853 146 898 τι.
158 854 237 892 cruce
251 834 401 914 conspicue
414 854 456 892 res
467 832 644 914 apparebunt.
662 832 710 892 Sol
727 851 842 909 namque
856 832 902 890 ob·
957 834 1015 892 ἀλλ’
1031 834 1124 899 εὐθέως
1135 836 1163 892 ἐν
1177 835 1249 913 αὐτῷ
1261 837 1300 914 τῷ
1312 835 1420 913 σταυρῷ
1430 832 1466 893 τδι
1476 834 1619 914 λαμπρδρ

4 901 46 948 51.
58 919 98 964 sqq

4 969 102 1017 cums.

106 967 144 1033 ,5¹
158 939 279 984 scuratus
300 939 350 1001 est,
374 938 456 1004 petrae
478 925 568 983 scissae
589 938 662 999 sunt,
685 923 777 982 velum
798 943 904 1001 quoque
957 923 991 985 ‘0
1005 931 1068 1004 γοῦν
1088 926 1178 997 ‘illine
1200 925 1355 998 ἐσκοτίσθη,
1372 929 1401 985 αί
1413 925 1512 1004 πίεραι
1529 925 1619 1005 ἐρράρ

157 1016 269 1075 scissum
282 1032 333 1091 est,
346 1016 431 1075 multa
443 1038 556 1097 corpora
567 1029 719 1074 sanctorum
729 1015 776 1094 qui
786 1014 904 1074 dormie-
955 1019 1150 1098 καταπέτασμα
1165 1019 1292 1100 ἐσχίσθη,
1308 1018 1396 1079 πολλὰ
1409 1019 1528 1097 σώματα
1538 1023 1591 1078 τῶν
1603 1043 1619 1078 κ

155 1122 216 1167 rant
226 1109 352 1168 suscitata
364 1122 439 1184 sunt;
451 1108 607 1190 sepulcrum
619 1107 757 1186 signacula
772 1107 902 1181 babebat,
956 1111 1040 1190 μίνοιν
1060 1111 1141 1192 ἁγίων
1159 1111 1273 1191 ἠγέρθη,
1294 1112 1408 1192 δτάρσς
1429 1111 1573 1191 σημαντρα
1593 1103 1619 1191 εί]

155 1199 278 1259 custodes
299 1198 464 1277 assidebant,
479 1214 578 1259 etcum
599 1200 669 1280 lapis
686 1199 792 1280 corpori
810 1220 902 1279 super·
955 1204 1068 1286 φύλακες
1088 1204 1313 1284 παρεκαθέζοντο·
1329 1204 1373 1264 καί
1392 1203 1564 1282 ἐπικειμένου
1578 1208 1616 1284 τῷ

155 1293 258 1372 positus
274 1307 354 1368 esset,
379 1314 477 1373 eorpus
496 1292 633 1352 surrexit:
648 1304 709 1372 post
724 1290 903 1370 quadraginta
955 1302 1001 1356 τοῦ
1019 1298 1108 1369 λίθου,
1125 1297 1223 1368 ἀνέστη
1243 1297 1273 1356 τὸ
1294 1300 1389 1372 σῶμα·
1410 1297 1612 1375 τεσσαράκοντα

155 1384 214 1443 dies
236 1386 355 1467 Spiritus
379 1384 459 1445 datus
480 1399 530 1459 est,
554 1399 581 1444 et
599 1384 691 1444 statim
712 1405 805 1444 omnes
823 1384 903 1443 illum
955 1394 1100 1471 παρῆλθον,
1122 1391 1167 1448 καί
1183 1397 1199 1463 ἡ
1214 1396 1260 1449 τοῦ
1278 1391 1436 1468 Ποεύματος
1448 1381 1516 1461 ἦλθε
1535 1413 1619 1471 χορηρ

154 1476 346 1559 praedicarunt.
358 1477 418 1536 Hoc
430 1490 471 1537 est
481 1477 562 1554 illud,
577 1478 764 1557 Glorijicubit
775 1477 903 1536 illumin
921 1495 939 1541 Ε
955 1483 1052 1549 πάντες
1066 1481 1144 1541 αὐτὸν
1156 1481 1250 1549 εὐθέως
1265 1483 1452 1561 ἀνεκήρυττεν,
1468 1482 1559 1540 Τοῦτό
1569 1486 1619 1542 ἐστι

155 1579 258 1654 seipso,
268 1587 297 1632 ct
310 1578 411 1633 statim
423 1575 602 1656 glorificabit
617 1575 719 1632 illum.-
732 1595 785 1633 non
798 1594 845 1654 per
856 1595 902 1632 an·
956 1599 996 1634 σει
1009 1575 1086 1634 αὐτὸν
1100 1573 1147 1633 “iv
1158 1578 1259 1654 ἑαυτῷ,
1270 1575 1317 1634 καί
1327 1573 1423 1640 εύθίοις
1433 1573 1539 1642 δοξάσει
1551 1572 1619 1633 osvo

156 1667 229 1746 gelos
243 1680 268 1725 et
279 1667 465 1746 archangelos,
478 1688 531 1727 non
544 1688 593 1748 per
607 1667 689 1725 aliam
698 1665 844 1746 quamdam
854 1688 904 1748 po·
957 1668 1074 1748 ἀγγελοιν
1088 1666 1132 1725 καί
1145 1668 1328 1747 άρχαγγίλων,
1343 1667 1402 1726 οὐδὲ
1416 1667 1449 1726 δι’
1466 1667 1552 1740 ἄλλης
1569 1667 1619 1727 ttvl

154 1772 294 1833 testatem,
308 1758 355 1818 sod
367 1759 553 1841 perseipsum.
822 1782 825 1787 ·
958 1783 1042 1838 μεως,
1056 1758 1125 1818 ἀλλὰ
1136 1760 1170 1817 δι’
1185 1764 1290 1820 ἑαυτοῦ.

195 1852 223 1909 5.
246 1851 390 1925 Quomodo
410 1851 570 1910 clarificavit
587 1872 635 1931 per
652 1851 791 1931 seipsum?
802 1851 903 1912 Omnia
998 1854 1062 1917 Πῶς
1080 1851 1108 1910 δὲ
1127 1851 1172 1909 καί
1188 1850 1294 1920 ἐδοξασε
1313 1852 1347 1910 δι’
1361 1853 1461 1923 αὐτοῖς
1475 1848 1574 1908 Πάντα
1587 1873 1619 1930 πρ

155 1943 276 2003 faciendo
290 1942 326 2002 ad
343 1943 458 2023 gloriam
477 1943 550 2003 Filii.
567 1943 650 2022 Atqui
662 1943 752 2002 omnia
768 1943 856 2003 Filius
865 1946 904 2003 t’e·
957 1945 1022 2025 πρδς
1036 1943 1110 2013 δόξαν
1125 1952 1171 2004 τοῦ
1185 1946 1266 2003 ruo·
1286 1943 1372 2002 καίτοι
1387 1945 1477 2002 πάντα
1491 1943 1582 2009 otto<
1601 1945 1619 2002 b

75 2030 79 2034 ’
155 2035 202 2095 cit.
216 2036 314 2098 Viden'
331 2036 421 2118 ipsum
439 2056 520 2117 opera
536 2035 598 2095 Filii
611 2034 648 2094 ad
661 2039 769 2107 Patrem
788 2037 904 2095 referre?
914 2035 1040 2132 426Ὁρᾷς
1053 2035 1094 2095 ὅτι
1108 2035 1142 2095 τά
1155 2039 1200 2095 ὑπ’
1215 2037 1294 2094 αὐτοῦ
1307 2035 1434 2115 γινόμενα
1447 2039 1488 2115 τῷ
1503 2034 1619 2113 Πατρίί

155 2131 204 2190 55.
220 2131 335 2201 Filioli,
356 2131 454 2189 adbuc
476 2122 623 2188 motiicum
647 2133 801 2188 vobiscum
826 2150 901 2189 sum.
923 2149 1000 2203 Ασις
1024 2128 1139 2200 Τεκνία,
1161 2128 1200 2187 ἔτι
1218 2128 1312 2207 μικρὸν
1332 2131 1388 2206 μεθ’
1411 2130 1489 2205 ὑμῶν
1512 2130 1578 2204 εἰμι.
1599 2128 1619 2186 Z

159 2224 301 2300 Quoeretis
319 2243 375 2295 me,
389 2234 417 2279 et
431 2242 490 2279 non
512 2224 686 2279 invenietis:
699 2234 728 2279 et
743 2225 819 2280 sieut
841 2223 905 2280 dixi
959 2246 992 2300 με
1004 2267 1012 2291 ,
1027 2222 1092 2282 *καί
1104 2220 1190 2288 καθὼς
1202 2212 1275 2279 εἷπον
1287 2229 1341 2286 τοῖς
1350 2219 1504 2292 Ἰουδαίοις,
1515 2219 1557 2278 ὅτι
1567 2217 1619 2280 dno

157 2314 281 2385 Iudeis,
297 2316 354 2371 Ubi
363 2335 415 2394 ego
425 2333 501 2383 sum,
517 2332 573 2371 vos
587 2333 647 2369 non
658 2317 779 2391 potestis
789 2318 904 2383 τισιιίεας
958 2312 1025 2393 ἐγὼ,
1037 2317 1112 2390 ὑμεῖς
1132 2316 1161 2372 οὔ
1182 2313 1292 2372 δύνασθε
1305 2315 1405 2372 ἐλθεῖν·
1420 2313 1468 2371 καὶ
1488 2315 1553 2389 ὑμῖν
1574 2310 1619 2392 λίγ

158 2417 187 2464 et
194 2409 278 2464 uobis
292 2407 357 2464 dico
371 2407 467 2464 modo.
480 2408 542 2466 iam
557 2404 645 2463 tristia
658 2404 764 2463 orditur
777 2418 838 2486 post
852 2427 905 2464 coe-
957 2407 1082 2488 Ἀρχεται
1093 2407 1185 2466 λοιπθν
1204 2409 1256 2464 τῶν
1269 2408 1396 2486 λυπηρῶν
1412 2403 1483 2483 μετὰ
1499 2405 1531 2466 τὸ
1544 2406 1619 2464 δεῖπν

159 2517 231 2555 nam.
246 2499 315 2555 Nam
336 2519 399 2557 rum
413 2496 498 2559 Judas
519 2495 615 2572 exivit,
630 2516 683 2556 non
706 2517 817 2577 vespera
838 2512 904 2572 erat,
957 2497 1009 2579 γδρ
1026 2497 1127 2564 Ἰούδας
1147 2497 1262 2571 ἐξῆλθεν,
1280 2503 1329 2557 οὐκ
1350 2496 1391 2556 ἔτι
1410 2496 1514 2577 ἑσπέρα
1532 2489 1577 2570 ἦν,
1597 2499 1619 2555 ά

158 2588 206 2648 sed
221 2610 282 2649 nox.
299 2591 368 2648 Curn
389 2589 461 2648 enim
481 2588 562 2669 paulo
581 2600 642 2669 post
660 2586 804 2647 adventuri
820 2605 905 2648 essent
960 2590 1071 2663 Ἐπειδὴ
1086 2591 1138 2670 γδιρ
1151 2592 1261 2669 ἔμελλον
1277 2591 1369 2672 μικρὸν
1392 2590 1503 2672 ὕστερον
1529 2593 1619 2660 interl

158 2681 206 2760 qui
220 2681 299 2740 illurn
313 2680 591 2763 caperent,oportebat
604 2681 695 2740 omnia
704 2680 761 2740 illis
770 2702 905 2742 commen·
960 2683 1012 2742 ἔδει
1034 2686 1123 2745 πάντα
1142 2683 1376 2763 παρακαταθέσθαι
1394 2687 1499 2754 αὐτοῖς,
1523 2682 1595 2742 ὥστε
1615 2687 1619 2739 ι’

158 2773 232 2849 dare,
247 2787 277 2833 ut
294 2774 422 2833 memoria
440 2773 581 2833 retinerent
596 2797 603 2830 ε
617 2773 673 2831 imo
686 2773 777 2853 potius
788 2775 907 2855 Spiritus
961 2775 1069 2855 μνήμῃ·
1086 2779 1186 2853 μᾶλλον
1209 2775 1237 2834 δὲ
1261 2774 1292 2834 τὸ
1310 2778 1422 2854 Πνεῦμα
1436 2775 1550 2834 ’πάντα
1568 2778 1619 2834 aba

111 2894 114 2899 ·
158 2867 248 2927 omnia
265 2868 331 2948 ipsis
344 2867 517 2948 suggerebat;
532 2866 671 2945 multaque
682 2880 798 2941 ιιιιιε,.ιιι
812 2868 907 2927 verisi-
962 2866 1160 2945 μνησε.Πολλδι
1174 2866 1321 2946 γδρείκδς,
1336 2866 1383 2926 άτε
1397 2871 1505 2946 πρῶτον
1516 2867 1619 2927 tired:

159 2963 224 3023 mile
233 2976 281 3040 est,
292 2963 457 3043 abjecerunt,
465 2976 559 3043 utpote
568 2962 616 3040 qui
628 2975 693 3021 tunc
701 2961 820 3042 primum
830 2963 908 3022 aodi-
961 2960 1006 3018 καί
1017 2959 1150 3025 τοιούτους
1161 2958 1304 3035 μέλλοντας
1321 2958 1487 3038 πειρασμοθς
1503 2959 1619 3038 impiet

160 3070 227 3131 rent,
240 3070 265 3115 et
277 3070 317 3115 tot
335 3055 495 3115 tentationes
507 3053 611 3135 passuri
628 3068 722 3113 essent.
734 3055 805 3114 Nam
817 3055 865 3133 qui
880 3056 907 3114 in
962 3051 1072 3110 θάλλειν
1089 3050 1190 3117 αὐτούς.
1210 3053 1246 3110 ot
1261 3051 1312 3132 γὰρ
1326 3051 1391 3131 πρὸς
1408 3051 1491 3110 θπνσν
1514 3073 1619 3132 rumpo

7 3157 149 3222 ιοατιηι.
161 3169 286 3207 somnum
297 3170 352 3230 prae
366 3147 475 3206 tristitia
488 3147 556 3227 lapsi
568 3160 639 3221 sunt,
649 3160 681 3204 ut
692 3146 731 3204 ait
745 3146 815 3205 alius
828 3168 908 3206 evan·
962 3141 1049 3209 καθὼς
1070 3144 1115 3201 καί
1136 3143 1225 3222 ἐτερύς
1244 3166 1324 3224 φησιν
1344 3142 1556 3222 εὐαγγελιστὴς,
1576 3143 1619 3203 καί

9 3251 113 3299 ιοαα.ι6
124 3253 148 3300 6,
161 3241 255 3320 gelista
264 3265 273 3316 ;
290 3254 315 3298 et
338 3241 394 3321 ipse
412 3261 518 3318 quoqne
539 3240 665 3298 Christus
686 3239 723 3297 ait
740 3239 820 3299 :Sed
838 3243 909 3318 pitia
926 3261 943 3306 n
963 3237 1146 3317 συνεχόμενοι,
1159 3237 1247 3303 καθὼς
1261 3237 1305 3295 καί
1321 3238 1424 3304 αὐτδςδ
1440 3238 1560 3317 Χριστὸς
1573 3237 1619 3314 λάρ

162 3335 223 3390 boec
238 3333 377 3413 loquutus
391 3353 455 3390 sum
472 3335 566 3403 uobis,
584 3335 704 3389 tristitia
718 3331 909 3410 implevitcor
962 3330 1002 3388 du
1023 3335 1107 3388 ταῦτα
1119 3329 1255 3400 λελάληκα
1267 3335 1339 3407 ύμῖν,
1352 3335 1370 3401 ἡ
1384 3329 1457 3402 λύπη
1477 3332 1619 3411 πεπλήροα

161 3437 305 3491 vestrum
319 3425 454 3502 quomodo
471 3423 529 3482 haec
546 3423 636 3482 omnia
657 3438 782 3482 accurate
797 3423 909 3481 retinere
963 3422 1011 3494 τλν
1022 3421 1132 3501 καρδίαν
1142 3445 1148 3457 ·
1159 3426 1216 3489 πῶς
1225 3421 1255 3480 διν
1270 3428 1353 3481 ταῦτα
1365 3423 1455 3482 πάντα
1467 3425 1601 3504 κατέσχον
1613 3447 1619 3482 ι

160 3516 328 3596 potuissent?
343 3515 398 3575 Sed
418 3537 467 3573 eur
485 3515 540 3573 illis
555 3513 735 3573 dicebantur?
751 3514 908 3575 Nonmodi-
964 3515 1000 3574 Τί
1025 3515 1122 3585 δήποτε
1148 3505 1192 3572 σύν
1215 3513 1336 3593 ἐλέγετο,
1352 3517 1393 3574 Οὐ
1413 3517 1511 3595 μικρὸν
1534 3521 1619 3582 αὐτοῖς

160 3629 222 3666 cum
237 3608 303 3689 ipsis
314 3610 420 3667 lucrum
433 3606 469 3666 ad
484 3607 585 3667 Christi
606 3607 720 3686 gloriam
736 3607 906 3683 obveniebat,
963 3607 1053 3688 κέρδος
1070 3609 1105 3673 είς
1120 3605 1167 3678 τὴν
1183 3608 1299 3686 Χριστοῦ
1314 3605 1398 3679 δόξαν,
1411 3607 1443 3667 τὸ
1456 3613 1550 3688 σαφῶς
1565 3609 1619 3668 etse

159 3699 232 3779 quod
246 3700 383 3759 hanelare
399 3699 497 3758 scirent
511 3715 613 3781 postea,
626 3698 694 3756 dum
704 3698 908 3758 recordarentur
962 3707 1045 3760 ταῦτα
1057 3698 1355 3778 ύπομιμνησκομένους,
1373 3698 1414 3758 δτι
1425 3705 1514 3760 ταῦτα
1528 3703 1614 3761 πάλαι

160 3815 188 3852 se
197 3793 279 3854 haeca
290 3793 398 3852 Christo
407 3793 550 3853 audivisse.
562 3795 618 3852 Gur
628 3807 718 3852 antem
732 3793 841 3851 illorum
850 3794 908 3852 ani·
961 3816 1005 3859 τες
1025 3784 1092 3864 ἦσαν
1114 3790 1187 3871 παρὰ
1198 3797 1244 3849 τοῦ
1260 3793 1385 3870 Χριστοῦ.
1397 3791 1479 3860 Τίνος
1493 3793 1522 3852 δέ
1537 3793 1619 3853 ἕνεκα

159 3906 235 3943 mum
249 3885 665 3967 priusdejicit,dicens,ddhuc
682 3886 826 3943 modicum
838 3899 908 3942 tem·
961 3884 1089 3943 ταθοΠλει
1102 3886 1187 3941 αὐτῶν
1197 3883 1244 3954 τὴν
1257 3883 1355 3964 ψυχὴν,
1366 3883 1461 3962 λέγων,
1471 3885 1619 3966 Ἐτιμυιρδ

156 3999 211 4057 pus
226 3981 378 4036 vobiscum
392 3984 477 4036 sum?
486 3976 588 4038 Judaeis
600 3998 715 4054 namque
727 3978 789 4056 jure
800 3976 908 4035 diceba-
962 3980 1019 4055 μεθ’
1034 3980 1108 4054 ὑμῶν
1124 3979 1197 4053 εἰμι;
1212 3979 1276 4042 Τοῖς
1290 3976 1338 4054 μὲν
1349 3975 1400 4056 γὰρ
1409 3976 1551 4044 Ἰουδαίοις
1564 3978 1619 4038 sbti

158 4083 212 4144 tur,
229 4091 277 4128 nos
287 4091 351 4130 vero
369 4091 453 4148 quare
466 4090 527 4128 eum
542 4069 655 4148 ingratis
669 4069 725 4127 illis
738 4069 830 4127 locas?
847 4071 906 4128 Mi-
960 4092 1037 4147 γετυ·
1051 4073 1123 4146 ἡμᾶς
1136 4068 1164 4126 δὲ
1183 4069 1251 4135 τίνος
1265 4068 1352 4127 ἕνεκεν
1366 4069 1463 4141 ἐπίσης
1479 4073 1516 4135 εἰς
1531 4070 1581 4141 τλν
1596 4071 1619 4130 ai

159 4162 231 4220 nime
240 4163 319 4221 facio.
332 4161 367 4220 Et
383 4183 432 4220 cur
444 4161 493 4236 ait,
504 4162 583 4229 Sicut
598 4162 661 4220 dixi
674 4161 807 4220 leoetsr
816 4161 907 4220 Rodu-
961 4161 997 4230 ξιν
1009 4162 1080 4239 ἄγεις
1091 4161 1198 4226 ἐκείνοις
1211 4169 1265 4226 τοῖς
1280 4159 1445 4238 ἀγνώμοσιν;
1456 4164 1619 4240 Οὐδαμῶς]

159 4255 200 4313 xit
211 4257 239 4313 in
253 4255 489 4334 memoriam,qnia
500 4276 552 4313 non
565 4274 637 4312 nune
647 4254 683 4312 ob
694 4255 828 4313 malorum
840 4277 906 4335 prae·
923 4275 941 4321 c
961 4254 1046 4315 ἕνεκεν
1060 4245 1133 4323 εἶπε,
1149 4252 1243 4319 Καθὼς
1257 4244 1328 4311 εἶπον
1343 4262 1397 4319 τοῖς
1415 4254 1569 4328 Ἰουδαίαιςς
1588 4255 1619 4315 'Ar

159 4347 270 4405 sentiam
289 4348 347 4406 haec
365 4347 502 4428 predixit,
519 4347 566 4405 sed
577 4347 635 4427 jam
655 4346 722 4404 olim
736 4346 905 4426 previderat,
960 4345 1001 4405 ὅτι
1015 4346 1073 4426 οὐχί
1096 4351 1141 4403 νῦν
1160 4345 1213 4404 ἀπὸ
1232 4349 1280 4416 τῆς
1301 4349 1353 4403 τῶν
1375 4345 1467 4404 δεινῶν
1490 4347 1619 4426 παρουσία

159 4437 264 4517 ipsique
277 4453 355 4501 testes
370 4455 453 4513 erant,
468 4441 515 4519 qui
529 4438 670 4498 audierant
684 4440 773 4519 ipsum
787 4439 904 4501 haecJu-
960 4438 1100 4518 προλέγει·
1115 4439 1174 4497 ἀλλ’
1195 4439 1294 4496 ἄνωθεν
1315 4435 1383 4496 αὐτὰ
1405 4438 1538 4517 προῄδει,
1554 4441 1619 4517 καὶρ

158 4529 225 4588 daeis
246 4531 387 4591 dicentem.
405 4536 496 4606 Quare
520 4531 627 4591 addidit
651 4531 729 4606 illud,
744 4533 861 4601 Filioli;
875 4545 906 4592 ut
962 4532 1034 4591 αὐτοὶ
1054 4535 1078 4590 οἱ
1101 4529 1276 4599 ἀκούσαντες,
1295 4528 1336 4588 ὅτι
1355 4530 1401 4589 καλ
1415 4531 1484 4611 πρὸς
1504 4532 1619 4593 ’Ἰουδαία

159 4646 221 4682 curn
238 4624 362 4682 audirent
383 4623 462 4693 illud,
473 4624 552 4682 Sicut
564 4626 627 4681 diri
641 4625 764 4695 Judoeis,
778 4645 811 4682 ne
825 4639 905 4704 puta·
962 4625 1043 4702 ἐλεγε.
1057 4624 1105 4682 oo
1114 4622 1158 4680 καί
1169 4622 1316 4700 προσέθηκε
1328 4622 1359 4679 τὸ
1370 4664 1378 4691 ,
1389 4622 1507 4681 Τεκνία·
1522 4625 1568 4683 ἵνα
1578 4628 1619 4684 aiat

160 4731 218 4775 rent
231 4716 312 4774 simili
328 4714 409 4774 modo
428 4716 479 4773 sibi
501 4715 604 4774 dictum
625 4716 712 4773 fuisse.
726 4718 786 4773 Non
800 4736 862 4793 ergo
877 4731 907 4776 ιιι
962 4716 1057 4781 Καθὼς
1077 4706 1148 4773 εἶπον
1172 4721 1226 4778 τοῖς
1251 4712 1404 4784 Ἰουδαίοις,
1432 4714 1472 4792 μδ,
1493 4717 1540 4774 καὶ
1566 4719 1619 4798 πρὸ

159 4811 285 4891 dejiceret
303 4809 411 4868 illorum
427 4808 531 4867 animos
549 4808 600 4867 boc
611 4808 692 4881 dixit,
708 4807 755 4866 sed
769 4821 798 4866 ut
812 4830 906 4868 conso-
961 4809 1057 4886 ὁμοίως
1072 4811 1191 4887 εἰρῆσθαι
1211 4807 1242 4865 τδ
1264 4804 1401 4886 εἰρημένον
1416 4808 1619 4884 νομίσμασι]

159 4904 312 4982 ίυιοιιιι,ιιο
327 4901 512 4981 inexspectata
527 4922 652 4959 aerumnae
667 4901 739 4980 ipsos
754 4894 904 4961 turbarent.
962 4901 1067 4960 θάλλων
1079 4899 1164 4957 τοίνυν
1183 4897 1289 4972 αὐτούς,
1309 4899 1379 4956 ἀλλὰ
1406 4903 1619 4983 παραμυθούμει

192 5127 202 5150 ⁶
214 5110 261 5161 Alli
270 5115 331 5171 ditos
339 5115 484 5177 ἃπίῡιρᾶφη·
1004 5105 1016 5130 ⁸
1029 5104 1077 5168 [καί
1084 5068 1129 5169 ,οὐχ
1140 5106 1245 5171 εὑρήσετε
1255 5117 1286 5151 ex
1295 5099 1382 5151 Bibliis
1394 5099 1502 5156 addunt
1511 5108 1619 5160 nostri(

191 5186 301 5239 ‘ilorci
319 5196 341 5240 ἐν
360 5192 429 5254 αὐτῷ.
450 5184 520 5250 [Mox
539 5188 577 5236 itai
599 5189 749 5253 ἀρχαγρίλοιν
767 5202 780 5235 e
799 5183 877 5236 Suvll.
896 5195 921 5234 el
1003 5180 1072 5232 *Alli
1089 5187 1337 5246 κάνταὺπιμίμνηακς.
1351 5187 1437 5235 πολλὰ.

159 5266 242 5318 Codd.
253 5267 347 5317 nostris
358 5262 538 5326 accesserunt]
