3750 5940
159 428 236 521 ssu·
498 455 536 502 s.
564 456 707 506 toauurs
732 457 916 508 cuursosr.
948 458 1101 506 staretur.
1130 456 1406 510 corseasrutor.

158 587 185 634 te
195 574 223 634 in
234 574 323 635 medio
333 576 390 636 loro
401 575 517 658 turpiter
529 577 626 658 nudas,
638 601 699 658 que
709 581 811 642 Christi
820 604 905 642 mem·
958 581 1009 642 ὑπδ
1019 581 1150 651 ἀσωτίας·
1161 582 1207 642 καὶ
1216 582 1277 651 τοὺς
1288 583 1433 666 βραχίονας
1441 587 1548 663 γυμνοῦν

158 663 239 725 brum
254 686 296 743 es,
309 666 391 745 idque
405 665 432 726 in
447 667 505 727 loru
519 668 586 729 viris
600 671 795 751 praesentibus?
812 673 905 732 Crines
923 680 941 726 B
957 673 1003 733 καὶ
1016 681 1100 734 ταῦτα
1108 674 1218 756 ἀνδρῶν.
1232 674 1270 735 Τί
1282 685 1377 751 ποιεῖς,
1389 667 1413 735 ὦ
1426 676 1548 757 ydrum

158 757 395 835 tellicas,restem
408 758 550 837 discindis,
566 781 679 842 magnos
692 763 809 844 ejulatus
827 765 904 824 emit·
957 764 1004 840 rip
1027 766 1203 846 ἀσχημόνως,
1223 767 1282 828 altri
1308 792 1370 848 μοι,
1388 767 1435 828 ἐπί
1455 767 1540 847 μόσης

157 847 210 926 tis,
224 849 348 909 choream
362 850 465 910 circum
480 851 576 929 efficis,
592 866 617 912 et
629 852 782 914 maeuadum
796 854 905 914 illarum
956 863 1002 917 τοῦ
1016 858 1132 941 Χριστοῦ
1147 856 1225 936 μίλος
1235 847 1318 933 οδσα,
1334 861 1437 942 ἀνδρῶν
1451 859 1548 940 παρόνι

157 938 305 1020 imaginem
327 962 427 1018 serras,
446 964 494 1002 nee
507 957 532 1003 te
545 957 624 1026 putas
644 948 734 1006 Deum
749 946 904 1007 offendere?
958 949 1072 1032 ἀγοράν;
1083 949 1129 1009 καί
1139 948 1233 1032 τρίχας
1250 947 1385 1027 ι’τι’λλεις,
1401 951 1449 1012 καί
1461 954 1548 1033 διαοχι

113 1066 120 1073 -
157 1032 904 1116 Quaeillainsania?hnuougentilesridehuntlannon
957 1041 1003 1100 καὶ
1023 1039 1092 1121 μέγα
1112 1041 1238 1115 κωκόεις,
1252 1043 1298 1103 καὶ
1311 1043 1391 1126 χορδν
1411 1053 1548 1127 περιιστᾳς

86 1173 92 1187 .
157 1123 263 1184 fabulas
276 1134 366 1184 nostra
380 1147 437 1186 esse
451 1127 809 1208 putabuntiDieentenim,
823 1130 905 1190 Nulla
958 1132 1009 1190 δων
1020 1136 1151 1212 γυναικῶν
1164 1132 1253 1193 είκόνα
1263 1133 1417 1210 διασώζεις,
1434 1133 1542 1216 καίοθχ

155 1231 197 1276 est
211 1217 384 1295 resurrectio,
401 1217 448 1278 sed
461 1218 679 1280 Christianorum
692 1220 819 1302 dogmata
833 1219 904 1282 ridi·
956 1218 1142 1305 προσκροόεινς
1153 1222 1245 1291 Πόσης
1253 1229 1338 1284 ταῦτα
1350 1224 1461 1302 μανίας,
1476 1217 1521 1304 ἀρ’
1530 1249 1548 1285 ο

155 1309 219 1369 cula
241 1323 314 1388 sunt,
335 1310 459 1387 fraudes,
480 1311 603 1372 fallacie.
625 1315 665 1373 he
692 1313 715 1374 si
740 1315 813 1375 enim
836 1313 905 1375 nihil
956 1306 1344 1399 Ἐλληνεςςάρόὗμόθοοςτδ
1357 1317 1476 1398 ἡμέτερα
1489 1307 1545 1377 tite

156 1414 217 1481 post
235 1402 306 1461 hanc
321 1402 406 1463 vitam
429 1403 558 1485 supersit,
577 1404 613 1464 ita
632 1406 726 1485 lugent
744 1405 818 1489 apud
842 1406 904 1466 illos
957 1406 1064 1490 Ἐροῦσι
1085 1407 1153 1489 γάρ·
1174 1409 1221 1468 οθκ
1237 1408 1307 1468 ἔστιν
1328 1408 1487 1484 ἀνάστασις,
1504 1411 1548 1469 θλ)

156 1496 280 1556 mulieres
286 1521 296 1575 3
323 1495 392 1556 nihil
417 1497 559 1558 attendunt
587 1499 735 1582 Scripturis
764 1500 828 1561 suis.
857 1501 904 1559 Fi·
955 1503 1008 1558 τῶν
1024 1501 1200 1581 Χριστιανῶν,
1219 1500 1310 1573 ἀπάτη
1323 1499 1370 1560 καὶ
1387 1501 1548 1574 συσκεοή.1

155 1603 263 1668 gmenta
281 1605 344 1650 sunt
359 1590 406 1651 illa
421 1590 527 1667 omnia,
541 1606 571 1651 ut
585 1591 649 1673 ipsae
670 1593 853 1675 comprobant.
872 1594 903 1654 Si
955 1592 1056 1660 οθδενδς
1067 1591 1140 1660 ὄντος
1157 1592 1225 1671 μετὰ
1243 1597 1343 1666 ταῦτα,
1363 1590 1432 1653 οἰτω
1455 1591 1548 1653 κωκάα

154 1679 228 1740 enim
246 1680 383 1742 crederent
401 1703 464 1742 eum
487 1682 534 1761 qui
555 1696 678 1744 mortuus
697 1697 751 1759 est,
765 1704 818 1743 non
841 1705 904 1744 vere
956 1685 1042 1750 αὐτοῖς
1056 1693 1191 1760 γυναῖκες·
1205 1687 1235 1742 οι)
1254 1684 1416 1765 προσέχωσι
1435 1692 1492 1752 τοῖς
1506 1683 1546 1765 ῥά

155 1787 294 1834 mortuum
311 1796 383 1853 esse,
402 1774 448 1836 sed
468 1774 504 1835 ad
528 1774 667 1834 meliorem
686 1774 771 1835 vitam
788 1776 902 1837 transla-
921 1789 939 1835 c
955 1784 1008 1843 τοῖς
1023 1774 1134 1855 βιθλίοις
1146 1778 1230 1835 αὐτῶν
1244 1775 1461 1856 κεχαραγμένος.
1478 1774 1548 1838 l'lltds

153 1880 227 1943 tum;
249 1887 301 1926 nou
324 1867 404 1927 illum
424 1867 502 1947 quasi
521 1869 580 1949 jam
601 1868 673 1927 ultra
693 1888 747 1928 non
768 1883 837 1928 uses
856 1869 901 1929 lu·
955 1868 1057 1942 πάντα,
1072 1867 1117 1926 καί
1134 1867 1255 1940 δηλοῦσιν
1271 1865 1357 1926 αὐταί.
1372 1869 1408 1927 Εἰ
1425 1867 1479 1950 γάρ
1493 1867 1548 1930 tots

153 1975 257 2039 gerent,
277 1983 329 2022 non
348 1962 385 2021 ita
404 1983 432 2022 se
447 1974 627 2035 macerarent,
640 1981 695 2020 non
716 1960 777 2021 illas
798 1961 902 2021 emitte·
955 1959 1146 2034 recalent-ptis<
1161 1960 1393 2036 οθτετελεάσηκεν,
1406 1963 1465 2021 ἀλλ’
1479 1961 1548 2042 ἐπὶβ

153 2066 212 2111 rent
229 2074 307 2113 voces
327 2052 522 2113 incredulitatis
539 2053 632 2134 plenas
648 2076 655 2110 ε
670 2054 731 2112 Non
744 2066 771 2112 te
785 2053 903 2134 amplius
956 2052 1070 2132 μετέστη
1081 2099 1089 2127 ,
1100 2057 1147 2112 οὐκ
1158 2051 1189 2111 du
1200 2052 1279 2112 αὐτὸν
1289 2055 1326 2122 ὡς
1336 2057 1383 2114 οθκ
1394 2053 1432 2113 ἔτι
1442 2054 1507 2114 ὄντα
1518 2057 1548 2114 ἒθ

60 2203 63 2211 ,
154 2144 264 2223 videbo,
291 2168 343 2207 non
367 2162 393 2207 te
416 2147 588 2228 recuperabo.
613 2146 724 2206 Fabulae
745 2147 817 2229 apud
841 2147 903 2206 illos
956 2143 987 2204 δν
1002 2143 1307 2220 οότωθκατεκόπτοντο,
1320 2145 1545 2216 οθκδιντοιαάτας

152 2239 243 2299 omnia
258 2253 328 2300 sunt.
343 2237 424 2311 Quod
437 2239 459 2299 si
477 2237 506 2297 id
516 2236 589 2318 quod
607 2252 688 2318 caput
711 2239 834 2298 omnium
855 2239 904 2298 bo-
954 2234 1001 2302 νδς
1015 2235 1141 2305 ἀπιστίας
1152 2236 1299 2316 γεμούσας·
1310 2241 1358 2297 οθκ
1373 2236 1412 2298 ἔτι
1426 2260 1457 2298 σε
1467 2238 1548 2318 diepa

154 2352 252 2393 notum
264 2345 304 2392 est
318 2353 372 2391 nou
386 2330 510 2407 creduut,
526 2330 612 2390 multo
626 2329 717 2390 minus
732 2329 839 2391 credent
853 2353 903 2391 οπ-
956 2327 1138 2408 ἀπολήψομαι.
1153 2331 1243 2395 Μῦθος
1256 2329 1362 2388 ἅπαντα
1377 2327 1412 2389 τά
1425 2333 1492 2413 παρ’
1503 2333 1548 2390 ets

153 2424 289 2483 tera.Non
300 2438 355 2483 tam
369 2421 514 2483 effeminati
524 2422 635 2502 gentiles
647 2422 903 2504 suuttmultiapud
956 2420 1100 2500 >repelletur
1123 2423 1176 2478 τῶν
1202 2422 1307 2497 ἀγαθῶν
1331 2420 1401 2480 otro
1426 2422 1548 2483 διαπιστι

154 2513 216 2574 illus
233 2514 467 2596 philosophantur.
486 2512 606 2573 Audiens
628 2513 736 2594 gentilis
752 2514 852 2573 mulier
870 2516 903 2574 fi-
957 2515 1057 2591 μᾶλλον
1071 2511 1117 2571 καὶ
1126 2511 1161 2572 τά
1172 2511 1241 2572 ἀλλά
1253 2511 1288 2570 τά
1301 2515 1365 2594 παρ’
1376 2516 1466 2581 αὐτοῖς
1476 2538 1548 2594 σεμνι

154 2605 223 2664 lium
236 2606 368 2687 inpugna
382 2605 520 2682 cecidisse,
533 2605 624 2665 statim
634 2605 764 2665 sciscitata
774 2621 825 2684 est,
835 2628 903 2686 quo·
956 2603 1084 2676 Ἕλληνες
1094 2601 1301 2683 γυναικίζονται·
1315 2604 1410 2666 πολλοὶ
1427 2610 1493 2689 παρ’
1513 2610 1548 2668 αθ

154 2699 235 2758 modo
246 2721 274 2759 se
282 2721 325 2759 res
336 2698 445 2780 publica
458 2698 568 2758 haberet
578 2697 712 2777 :aliusque
724 2698 904 2780 philosophus
955 2700 1051 2774 φησαν.
1072 2696 1088 2724 *
1097 2696 1150 2755 rtet
1166 2694 1303 2756 ἀκούσασα
1317 2696 1420 2770 Ἕλλην
1434 2698 1501 2778 γυνὴ
1517 2721 1548 2759 πε

153 2806 311 2867 coronatus,
325 2806 356 2851 ut
369 2790 478 2852 audivit
492 2789 581 2850 lilium
592 2812 642 2871 pro
655 2789 743 2872 patria
761 2790 900 2869 cecidisse,
954 2785 1064 2868 πολέμῳ
1081 2787 1219 2860 πεσόντος,
1242 2787 1336 2856 εὐθέως
1349 2789 1445 2871 ἤρετο·
1469 2790 1544 2853 chel

152 2885 257 2946 sublata
276 2907 373 2946 corona
395 2884 547 2944 sciscitatus
567 2896 627 2942 uter
645 2905 680 2944 ex
698 2881 820 2961 duobus,
841 2905 903 2943 eum
921 2887 939 2932 ὓ
955 2884 1011 2946 πῶς
1023 2879 1154 2938 διάκειται
1169 2879 1332 2961 murittum
1343 2880 1390 2941 καί
1401 2882 1482 2951 ἄλλοι
1500 2885 1548 2963 φιλ

151 2976 213 3055 quis
239 2991 306 3036 esset
331 2975 480 3050 didicisset,
505 2995 630 3034 corenam
655 2973 747 3033 statim
771 2973 902 3055 reposuit.
955 2970 1123 3051 ρανωμίνος,
1144 2971 1235 3043 ἐπειδὴ
1254 2971 1364 3043 ἤκουσεν
1379 2973 1419 3033 ότι
1436 2974 1548 3056 δπὲρτῆ

151 3067 235 3127 Multi
244 3069 273 3128 in
283 3067 396 3128 deorum
413 3088 523 3128 suorum
545 3067 673 3126 honorem
690 3064 761 3125 lilios
779 3067 902 3146 filiasque
954 3072 1016 3130 παῖς
1031 3063 1132 3136 ἔπεσεν,
1149 3063 1308 3144 ἀφελόμενος
1323 3065 1368 3125 τὸν
1387 3066 1524 3147 στέφανον,
1543 3091 1548 3127 ι

151 3161 306 3221 mactandos
313 3160 453 3221 tradidere.
461 3161 580 3219 Lacaenae
591 3173 682 3219 autem
694 3158 819 3218 mulieres
830 3159 901 3218 lilios
954 3154 1077 3236 ὁπότερος
1095 3164 1151 3213 τοῖν
1173 3156 1252 3228 δυοῖν,
1268 3156 1358 3229 ἐπειδὴ
1377 3157 1461 3235 ἔμαθε
1474 3158 1518 3218 τδν
1537 3182 1548 3217 τ

150 3253 307 3329 hortantur,
324 3268 354 3312 ut
368 3266 475 3313 scutum
493 3274 528 3311 ex
543 3251 636 3332 praelio
655 3252 782 3325 reserant,
798 3250 841 3311 rel
855 3272 900 3310 su·
954 3246 1079 3327 στέροινον
1091 3246 1164 3313 εὐθὺς
1176 3247 1255 3306 πάλιν
1270 3247 1390 3320 ἐπέθηκε.
1405 3249 1543 3310 Πολλοίδί

150 3345 301 3426 peripsum
315 3345 414 3404 mortui
433 3345 590 3403 reserantur.
609 3342 696 3402 Pudet
710 3343 800 3402 meite
813 3342 900 3422 genti·
954 3338 1097 3421 θυγατέρας
1112 3339 1246 3399 ἐπέδωκαν
1261 3343 1297 3407 εἰς
1312 3340 1428 3420 σφαγὴν,
1450 3342 1548 3421 δαίμονι

151 3438 189 3496 les
208 3436 410 3518 philosophari,
428 3437 496 3495 dum
515 3458 563 3495 nos
582 3435 696 3516 turpiter
713 3434 829 3513 agimus.
844 3435 899 3507 Qui
953 3436 988 3490 At
1000 3430 1028 3490 δὲ
1039 3432 1194 3491 Λακωνικαὶ
1205 3442 1325 3510 γυναῖκες
1337 3434 1383 3492 καί
1394 3443 1548 3516 παραινοῦσι

151 3528 265 3588 nihilde
279 3528 472 3589 resurrectione
486 3542 598 3603 norunt,
612 3526 725 3609 perinde
737 3541 821 3605 agunt
834 3529 898 3588 acsi
952 3524 969 3595 ἢ
984 3523 1031 3596 τὴν
1048 3523 1147 3584 ἀσπίδα
1162 3525 1291 3584 διασῶσαι
1308 3530 1338 3584 ἐκ
1354 3535 1401 3587 τοῦ
1416 3529 1545 3606 πολέμου,

151 3635 275 3680 nossent:
290 3621 336 3700 qui
351 3634 449 3680 norunt
461 3619 695 3695 resumoetionem,
712 3618 750 3677 ita
761 3639 790 3677 se
803 3634 899 3698 gerunt
952 3621 1089 3696 ἐνεχθῆναι
1101 3616 1200 3698 νεκρόν.
1217 3617 1269 3676 Διά
1281 3625 1365 3677 ταῦτα
1378 3618 1548 3699 αἰοχάνομαιι

150 3712 214 3771 acsi
228 3712 303 3771 illam
317 3711 479 3792 ignorarent.
494 3710 578 3770 lllulti
598 3707 671 3788 quod
685 3723 795 3791 propter
808 3712 908 3773 Deum
951 3713 1059 3766 τοιαῦτα
1068 3708 1262 3786 ριλοσοροῦσιν,
1271 3714 1348 3786 ἡμεῖς
1360 3708 1388 3768 δὲ
1399 3713 1548 3789 ἀσχημονοθ

150 3824 203 3863 non
217 3803 333 3863 lacerent
345 3824 380 3863 ex
396 3802 515 3862 humano
532 3801 635 3883 pudore
652 3801 764 3861 faciunt.
776 3802 897 3883 Opulenss
952 3798 1120 3864 ἀναστάσεως
1131 3798 1204 3857 οὐδὲν
1215 3799 1370 3873 είδότες,τδι
1380 3804 1433 3859 τῶν
1445 3801 1548 3861 εἰδότων

149 3894 231 3955 tiores
242 3895 314 3953 euim
324 3893 449 3954 mulieres
459 3893 571 3974 capillos
584 3914 637 3953 non
652 3892 765 3968 vellunt,
785 3894 897 3954 brachia
917 3898 935 3945 θ
952 3893 976 3950 οἱ
988 3889 1016 3950 δὲ
1032 3889 1140 3962 εἰδότες,
1154 3889 1187 3949 τά
1204 3896 1256 3950 τῶν
1271 3891 1443 3970 ἀγνοούντων.
1467 3896 1548 3954 [Ιολλι

151 4010 203 4048 non
214 3985 414 4067 nudant3quod
428 3985 539 4066 quidem
559 4006 728 4068 summopere
743 3986 897 4066 improban—
952 3984 1020 4042 Θεὸν
1035 3986 1064 4042 οὐ
1078 3991 1196 4055 ποιοῦσι,
1210 3987 1287 4043 τοῦτο
1301 3984 1334 4040 δι’
1346 3983 1493 4063 ἀνθρώπων
1505 3988 1548 4046 att

149 4079 229 4154 dum,
242 4101 294 4139 non
306 4079 382 4158 quod
394 4100 449 4138 nou
462 4078 576 4153 nudent,
587 4077 634 4137 sed
643 4078 707 4156 quia
720 4098 774 4138 non
787 4079 897 4159 pietatis
952 4075 1088 4141 πολλάκις.
1105 4078 1138 4133 Αἱ
1148 4075 1199 4154 γάρ
1215 4075 1392 4156 εὐπορώτεροι
1407 4081 1461 4136 τῶν
1473 4103 1548 4158 γυναι

150 4196 243 4250 causa,
253 4195 285 4233 ac
298 4195 330 4233 ue
341 4188 433 4255 turpes
442 4172 599 4247 videantur,
613 4172 664 4232 hoc
679 4172 789 4232 iaciunt.
806 4172 898 4232 Pudor
908 4171 981 4260 57γοίι
995 4166 1137 4239 τιλλουσιν,
1149 4170 1178 4225 οὐ
1192 4166 1335 4248 βραχίονος
1349 4176 1508 4246 γυμνοῦσιν·
1524 4170 1538 4230 δ

149 4264 254 4324 luctum
269 4257 392 4338 cohibet,
408 4263 459 4322 Dei
474 4277 561 4322 metus
574 4283 627 4322 non
641 4263 769 4323 cohibet?
785 4277 809 4323 el
823 4284 896 4342 quo·
916 4276 935 4321 Α
952 4258 1077 4340 τηγορίοις
1101 4257 1228 4339 ἐσχάτης,
1253 4261 1300 4318 οὐκ
1324 4259 1414 4331 ἐπειδὴ
1436 4265 1466 4320 οὐ
1487 4287 1548 4341 γνμι

150 4354 231 4414 modo
245 4355 302 4414 haec
315 4375 369 4414 nou
383 4353 530 4414 admodum
543 4352 743 4436 improbanda?
755 4356 898 4437 Oporteret
954 4350 1044 4422 ἐπειδὴ
1062 4354 1091 4410 οὐ
1102 4352 1134 4409 δι’
1152 4350 1290 4410 εθλάόειαν
1307 4350 1371 4410 αὐτὸ
1381 4353 1548 4431 πράττουσιν,

149 4465 214 4524 crgo
223 4443 298 4523 qued
308 4445 440 4526 opulentae
450 4443 624 4523 iaciuntquia
639 4445 771 4526 opulente
785 4459 857 4523 sunt,
869 4444 898 4504 id
955 4443 992 4522 pl,
1004 4442 1267 4523 δόξαικαταισχύνειν
1278 4443 1381 4511 laureis.
1395 4434 1463 4504 Εἶτα
1476 4444 1548 4512 αἰδὼς

185 4640 198 4677 b
216 4633 263 4686 Alit
275 4640 372 4700 σίλλοις,
385 4643 423 4690 καὶ
434 4642 544 4698 κωκυτούς
552 4645 642 4708 ἀγείραις
652 4643 776 4707 χαλεποὺς,
787 4646 824 4693 καὶ
835 4651 912 4712 χορόν.
963 4655 1011 4706 gna
1025 4634 1160 4701 cecidisse,
1176 4636 1207 4688 V
1205 4637 1246 4687 ide
1257 4640 1431 4706 mancipium,
1452 4655 1548 4705 respons

184 4735 196 4757 ο
214 4714 261 4767 Alii
274 4722 456 4785 ίνεπυρίσθησκν.
614 4771 617 4777 ,
965 4715 1131 4784 quoerebum5
1143 4716 1249 4781 seuque
1260 4714 1314 4764 leco
1326 4728 1407 4765 essent
1419 4734 1458 4765 m
1467 4718 1548 4782 ’patrie

185 4798 198 4826 ’ί
216 4799 329 4849 ἀκούσασα
345 4789 419 4852 dllau
437 4805 522 4858 γονή..
533 4799 627 4861 πολέμῳ
643 4805 762 4856 πεσόντος,
781 4797 817 4845 sic
829 4811 916 4845 omues
964 4793 1006 4844 ille
1018 4793 1149 4844 uictoriam
1163 4811 1236 4858 penes
1247 4793 1389 4859 Spartiatae
1401 4811 1463 4844 csse.
1477 4795 1548 4846 Nutu

152 4892 215 4943 pene
234 4875 293 4924 hlas-
306 4872 480 4942 [Πιριπισθντος
496 4869 573 4920 Sevil.
598 4873 641 4937 qui
658 4867 735 4931 tillus
755 4873 820 4922 inter
838 4888 917 4922 uncos
960 4872 1078 4940 filiorum
1096 4873 1188 4922 coeclem
1207 4890 1256 4921 uon
1276 4874 1354 4922 invita
1374 4874 1459 4924 audio.
1481 4872 1545 4923 Alius

152 4952 239 5016 hebet,
251 4967 298 5002 uec
313 4959 454 5018 agnoscunt
465 4944 549 4998 Codd.
562 4946 666 5017 uestri]
682 4949 742 5000 nee
754 4961 817 5015 puto
829 4949 914 5000 referri
963 4950 1005 5001 hic
1023 4962 1177 5001 memoratus
1188 4949 1331 5015 Xenophon
1348 4963 1395 5003 est.
1416 4954 1491 5002 Hane
1508 4967 1549 5017 pot

153 5030 187 5082 ud
206 5027 268 5081 illud
279 5022 466 5095 apophthegm
479 5026 592 5076 Lacenae
608 5023 719 5077 mulieris
730 5025 798 5092 apud
813 5026 914 5077 Pluter·
964 5029 1040 5081 τείσει
1050 5031 1123 5096 Diog.
1139 5029 1252 5079 Laertius
1263 5032 1289 5080 ie
1300 5030 1471 5096 Xenophonte
1483 5046 1548 5081 versu

154 5109 230 5160 chum
247 5124 277 5174 p.
295 5108 340 5158 tot
356 5103 426 5156 Edit.
440 5101 561 5168 Peris.,s.
572 5120 598 5168 p.
612 5105 669 5154 241.
689 5105 751 5168 Quae
770 5122 828 5156 cum
851 5104 914 5156 filios
963 5108 1108 5157 memoriter
1129 5106 1233 5174 loquens
1250 5105 1464 5176 chrysostomus,
1483 5123 1534 5159 rem

154 5186 264 5254 quinque
282 5182 317 5236 ad
336 5200 444 5252 pugnem
463 5179 601 5245 emisisset,
613 5194 639 5232 et
656 5183 682 5233 iu
693 5179 814 5236 suburbio
825 5202 914 5252 pugne
962 5198 1059 5236 narrat.

153 5265 247 5316 exitum
260 5273 425 5331 exspectaret,
439 5261 567 5314 nuntianti
584 5258 648 5312 filios
660 5278 717 5312 suos
729 5279 816 5315 omnes
828 5265 852 5316 in
866 5282 912 5329 ptt—
995 5265 1008 5304 ί
1027 5262 1072 5315 atii
1086 5272 1166 5334 τρίχας
1179 5269 1203 5318 αὖ
1217 5269 1310 5318 λύουσιν,
