<?xml version="1.0" encoding="UTF-8"?>
<!DOCTYPE html PUBLIC "-//W3C//DTD XHTML 1.0 Transitional//EN"
    "http://www.w3.org/TR/xhtml1/DTD/xhtml1-transitional.dtd">
<html xmlns="http://www.w3.org/1999/xhtml" xml:lang="en" lang="en">
 <head>
  <title>
</title>
<meta http-equiv="Content-Type" content="text/html;charset=utf-8" />
  <meta name='ocr-system' content='tesseract 3.04.00' />
  <meta name='ocr-capabilities' content='ocr_page ocr_carea ocr_par ocr_line ocrx_word'/>
</head>
<body>
  <div class='ocr_page' id='page_1' title='image "./sanctipatrisnos02chrygoog_0956.png"; bbox 0 0 3750 5940; ppageno 0'>
   <div class='ocr_carea' id='block_1_1' title="bbox 628 417 894 466">
    <p class='ocr_par' dir='ltr' id='par_1_1' title="bbox 628 417 894 466">
     <span class='ocr_line' id='line_1_1' title="bbox 628 417 894 466; baseline 0.015 -4"><span class='ocrx_word' id='word_1_1' title='bbox 628 419 659 463; x_wconf 82' lang='lat' dir='ltr'><strong>tu</strong></span> <span class='ocrx_word' id='word_1_2' title='bbox 688 417 813 465; x_wconf 75' lang='lat' dir='ltr'><strong>Pasctts</strong></span> <span class='ocrx_word' id='word_1_3' title='bbox 845 422 894 466; x_wconf 89' lang='grc' dir='ltr'><strong>ΙΙΙ.</strong></span> 
     </span>
    </p>
   </div>
   <div class='ocr_carea' id='block_1_2' title="bbox 56 541 747 1581">
    <p class='ocr_par' dir='ltr' id='par_1_2' title="bbox 56 541 747 1581">
     <span class='ocr_line' id='line_1_2' title="bbox 61 541 744 628; baseline -0.003 -19"><span class='ocrx_word' id='word_1_4' title='bbox 61 549 203 628; x_wconf 75' lang='grc' dir='ltr'>ἀλλογενὴς</span> <span class='ocrx_word' id='word_1_5' title='bbox 216 541 241 607; x_wconf 83' lang='grc' dir='ltr'>εἰ</span> <span class='ocrx_word' id='word_1_6' title='bbox 252 549 297 608; x_wconf 84' lang='grc' dir='ltr'><strong>καί</strong></span> <span class='ocrx_word' id='word_1_7' title='bbox 312 548 393 621; x_wconf 77' lang='grc' dir='ltr'>ξένος,</span> <span class='ocrx_word' id='word_1_8' title='bbox 417 549 537 628; x_wconf 80' lang='grc' dir='ltr'>ἀμίτοχοί</span> <span class='ocrx_word' id='word_1_9' title='bbox 554 571 594 608; x_wconf 89' lang='grc' dir='ltr'><strong>σοι</strong></span> <span class='ocrx_word' id='word_1_10' title='bbox 609 550 654 610; x_wconf 83' lang='grc' dir='ltr'><strong>καὶ</strong></span> <span class='ocrx_word' id='word_1_11' title='bbox 668 551 744 609; x_wconf 83' lang='grc' dir='ltr'>ἀκοι-</span> 
     </span>
     <span class='ocr_line' id='line_1_3' title="bbox 58 627 743 712; baseline 0.001 -25"><span class='ocrx_word' id='word_1_12' title='bbox 58 653 77 687; x_wconf 95' lang='grc' dir='ltr'><strong>α</strong></span> <span class='ocrx_word' id='word_1_13' title='bbox 86 630 151 712; x_wconf 86' lang='grc' dir='ltr'>πρὸς</span> <span class='ocrx_word' id='word_1_14' title='bbox 164 629 208 688; x_wconf 89' lang='grc' dir='ltr'><strong>τὸν</strong></span> <span class='ocrx_word' id='word_1_15' title='bbox 221 629 294 708; x_wconf 80' lang='grc' dir='ltr'>ἀγιον</span> <span class='ocrx_word' id='word_1_16' title='bbox 309 628 334 697; x_wconf 77' lang='grc' dir='ltr'><strong>ἐξ</strong></span> <span class='ocrx_word' id='word_1_17' title='bbox 350 631 468 708; x_wconf 20' lang='grc' dir='ltr'>οὐρανοῦ,</span> <span class='ocrx_word' id='word_1_18' title='bbox 478 627 597 707; x_wconf 89' lang='grc' dir='ltr'>παρόντα</span> <span class='ocrx_word' id='word_1_19' title='bbox 613 628 743 709; x_wconf 84' lang='grc' dir='ltr'>Χριστόν·</span> 
     </span>
     <span class='ocr_line' id='line_1_4' title="bbox 56 707 741 789; baseline -0.001 -22"><span class='ocrx_word' id='word_1_20' title='bbox 56 731 91 767; x_wconf 92' lang='grc' dir='ltr'><strong>ιον</strong></span> <span class='ocrx_word' id='word_1_21' title='bbox 107 708 160 789; x_wconf 78' lang='grc' dir='ltr'>γάρ</span> <span class='ocrx_word' id='word_1_22' title='bbox 174 708 294 786; x_wconf 80' lang='grc' dir='ltr'>γενέσθαι</span> <span class='ocrx_word' id='word_1_23' title='bbox 309 709 346 766; x_wconf 85' lang='grc' dir='ltr'><strong>δεῖ</strong></span> <span class='ocrx_word' id='word_1_24' title='bbox 359 709 403 766; x_wconf 91' lang='grc' dir='ltr'><strong>τὸν</strong></span> <span class='ocrx_word' id='word_1_25' title='bbox 419 711 456 786; x_wconf 79' lang='grc' dir='ltr'><strong>τῷ</strong></span> <span class='ocrx_word' id='word_1_26' title='bbox 477 707 589 788; x_wconf 77' lang='grc' dir='ltr'>οὐρανίῳ</span> <span class='ocrx_word' id='word_1_27' title='bbox 605 732 627 766; x_wconf 90' lang='grc' dir='ltr'>π</span> <span class='ocrx_word' id='word_1_28' title='bbox 644 709 741 766; x_wconf 84' lang='grc' dir='ltr'>οσελευ·</span> 
     </span>
     <span class='ocr_line' id='line_1_5' title="bbox 56 785 746 868; baseline -0.006 -21"><span class='ocrx_word' id='word_1_29' title='bbox 56 811 96 847; x_wconf 80' lang='grc' dir='ltr'><strong>ιν·</strong></span> <span class='ocrx_word' id='word_1_30' title='bbox 112 789 229 868; x_wconf 80' lang='grc' dir='ltr'>οὐράνιος</span> <span class='ocrx_word' id='word_1_31' title='bbox 246 787 273 847; x_wconf 79' lang='grc' dir='ltr'>δὲ</span> <span class='ocrx_word' id='word_1_32' title='bbox 287 788 370 854; x_wconf 83' lang='grc' dir='ltr'>οὐδεὶς</span> <span class='ocrx_word' id='word_1_33' title='bbox 384 785 414 844; x_wconf 79' lang='grc' dir='ltr'>ἃν</span> <span class='ocrx_word' id='word_1_34' title='bbox 450 786 547 858; x_wconf 88' lang='grc' dir='ltr'>ἑνοιτο,</span> <span class='ocrx_word' id='word_1_35' title='bbox 563 787 600 863; x_wconf 82' lang='grc' dir='ltr'><strong>μὴ</strong></span> <span class='ocrx_word' id='word_1_36' title='bbox 614 811 647 845; x_wconf 90' lang='grc' dir='ltr'><strong>τα</strong></span> <span class='ocrx_word' id='word_1_37' title='bbox 667 787 746 864; x_wconf 92' lang='grc' dir='ltr'>γήῖνα</span> 
     </span>
     <span class='ocr_line' id='line_1_6' title="bbox 57 810 747 947; baseline -0.004 -22"><span class='ocrx_word' id='word_1_38' title='bbox 57 867 108 926; x_wconf 68' lang='lat' dir='ltr'><strong>uin.</strong></span> <span class='ocrx_word' id='word_1_39' title='bbox 119 867 199 926; x_wconf 83' lang='grc' dir='ltr'>Οὐτω</span> <span class='ocrx_word' id='word_1_40' title='bbox 207 867 254 944; x_wconf 82' lang='grc' dir='ltr'>μὲν</span> <span class='ocrx_word' id='word_1_41' title='bbox 268 866 300 936; x_wconf 80' lang='grc' dir='ltr'>δὴ</span> <span class='ocrx_word' id='word_1_42' title='bbox 309 810 519 947; x_wconf 77' lang='grc' dir='ltr'>προαποθίμενος</span> <span class='ocrx_word' id='word_1_43' title='bbox 528 867 572 925; x_wconf 88' lang='grc' dir='ltr'><strong>τὸν</strong></span> <span class='ocrx_word' id='word_1_44' title='bbox 580 866 692 924; x_wconf 88' lang='grc' dir='ltr'>παλαιὸν</span> <span class='ocrx_word' id='word_1_45' title='bbox 704 865 747 923; x_wconf 77' lang='grc' dir='ltr'>ἀν·</span> 
     </span>
     <span class='ocr_line' id='line_1_7' title="bbox 57 944 746 1027; baseline -0.004 -24"><span class='ocrx_word' id='word_1_46' title='bbox 57 971 75 1003; x_wconf 81' lang='grc' dir='ltr'><strong>ιν</strong></span> <span class='ocrx_word' id='word_1_47' title='bbox 87 949 155 1023; x_wconf 81' lang='grc' dir='ltr'>ἐντῇ</span> <span class='ocrx_word' id='word_1_48' title='bbox 171 948 262 1027; x_wconf 79' lang='grc' dir='ltr'>χάριτι</span> <span class='ocrx_word' id='word_1_49' title='bbox 274 951 320 1003; x_wconf 86' lang='grc' dir='ltr'><strong>τοῦ</strong></span> <span class='ocrx_word' id='word_1_50' title='bbox 334 949 499 1023; x_wconf 76' lang='grc' dir='ltr'>βαπτισμοῦ,</span> <span class='ocrx_word' id='word_1_51' title='bbox 511 945 598 1024; x_wconf 86' lang='grc' dir='ltr'><strong>καίτῇ</strong></span> <span class='ocrx_word' id='word_1_52' title='bbox 613 944 746 1024; x_wconf 81' lang='grc' dir='ltr'>προθυμίιγ</span> 
     </span>
     <span class='ocr_line' id='line_1_8' title="bbox 57 1023 745 1106; baseline 0 -24"><span class='ocrx_word' id='word_1_53' title='bbox 57 1031 225 1103; x_wconf 87' lang='grc' dir='ltr'>νευματικῶν</span> <span class='ocrx_word' id='word_1_54' title='bbox 236 1025 367 1106; x_wconf 80' lang='grc' dir='ltr'>πράξεων,</span> <span class='ocrx_word' id='word_1_55' title='bbox 382 1025 551 1103; x_wconf 85' lang='grc' dir='ltr'>προσελεύσει</span> <span class='ocrx_word' id='word_1_56' title='bbox 574 1026 619 1083; x_wconf 82' lang='grc' dir='ltr'><strong>καί</strong></span> <span class='ocrx_word' id='word_1_57' title='bbox 645 1023 745 1102; x_wconf 76' lang='grc' dir='ltr'>μεθέξει</span> 
     </span>
     <span class='ocr_line' id='line_1_9' title="bbox 58 1103 745 1186; baseline -0.004 -22"><span class='ocrx_word' id='word_1_58' title='bbox 58 1113 96 1164; x_wconf 90' lang='grc' dir='ltr'>οῦ.</span> <span class='ocrx_word' id='word_1_59' title='bbox 110 1105 235 1186; x_wconf 88' lang='grc' dir='ltr'>Δεύτερον</span> <span class='ocrx_word' id='word_1_60' title='bbox 250 1103 278 1164; x_wconf 80' lang='grc' dir='ltr'><strong>δδ</strong></span> <span class='ocrx_word' id='word_1_61' title='bbox 295 1105 355 1163; x_wconf 86' lang='grc' dir='ltr'>ἰδεῖν</span> <span class='ocrx_word' id='word_1_62' title='bbox 367 1107 448 1176; x_wconf 90' lang='grc' dir='ltr'>ἐστιν,</span> <span class='ocrx_word' id='word_1_63' title='bbox 460 1103 545 1164; x_wconf 88' lang='grc' dir='ltr'>ὁποῖοί</span> <span class='ocrx_word' id='word_1_64' title='bbox 554 1128 621 1171; x_wconf 89' lang='grc' dir='ltr'>τινες</span> <span class='ocrx_word' id='word_1_65' title='bbox 639 1104 690 1162; x_wconf 88' lang='grc' dir='ltr'>ὐπὸ</span> <span class='ocrx_word' id='word_1_66' title='bbox 699 1109 745 1162; x_wconf 86' lang='grc' dir='ltr'><strong>τοῦ</strong></span> 
     </span>
     <span class='ocr_line' id='line_1_10' title="bbox 68 1182 745 1262; baseline 0 -21"><span class='ocrx_word' id='word_1_67' title='bbox 68 1185 226 1243; x_wconf 74' lang='grc' dir='ltr'><strong>1*τελλονται</strong></span> <span class='ocrx_word' id='word_1_68' title='bbox 245 1182 341 1250; x_wconf 77' lang='grc' dir='ltr'>πάντες</span> <span class='ocrx_word' id='word_1_69' title='bbox 355 1185 379 1242; x_wconf 80' lang='grc' dir='ltr'>οἱ</span> <span class='ocrx_word' id='word_1_70' title='bbox 397 1191 442 1244; x_wconf 89' lang='grc' dir='ltr'><strong>τοῦ</strong></span> <span class='ocrx_word' id='word_1_71' title='bbox 461 1185 554 1262; x_wconf 69' lang='grc' dir='ltr'>πάσχα</span> <span class='ocrx_word' id='word_1_72' title='bbox 570 1183 745 1262; x_wconf 76' lang='grc' dir='ltr'>μεταλαμύἀ-</span> 
     </span>
     <span class='ocr_line' id='line_1_11' title="bbox 67 1253 743 1344; baseline 0.001 -24"><span class='ocrx_word' id='word_1_73' title='bbox 67 1288 73 1298; x_wconf 91' lang='grc'>·</span> <span class='ocrx_word' id='word_1_74' title='bbox 87 1261 129 1320; x_wconf 83' lang='grc' dir='ltr'><strong>ἰνα</strong></span> <span class='ocrx_word' id='word_1_75' title='bbox 145 1263 191 1321; x_wconf 89' lang='grc' dir='ltr'><strong>καί</strong></span> <span class='ocrx_word' id='word_1_76' title='bbox 204 1262 306 1329; x_wconf 77' lang='grc' dir='ltr'>ὁποίους</span> <span class='ocrx_word' id='word_1_77' title='bbox 320 1269 391 1339; x_wconf 79' lang='grc' dir='ltr'>ἡμᾶς</span> <span class='ocrx_word' id='word_1_78' title='bbox 402 1253 468 1322; x_wconf 83' lang='grc' dir='ltr'>εἰναι</span> <span class='ocrx_word' id='word_1_79' title='bbox 483 1266 521 1322; x_wconf 86' lang='grc' dir='ltr'><strong>δεῖ</strong></span> <span class='ocrx_word' id='word_1_80' title='bbox 532 1264 646 1344; x_wconf 79' lang='grc' dir='ltr'>Χριστοῦ</span> <span class='ocrx_word' id='word_1_81' title='bbox 657 1286 743 1339; x_wconf 91' lang='grc' dir='ltr'>μετα-</span> 
     </span>
     <span class='ocr_line' id='line_1_12' title="bbox 58 1341 743 1423; baseline 0 -23"><span class='ocrx_word' id='word_1_82' title='bbox 58 1343 320 1421; x_wconf 83' lang='grc' dir='ltr'>ίνονταςέπιγνῶμεν.</span> <span class='ocrx_word' id='word_1_83' title='bbox 333 1341 425 1417; x_wconf 56' lang='lat' dir='ltr'><strong>utcu,</strong></span> <span class='ocrx_word' id='word_1_84' title='bbox 441 1342 521 1423; x_wconf 77' lang='grc' dir='ltr'>ρησί,</span> <span class='ocrx_word' id='word_1_85' title='bbox 540 1343 653 1423; x_wconf 82' lang='grc' dir='ltr'>ράγεσθε</span> <span class='ocrx_word' id='word_1_86' title='bbox 668 1341 743 1400; x_wconf 88' lang='grc' dir='ltr'>αὐτό·</span> 
     </span>
     <span class='ocr_line' id='line_1_13' title="bbox 58 1420 743 1502; baseline 0.004 -24"><span class='ocrx_word' id='word_1_87' title='bbox 58 1420 109 1500; x_wconf 77' lang='grc' dir='ltr'>ρύες</span> <span class='ocrx_word' id='word_1_88' title='bbox 121 1425 194 1498; x_wconf 81' lang='grc' dir='ltr'>ὑμῶν</span> <span class='ocrx_word' id='word_1_89' title='bbox 207 1421 430 1502; x_wconf 81' lang='grc' dir='ltr'>περιεζωσμέναι,</span> <span class='ocrx_word' id='word_1_90' title='bbox 446 1421 491 1482; x_wconf 80' lang='grc' dir='ltr'><strong>καὶ</strong></span> <span class='ocrx_word' id='word_1_91' title='bbox 500 1420 533 1480; x_wconf 90' lang='grc' dir='ltr'><strong>τὸι</strong></span> <span class='ocrx_word' id='word_1_92' title='bbox 547 1421 705 1498; x_wconf 87' lang='grc' dir='ltr'>ὐποδήματα</span> <span class='ocrx_word' id='word_1_93' title='bbox 716 1425 743 1481; x_wconf 89' lang='grc' dir='ltr'>ἐν</span> 
     </span>
     <span class='ocr_line' id='line_1_14' title="bbox 58 1500 741 1581; baseline -0.001 -22"><span class='ocrx_word' id='word_1_94' title='bbox 58 1500 114 1559; x_wconf 83' lang='grc' dir='ltr'>οσὶν</span> <span class='ocrx_word' id='word_1_95' title='bbox 136 1506 218 1576; x_wconf 83' lang='grc' dir='ltr'>ὑμῶν,</span> <span class='ocrx_word' id='word_1_96' title='bbox 242 1500 288 1559; x_wconf 83' lang='grc' dir='ltr'><strong>καί</strong></span> <span class='ocrx_word' id='word_1_97' title='bbox 310 1504 337 1558; x_wconf 90' lang='grc' dir='ltr'><strong>αί</strong></span> <span class='ocrx_word' id='word_1_98' title='bbox 360 1500 502 1579; x_wconf 74' lang='grc' dir='ltr'>βακτηρίαι</span> <span class='ocrx_word' id='word_1_99' title='bbox 526 1504 552 1560; x_wconf 90' lang='grc' dir='ltr'>ἐν</span> <span class='ocrx_word' id='word_1_100' title='bbox 569 1510 627 1568; x_wconf 87' lang='grc' dir='ltr'>ταῖς</span> <span class='ocrx_word' id='word_1_101' title='bbox 662 1500 741 1581; x_wconf 47' lang='lat' dir='ltr'><strong>vepobt</strong></span> 
     </span>
    </p>
   </div>
   <div class='ocr_carea' id='block_1_3' title="bbox 1465 405 1536 499">
    <p class='ocr_par' dir='ltr' id='par_1_3' title="bbox 1465 405 1536 499">
     <span class='ocr_line' id='line_1_15' title="bbox 1465 405 1536 499; baseline -0.085 0"><span class='ocrx_word' id='word_1_102' title='bbox 1465 405 1536 499; x_wconf 62' lang='lat' dir='ltr'><strong>ult</strong></span> 
     </span>
    </p>
   </div>
   <div class='ocr_carea' id='block_1_4' title="bbox 794 551 1681 1581">
    <p class='ocr_par' dir='ltr' id='par_1_4' title="bbox 794 551 1681 1581">
     <span class='ocr_line' id='line_1_16' title="bbox 798 551 1537 632; baseline 0.009 -24"><span class='ocrx_word' id='word_1_103' title='bbox 798 554 887 609; x_wconf 79' lang='lat' dir='ltr'><strong>ctat&#39;n</strong></span> <span class='ocrx_word' id='word_1_104' title='bbox 896 573 946 611; x_wconf 74' lang='lat' dir='ltr'><strong>eus</strong></span> <span class='ocrx_word' id='word_1_105' title='bbox 966 551 1106 609; x_wconf 86' lang='lat' dir='ltr'><strong>oliatione</strong></span> <span class='ocrx_word' id='word_1_106' title='bbox 1113 557 1239 632; x_wconf 84' lang='lat' dir='ltr'><strong>corporis</strong></span> <span class='ocrx_word' id='word_1_107' title='bbox 1252 558 1360 624; x_wconf 72' lang='lat' dir='ltr'><strong>carreis,</strong></span> <span class='ocrx_word' id='word_1_108' title='bbox 1374 559 1406 611; x_wconf 85' lang='grc' dir='ltr'><strong>ιἰι</strong></span> <span class='ocrx_word' id='word_1_109' title='bbox 1415 560 1537 615; x_wconf 87' lang='lat' dir='ltr'><strong>eircum-</strong></span> 
     </span>
     <span class='ocr_line' id='line_1_17' title="bbox 797 632 1534 712; baseline 0.005 -22"><span class='ocrx_word' id='word_1_110' title='bbox 797 633 907 690; x_wconf 78' lang='lat' dir='ltr'><strong><em>cisione</em></strong></span> <span class='ocrx_word' id='word_1_111' title='bbox 952 633 1058 705; x_wconf 77' lang='lat' dir='ltr'><strong>bristi,</strong></span> <span class='ocrx_word' id='word_1_112' title='bbox 1085 632 1245 710; x_wconf 75' lang='lat' dir='ltr'><strong><em>consepulti</em></strong></span> <span class='ocrx_word' id='word_1_113' title='bbox 1269 636 1296 689; x_wconf 83' lang='lat' dir='ltr'><strong>ei</strong></span> <span class='ocrx_word' id='word_1_114' title='bbox 1322 636 1354 689; x_wconf 87' lang='lat' dir='ltr'><strong>in</strong></span> <span class='ocrx_word' id='word_1_115' title='bbox 1381 635 1534 712; x_wconf 86' lang='lat' dir='ltr'><strong>baptismo.</strong></span> 
     </span>
     <span class='ocr_line' id='line_1_18' title="bbox 798 707 1534 791; baseline 0.011 -26"><span class='ocrx_word' id='word_1_116' title='bbox 798 707 937 778; x_wconf 86' lang='lat' dir='ltr'><strong>Quamdiu</strong></span> <span class='ocrx_word' id='word_1_117' title='bbox 957 729 1021 787; x_wconf 80' lang='lat' dir='ltr'><strong>ergo</strong></span> <span class='ocrx_word' id='word_1_118' title='bbox 1047 730 1099 768; x_wconf 92' lang='lat' dir='ltr'><strong>non</strong></span> <span class='ocrx_word' id='word_1_119' title='bbox 1121 708 1234 790; x_wconf 87' lang='lat' dir='ltr'><strong>deponis</strong></span> <span class='ocrx_word' id='word_1_120' title='bbox 1255 712 1388 769; x_wconf 80' lang='lat' dir='ltr'><strong>carnalem</strong></span> <span class='ocrx_word' id='word_1_121' title='bbox 1409 734 1534 791; x_wconf 90' lang='lat' dir='ltr'><strong>morem,</strong></span> 
     </span>
     <span class='ocr_line' id='line_1_19' title="bbox 797 786 1538 881; baseline 0.011 -37"><span class='ocrx_word' id='word_1_122' title='bbox 797 786 945 867; x_wconf 81' lang='lat' dir='ltr'><strong>alienigena</strong></span> <span class='ocrx_word' id='word_1_123' title='bbox 954 789 1188 878; x_wconf 71' lang='lat' dir='ltr'><strong>esetperegrinus,</strong></span> <span class='ocrx_word' id='word_1_124' title='bbox 1196 810 1243 848; x_wconf 93' lang='lat' dir='ltr'><strong>nec</strong></span> <span class='ocrx_word' id='word_1_125' title='bbox 1251 810 1358 849; x_wconf 89' lang='lat' dir='ltr'><strong>consors</strong></span> <span class='ocrx_word' id='word_1_126' title='bbox 1368 792 1538 881; x_wconf 86' lang='lat' dir='ltr'><strong>particepsve</strong></span> 
     </span>
     <span class='ocr_line' id='line_1_20' title="bbox 798 866 1538 946; baseline 0.008 -21"><span class='ocrx_word' id='word_1_127' title='bbox 798 866 944 926; x_wconf 79' lang='lat' dir='ltr'><strong>essedebes</strong></span> <span class='ocrx_word' id='word_1_128' title='bbox 956 867 1040 926; x_wconf 87' lang='lat' dir='ltr'><strong>sancti</strong></span> <span class='ocrx_word' id='word_1_129' title='bbox 1050 889 1098 946; x_wconf 88' lang='lat' dir='ltr'><strong>qur</strong></span> <span class='ocrx_word' id='word_1_130' title='bbox 1108 867 1142 926; x_wconf 90' lang='lat' dir='ltr'><strong>de</strong></span> <span class='ocrx_word' id='word_1_131' title='bbox 1157 868 1222 927; x_wconf 81' lang='lat' dir='ltr'><strong>caelo</strong></span> <span class='ocrx_word' id='word_1_132' title='bbox 1235 866 1309 926; x_wconf 91' lang='lat' dir='ltr'><strong>adest</strong></span> <span class='ocrx_word' id='word_1_133' title='bbox 1317 870 1419 929; x_wconf 81' lang='lat' dir='ltr'><strong>Chnsti</strong></span> <span class='ocrx_word' id='word_1_134' title='bbox 1435 896 1440 927; x_wconf 96' lang='lat'><strong>:</strong></span> <span class='ocrx_word' id='word_1_135' title='bbox 1457 874 1538 931; x_wconf 69' lang='lat' dir='ltr'><strong>ccele-</strong></span> 
     </span>
     <span class='ocr_line' id='line_1_21' title="bbox 796 947 1539 1028; baseline 0.011 -26"><span class='ocrx_word' id='word_1_136' title='bbox 796 958 864 1004; x_wconf 89' lang='lat' dir='ltr'><strong>stem</strong></span> <span class='ocrx_word' id='word_1_137' title='bbox 875 947 946 1006; x_wconf 90' lang='lat' dir='ltr'><strong>enim</strong></span> <span class='ocrx_word' id='word_1_138' title='bbox 959 960 1063 1028; x_wconf 80' lang='lat' dir='ltr'><strong>oportet</strong></span> <span class='ocrx_word' id='word_1_139' title='bbox 1073 968 1135 1005; x_wconf 90' lang='lat' dir='ltr'><strong>eum</strong></span> <span class='ocrx_word' id='word_1_140' title='bbox 1143 969 1199 1006; x_wconf 89' lang='lat' dir='ltr'><strong>esse</strong></span> <span class='ocrx_word' id='word_1_141' title='bbox 1213 947 1261 1026; x_wconf 87' lang='lat' dir='ltr'><strong>qui</strong></span> <span class='ocrx_word' id='word_1_142' title='bbox 1274 947 1310 1006; x_wconf 90' lang='lat' dir='ltr'><strong>ad</strong></span> <span class='ocrx_word' id='word_1_143' title='bbox 1325 949 1456 1008; x_wconf 67' lang='lat' dir='ltr'><strong>caelestem</strong></span> <span class='ocrx_word' id='word_1_144' title='bbox 1465 973 1539 1010; x_wconf 85' lang='lat' dir='ltr'><strong>acoe-</strong></span> 
     </span>
     <span class='ocr_line' id='line_1_22' title="bbox 797 1023 1539 1106; baseline 0.011 -24"><span class='ocrx_word' id='word_1_145' title='bbox 797 1023 856 1083; x_wconf 89' lang='lat' dir='ltr'><strong>dit:</strong></span> <span class='ocrx_word' id='word_1_146' title='bbox 870 1026 982 1087; x_wconf 75' lang='lat' dir='ltr'><strong>caelestis</strong></span> <span class='ocrx_word' id='word_1_147' title='bbox 998 1040 1088 1085; x_wconf 85' lang='lat' dir='ltr'><strong>autern</strong></span> <span class='ocrx_word' id='word_1_148' title='bbox 1111 1048 1167 1087; x_wconf 85' lang='lat' dir='ltr'><strong>esse</strong></span> <span class='ocrx_word' id='word_1_149' title='bbox 1181 1048 1234 1086; x_wconf 91' lang='lat' dir='ltr'><strong>non</strong></span> <span class='ocrx_word' id='word_1_150' title='bbox 1251 1039 1355 1106; x_wconf 86' lang='lat' dir='ltr'><strong>potest,</strong></span> <span class='ocrx_word' id='word_1_151' title='bbox 1370 1028 1416 1104; x_wconf 90' lang='lat' dir='ltr'><strong>qui</strong></span> <span class='ocrx_word' id='word_1_152' title='bbox 1435 1042 1539 1089; x_wconf 85' lang='lat' dir='ltr'><strong>terrena</strong></span> 
     </span>
     <span class='ocr_line' id='line_1_23' title="bbox 797 1105 1538 1185; baseline 0.009 -24"><span class='ocrx_word' id='word_1_153' title='bbox 797 1125 849 1162; x_wconf 90' lang='lat' dir='ltr'><strong>non</strong></span> <span class='ocrx_word' id='word_1_154' title='bbox 863 1107 958 1164; x_wconf 79' lang='lat' dir='ltr'><strong>aufert.</strong></span> <span class='ocrx_word' id='word_1_155' title='bbox 974 1105 1019 1164; x_wconf 80' lang='lat' dir='ltr'><strong>s&#39;ie</strong></span> <span class='ocrx_word' id='word_1_156' title='bbox 1039 1105 1124 1185; x_wconf 81' lang='lat' dir='ltr'><strong>igitur</strong></span> <span class='ocrx_word' id='word_1_157' title='bbox 1138 1105 1172 1164; x_wconf 86' lang='lat' dir='ltr'><strong>de</strong></span> <span class='ocrx_word' id='word_1_158' title='bbox 1191 1107 1259 1165; x_wconf 89' lang='lat' dir='ltr'><strong>osito</strong></span> <span class='ocrx_word' id='word_1_159' title='bbox 1280 1106 1364 1165; x_wconf 82' lang='lat' dir='ltr'><strong>veteri</strong></span> <span class='ocrx_word' id='word_1_160' title='bbox 1384 1107 1492 1168; x_wconf 88' lang='lat' dir='ltr'><strong>homine</strong></span> <span class='ocrx_word' id='word_1_161' title='bbox 1511 1110 1538 1168; x_wconf 89' lang='lat' dir='ltr'><strong>in</strong></span> 
     </span>
     <span class='ocr_line' id='line_1_24' title="bbox 796 1129 1539 1268; baseline 0.009 -28"><span class='ocrx_word' id='word_1_162' title='bbox 796 1184 883 1260; x_wconf 78' lang='lat' dir='ltr'><strong>gratia</strong></span> <span class='ocrx_word' id='word_1_163' title='bbox 905 1184 1047 1265; x_wconf 77' lang='lat' dir='ltr'>baptismi,</span> <span class='ocrx_word' id='word_1_164' title='bbox 1064 1206 1100 1244; x_wconf 82' lang='lat' dir='ltr'><strong>ex</strong></span> <span class='ocrx_word' id='word_1_165' title='bbox 1118 1129 1210 1244; x_wconf 84' lang='lat' dir='ltr'><strong>studio</strong></span> <span class='ocrx_word' id='word_1_166' title='bbox 1229 1185 1412 1265; x_wconf 79' lang='lat' dir='ltr'><strong>spiritualium</strong></span> <span class='ocrx_word' id='word_1_167' title='bbox 1427 1209 1539 1268; x_wconf 83' lang='lat' dir='ltr'><strong>operum</strong></span> 
     </span>
     <span class='ocr_line' id='line_1_25' title="bbox 795 1262 1557 1345; baseline 0.004 -26"><span class='ocrx_word' id='word_1_168' title='bbox 795 1262 904 1322; x_wconf 80' lang='lat' dir='ltr'><strong>accedes</strong></span> <span class='ocrx_word' id='word_1_169' title='bbox 923 1279 949 1324; x_wconf 88' lang='lat' dir='ltr'><strong>et</strong></span> <span class='ocrx_word' id='word_1_170' title='bbox 963 1263 1064 1323; x_wconf 86' lang='lat' dir='ltr'><strong>Christi</strong></span> <span class='ocrx_word' id='word_1_171' title='bbox 1077 1264 1211 1345; x_wconf 81' lang='lat' dir='ltr'><strong>particeps</strong></span> <span class='ocrx_word' id='word_1_172' title='bbox 1224 1265 1284 1323; x_wconf 90' lang='lat' dir='ltr'><strong>eris.</strong></span> <span class='ocrx_word' id='word_1_173' title='bbox 1301 1265 1426 1325; x_wconf 85' lang='lat' dir='ltr'><strong>Secundo</strong></span> <span class='ocrx_word' id='word_1_174' title='bbox 1444 1267 1538 1326; x_wconf 90' lang='lat' dir='ltr'><strong>viden·</strong></span> <span class='ocrx_word' id='word_1_175' title='bbox 1554 1316 1557 1322; x_wconf 94' lang='lat'>.</span> 
     </span>
     <span class='ocr_line' id='line_1_26' title="bbox 795 1340 1538 1423; baseline 0.008 -24"><span class='ocrx_word' id='word_1_176' title='bbox 795 1340 862 1400; x_wconf 91' lang='lat' dir='ltr'><strong>dum</strong></span> <span class='ocrx_word' id='word_1_177' title='bbox 876 1356 926 1420; x_wconf 89' lang='lat' dir='ltr'><strong>est,</strong></span> <span class='ocrx_word' id='word_1_178' title='bbox 942 1343 1033 1423; x_wconf 86' lang='lat' dir='ltr'><strong>quales</strong></span> <span class='ocrx_word' id='word_1_179' title='bbox 1053 1343 1200 1403; x_wconf 87' lang='lat' dir='ltr'><strong>secundnm</strong></span> <span class='ocrx_word' id='word_1_180' title='bbox 1213 1344 1299 1421; x_wconf 76' lang='lat' dir='ltr'><strong>legem</strong></span> <span class='ocrx_word' id='word_1_181' title='bbox 1315 1344 1410 1423; x_wconf 88' lang='lat' dir='ltr'><strong>sintii,</strong></span> <span class='ocrx_word' id='word_1_182' title='bbox 1426 1347 1472 1423; x_wconf 93' lang='lat' dir='ltr'><strong>qui</strong></span> <span class='ocrx_word' id='word_1_183' title='bbox 1488 1348 1538 1405; x_wconf 88' lang='lat' dir='ltr'><strong>Pa-</strong></span> 
     </span>
     <span class='ocr_line' id='line_1_27' title="bbox 794 1419 1540 1501; baseline 0.009 -23"><span class='ocrx_word' id='word_1_184' title='bbox 794 1419 859 1479; x_wconf 89' lang='lat' dir='ltr'><strong>scha</strong></span> <span class='ocrx_word' id='word_1_185' title='bbox 879 1435 1010 1497; x_wconf 71' lang='lat' dir='ltr'><strong>sumunt,</strong></span> <span class='ocrx_word' id='word_1_186' title='bbox 1036 1436 1065 1481; x_wconf 90' lang='lat' dir='ltr'><strong>ut</strong></span> <span class='ocrx_word' id='word_1_187' title='bbox 1083 1443 1271 1501; x_wconf 79' lang='lat' dir='ltr'><strong>cognoscamus</strong></span> <span class='ocrx_word' id='word_1_188' title='bbox 1290 1424 1382 1501; x_wconf 88' lang='lat' dir='ltr'><strong>quales</strong></span> <span class='ocrx_word' id='word_1_189' title='bbox 1414 1446 1461 1485; x_wconf 89' lang='lat' dir='ltr'><strong>nos</strong></span> <span class='ocrx_word' id='word_1_190' title='bbox 1484 1447 1540 1486; x_wconf 86' lang='lat' dir='ltr'><strong>esse</strong></span> 
     </span>
     <span class='ocr_line' id='line_1_28' title="bbox 794 1501 1681 1581; baseline 0.01 -23"><span class='ocrx_word' id='word_1_191' title='bbox 794 1513 929 1580; x_wconf 85' lang='lat' dir='ltr'><strong>oporteat,</strong></span> <span class='ocrx_word' id='word_1_192' title='bbox 943 1501 991 1580; x_wconf 90' lang='lat' dir='ltr'><strong>qni</strong></span> <span class='ocrx_word' id='word_1_193' title='bbox 1011 1501 1112 1560; x_wconf 82' lang='lat' dir='ltr'><strong>Christi</strong></span> <span class='ocrx_word' id='word_1_194' title='bbox 1127 1501 1270 1581; x_wconf 86' lang='lat' dir='ltr'><strong>participes</strong></span> <span class='ocrx_word' id='word_1_195' title='bbox 1293 1524 1395 1560; x_wconf 90' lang='lat' dir='ltr'><strong>sumus.</strong></span> <span class='ocrx_word' id='word_1_196' title='bbox 1413 1504 1476 1576; x_wconf 87' lang='lat' dir='ltr'><strong>Sic,</strong></span> <span class='ocrx_word' id='word_1_197' title='bbox 1496 1506 1627 1569; x_wconf 68' lang='lat' dir='ltr'><strong>in-nseu.</strong></span> <span class='ocrx_word' id='word_1_198' title='bbox 1645 1536 1681 1568; x_wconf 79' lang='grc' dir='ltr'><strong>ιι.</strong></span> 
     </span>
    </p>
   </div>
   <div class='ocr_carea' id='block_1_5' title="bbox 73 1579 1588 1659">
    <p class='ocr_par' dir='ltr' id='par_1_5' title="bbox 73 1579 1588 1659">
     <span class='ocr_line' id='line_1_29' title="bbox 73 1579 1588 1659; baseline 0.004 -22"><span class='ocrx_word' id='word_1_199' title='bbox 73 1579 257 1659; x_wconf 88' lang='grc' dir='ltr'>Ὁδοιπορικὸν</span> <span class='ocrx_word' id='word_1_200' title='bbox 273 1581 304 1640; x_wconf 86' lang='grc' dir='ltr'><strong>τὸ</strong></span> <span class='ocrx_word' id='word_1_201' title='bbox 322 1586 417 1658; x_wconf 82' lang='grc' dir='ltr'>σχῆμα</span> <span class='ocrx_word' id='word_1_202' title='bbox 432 1582 543 1651; x_wconf 82' lang='grc' dir='ltr'>εὐσταλῆ</span> <span class='ocrx_word' id='word_1_203' title='bbox 566 1579 611 1637; x_wconf 85' lang='grc' dir='ltr'><strong>καὶ</strong></span> <span class='ocrx_word' id='word_1_204' title='bbox 632 1582 741 1646; x_wconf 84' lang='grc' dir='ltr'>ευζωνον</span> <span class='ocrx_word' id='word_1_205' title='bbox 757 1597 775 1644; x_wconf 86' lang='lat' dir='ltr'><strong>c</strong></span> <span class='ocrx_word' id='word_1_206' title='bbox 793 1580 868 1657; x_wconf 92' lang='lat' dir='ltr'><strong>quit,</strong></span> <span class='ocrx_word' id='word_1_207' title='bbox 891 1581 1044 1639; x_wconf 83' lang='lat' dir='ltr'><strong>comedetis</strong></span> <span class='ocrx_word' id='word_1_208' title='bbox 1065 1582 1162 1639; x_wconf 84' lang='lat' dir='ltr'><strong>illud:</strong></span> <span class='ocrx_word' id='word_1_209' title='bbox 1186 1583 1278 1640; x_wconf 84' lang='lat' dir='ltr'><strong>lumbi</strong></span> <span class='ocrx_word' id='word_1_210' title='bbox 1298 1586 1389 1641; x_wconf 87' lang='lat' dir='ltr'><strong>uestri</strong></span> <span class='ocrx_word' id='word_1_211' title='bbox 1413 1589 1539 1644; x_wconf 83' lang='lat' dir='ltr'><strong>accincti</strong></span> <span class='ocrx_word' id='word_1_212' title='bbox 1553 1599 1588 1630; x_wconf 76' lang='lat' dir='ltr'><strong>rr.</strong></span> 
     </span>
    </p>
   </div>
   <div class='ocr_carea' id='block_1_6' title="bbox 58 1659 745 2765">
    <p class='ocr_par' dir='ltr' id='par_1_6' title="bbox 58 1659 745 2765">
     <span class='ocr_line' id='line_1_30' title="bbox 58 1659 742 1761; baseline 0.003 -45"><span class='ocrx_word' id='word_1_213' title='bbox 58 1659 136 1717; x_wconf 78' lang='grc' dir='ltr'>Ϊκνυοι</span> <span class='ocrx_word' id='word_1_214' title='bbox 149 1660 194 1718; x_wconf 83' lang='grc' dir='ltr'><strong>καί</strong></span> <span class='ocrx_word' id='word_1_215' title='bbox 207 1659 311 1761; x_wconf 83' lang='grc' dir='ltr'>ἑτοιμον</span> <span class='ocrx_word' id='word_1_216' title='bbox 327 1659 430 1738; x_wconf 59' lang='grc' dir='ltr'>τρέχειν</span> <span class='ocrx_word' id='word_1_217' title='bbox 445 1663 480 1726; x_wconf 88' lang='grc' dir='ltr'>εἰς</span> <span class='ocrx_word' id='word_1_218' title='bbox 491 1659 650 1738; x_wconf 79' lang='grc' dir='ltr'>ἐπαγγελίαν</span> <span class='ocrx_word' id='word_1_219' title='bbox 660 1663 742 1731; x_wconf 82' lang='grc' dir='ltr'>Θεοῦ,</span> 
     </span>
     <span class='ocr_line' id='line_1_31' title="bbox 59 1738 744 1819; baseline 0.001 -24"><span class='ocrx_word' id='word_1_220' title='bbox 59 1775 60 1786; x_wconf 48' lang='grc' dir='ltr'>ι</span> <span class='ocrx_word' id='word_1_221' title='bbox 77 1743 91 1795; x_wconf 94' lang='grc' dir='ltr'>ὁ</span> <span class='ocrx_word' id='word_1_222' title='bbox 110 1738 220 1819; x_wconf 81' lang='grc' dir='ltr'>Ἰσραήλ</span> <span class='ocrx_word' id='word_1_223' title='bbox 238 1762 298 1799; x_wconf 87' lang='grc' dir='ltr'>τοτε</span> <span class='ocrx_word' id='word_1_224' title='bbox 312 1740 375 1819; x_wconf 93' lang='grc' dir='ltr'>πρὸς</span> <span class='ocrx_word' id='word_1_225' title='bbox 390 1739 439 1810; x_wconf 80' lang='grc' dir='ltr'><strong>τήν</strong></span> <span class='ocrx_word' id='word_1_226' title='bbox 453 1739 612 1815; x_wconf 80' lang='grc' dir='ltr'>ἐπαγγελίαν</span> <span class='ocrx_word' id='word_1_227' title='bbox 628 1743 674 1809; x_wconf 80' lang='grc' dir='ltr'><strong>τῆς</strong></span> <span class='ocrx_word' id='word_1_228' title='bbox 695 1743 744 1816; x_wconf 80' lang='grc' dir='ltr'>γῆς</span> 
     </span>
     <span class='ocr_line' id='line_1_32' title="bbox 59 1816 743 1894; baseline 0.001 -21"><span class='ocrx_word' id='word_1_229' title='bbox 59 1821 127 1887; x_wconf 78' lang='grc' dir='ltr'><strong>αθῆς</strong></span> <span class='ocrx_word' id='word_1_230' title='bbox 141 1816 228 1890; x_wconf 79' lang='grc' dir='ltr'>ὁδίτης</span> <span class='ocrx_word' id='word_1_231' title='bbox 242 1816 386 1877; x_wconf 81' lang='grc' dir='ltr'>ἰστὲλλετο.</span> <span class='ocrx_word' id='word_1_232' title='bbox 400 1819 502 1878; x_wconf 82' lang='grc' dir='ltr'>Σκόπει</span> <span class='ocrx_word' id='word_1_233' title='bbox 514 1817 542 1876; x_wconf 89' lang='grc' dir='ltr'>δὲ</span> <span class='ocrx_word' id='word_1_234' title='bbox 554 1840 599 1894; x_wconf 81' lang='grc' dir='ltr'><strong>μοι</strong></span> <span class='ocrx_word' id='word_1_235' title='bbox 610 1818 654 1876; x_wconf 90' lang='grc' dir='ltr'><strong>τὸν</strong></span> <span class='ocrx_word' id='word_1_236' title='bbox 666 1840 743 1876; x_wconf 90' lang='grc' dir='ltr'>πνευ-</span> 
     </span>
     <span class='ocr_line' id='line_1_33' title="bbox 59 1896 743 1976; baseline -0.001 -21"><span class='ocrx_word' id='word_1_237' title='bbox 59 1899 82 1955; x_wconf 78' lang='lat' dir='ltr'><strong>br</strong></span> <span class='ocrx_word' id='word_1_238' title='bbox 97 1896 241 1974; x_wconf 81' lang='grc' dir='ltr'>ὁδοιπόρον,</span> <span class='ocrx_word' id='word_1_239' title='bbox 251 1900 314 1975; x_wconf 85' lang='grc' dir='ltr'>παρ’</span> <span class='ocrx_word' id='word_1_240' title='bbox 332 1899 428 1955; x_wconf 83' lang='grc' dir='ltr'>ίιιεῖνον</span> <span class='ocrx_word' id='word_1_241' title='bbox 442 1896 506 1969; x_wconf 88' lang='grc' dir='ltr'>ὁοην</span> <span class='ocrx_word' id='word_1_242' title='bbox 518 1897 574 1975; x_wconf 77' lang='grc' dir='ltr'>ἔχει</span> <span class='ocrx_word' id='word_1_243' title='bbox 589 1896 635 1968; x_wconf 75' lang='grc' dir='ltr'><strong>τήν</strong></span> <span class='ocrx_word' id='word_1_244' title='bbox 650 1902 743 1976; x_wconf 82' lang='grc' dir='ltr'>ὕπερο-</span> 
     </span>
     <span class='ocr_line' id='line_1_34' title="bbox 59 1975 743 2055; baseline 0 -21"><span class='ocrx_word' id='word_1_245' title='bbox 59 1979 95 2035; x_wconf 86' lang='grc' dir='ltr'><strong>ιύκ</strong></span> <span class='ocrx_word' id='word_1_246' title='bbox 118 1975 161 2034; x_wconf 77' lang='grc' dir='ltr'>ἐπὶ</span> <span class='ocrx_word' id='word_1_247' title='bbox 180 1980 228 2047; x_wconf 81' lang='grc' dir='ltr'><strong>τήν</strong></span> <span class='ocrx_word' id='word_1_248' title='bbox 244 1977 317 2035; x_wconf 87' lang='grc' dir='ltr'><strong>κάτω</strong></span> <span class='ocrx_word' id='word_1_249' title='bbox 331 1975 449 2035; x_wconf 87' lang='grc' dir='ltr'>σπεύδων</span> <span class='ocrx_word' id='word_1_250' title='bbox 463 1982 511 2055; x_wconf 78' lang='grc' dir='ltr'>γῆς</span> <span class='ocrx_word' id='word_1_251' title='bbox 532 1975 743 2055; x_wconf 85' lang='grc' dir='ltr'>ἐπαγγελίαν,οὐ</span> 
     </span>
     <span class='ocr_line' id='line_1_35' title="bbox 59 2053 744 2134; baseline 0 -22"><span class='ocrx_word' id='word_1_252' title='bbox 59 2053 165 2134; x_wconf 81' lang='grc' dir='ltr'>ίσκαιρα</span> <span class='ocrx_word' id='word_1_253' title='bbox 180 2054 349 2132; x_wconf 84' lang='grc' dir='ltr'>μεταδιώκων</span> <span class='ocrx_word' id='word_1_254' title='bbox 365 2055 451 2127; x_wconf 84' lang='grc' dir='ltr'>καλά,</span> <span class='ocrx_word' id='word_1_255' title='bbox 464 2080 492 2114; x_wconf 91' lang='grc' dir='ltr'><strong>ου</strong></span> <span class='ocrx_word' id='word_1_256' title='bbox 506 2081 555 2134; x_wconf 90' lang='grc' dir='ltr'><strong>γην</strong></span> <span class='ocrx_word' id='word_1_257' title='bbox 567 2079 625 2113; x_wconf 88' lang='grc' dir='ltr'>αντι</span> <span class='ocrx_word' id='word_1_258' title='bbox 656 2061 688 2126; x_wconf 62' lang='grc' dir='ltr'><strong>Ῑς</strong></span> <span class='ocrx_word' id='word_1_259' title='bbox 699 2055 744 2113; x_wconf 87' lang='grc' dir='ltr'><strong>ἀλ-</strong></span> 
     </span>
     <span class='ocr_line' id='line_1_36' title="bbox 59 2080 744 2213; baseline 0 -22"><span class='ocrx_word' id='word_1_260' title='bbox 59 2157 142 2205; x_wconf 89' lang='grc' dir='ltr'>ιενος,</span> <span class='ocrx_word' id='word_1_261' title='bbox 157 2133 286 2193; x_wconf 83' lang='grc' dir='ltr'>Ἰουδαίαν</span> <span class='ocrx_word' id='word_1_262' title='bbox 298 2135 354 2192; x_wconf 84' lang='grc' dir='ltr'>ἀντ’</span> <span class='ocrx_word' id='word_1_263' title='bbox 367 2132 518 2210; x_wconf 81' lang='grc' dir='ltr'>Αἰγύπτου·</span> <span class='ocrx_word' id='word_1_264' title='bbox 545 2134 613 2193; x_wconf 82' lang='grc' dir='ltr'><strong>ἀλλά</strong></span> <span class='ocrx_word' id='word_1_265' title='bbox 625 2080 744 2213; x_wconf 50' lang='grc' dir='ltr'>τίμησιν</span> 
     </span>
     <span class='ocr_line' id='line_1_37' title="bbox 60 2211 745 2314; baseline 0.004 -45"><span class='ocrx_word' id='word_1_266' title='bbox 60 2219 108 2280; x_wconf 85' lang='grc' dir='ltr'>ῖτος</span> <span class='ocrx_word' id='word_1_267' title='bbox 122 2211 256 2290; x_wconf 87' lang='grc' dir='ltr'>ὁδοιπόρος</span> <span class='ocrx_word' id='word_1_268' title='bbox 270 2214 331 2314; x_wconf 86' lang='grc' dir='ltr'>περί</span> <span class='ocrx_word' id='word_1_269' title='bbox 346 2217 394 2282; x_wconf 80' lang='grc' dir='ltr'><strong>τῆς</strong></span> <span class='ocrx_word' id='word_1_270' title='bbox 408 2213 557 2293; x_wconf 90' lang='grc' dir='ltr'>ὁδοιπορίας</span> <span class='ocrx_word' id='word_1_271' title='bbox 576 2217 624 2283; x_wconf 83' lang='grc' dir='ltr'><strong>τῆς</strong></span> <span class='ocrx_word' id='word_1_272' title='bbox 638 2216 745 2287; x_wconf 73' lang='grc' dir='ltr'>ἑαυτοῦ,</span> 
     </span>
     <span class='ocr_line' id='line_1_38' title="bbox 60 2290 744 2372; baseline 0.003 -23"><span class='ocrx_word' id='word_1_273' title='bbox 60 2297 148 2351; x_wconf 89' lang='grc' dir='ltr'>πισθεν</span> <span class='ocrx_word' id='word_1_274' title='bbox 159 2294 402 2370; x_wconf 85' lang='grc' dir='ltr'>ἰπιλανθανομενος,</span> <span class='ocrx_word' id='word_1_275' title='bbox 411 2300 465 2358; x_wconf 90' lang='grc' dir='ltr'>τοῖς</span> <span class='ocrx_word' id='word_1_276' title='bbox 473 2290 499 2351; x_wconf 82' lang='grc' dir='ltr'>δέ</span> <span class='ocrx_word' id='word_1_277' title='bbox 514 2293 660 2372; x_wconf 74' lang='grc' dir='ltr'>ἔμπροσθεν</span> <span class='ocrx_word' id='word_1_278' title='bbox 667 2295 744 2351; x_wconf 87' lang='grc' dir='ltr'>ἐπεκ-</span> 
     </span>
     <span class='ocr_line' id='line_1_39' title="bbox 60 2368 745 2450; baseline 0 -22"><span class='ocrx_word' id='word_1_279' title='bbox 60 2394 129 2441; x_wconf 87' lang='grc' dir='ltr'>ενος,</span> <span class='ocrx_word' id='word_1_280' title='bbox 149 2371 218 2430; x_wconf 80' lang='grc' dir='ltr'>κατὰ</span> <span class='ocrx_word' id='word_1_281' title='bbox 232 2372 329 2431; x_wconf 86' lang='grc' dir='ltr'>σκοπὸν</span> <span class='ocrx_word' id='word_1_282' title='bbox 344 2368 445 2431; x_wconf 81' lang='grc' dir='ltr'>διώκων</span> <span class='ocrx_word' id='word_1_283' title='bbox 467 2372 510 2430; x_wconf 80' lang='grc' dir='ltr'>ἐπὶ</span> <span class='ocrx_word' id='word_1_284' title='bbox 522 2373 552 2431; x_wconf 89' lang='grc' dir='ltr'><strong>τὸ</strong></span> <span class='ocrx_word' id='word_1_285' title='bbox 567 2371 745 2450; x_wconf 78' lang='grc' dir='ltr'>βραόεῖοντῆς</span> 
     </span>
     <span class='ocr_line' id='line_1_40' title="bbox 60 2442 744 2530; baseline 0.001 -23"><span class='ocrx_word' id='word_1_286' title='bbox 60 2450 166 2520; x_wconf 88' lang='grc' dir='ltr'>λήσεως.</span> <span class='ocrx_word' id='word_1_287' title='bbox 187 2450 286 2530; x_wconf 78' lang='grc' dir='ltr'>Ὀσρύς</span> <span class='ocrx_word' id='word_1_288' title='bbox 298 2442 342 2510; x_wconf 86' lang='grc' dir='ltr'><strong>οὐν</strong></span> <span class='ocrx_word' id='word_1_289' title='bbox 358 2474 392 2510; x_wconf 85' lang='grc' dir='ltr'><strong>πε</strong></span> <span class='ocrx_word' id='word_1_290' title='bbox 412 2450 555 2529; x_wconf 79' lang='grc' dir='ltr'>ιεζωσμὲνη</span> <span class='ocrx_word' id='word_1_291' title='bbox 569 2476 602 2530; x_wconf 84' lang='grc' dir='ltr'><strong>τη</strong></span> <span class='ocrx_word' id='word_1_292' title='bbox 619 2450 744 2530; x_wconf 76' lang='grc' dir='ltr'>ἀληθεία,</span> 
     </span>
     <span class='ocr_line' id='line_1_41' title="bbox 60 2477 743 2613; baseline 0.003 -28"><span class='ocrx_word' id='word_1_293' title='bbox 60 2527 96 2586; x_wconf 78' lang='grc' dir='ltr'><strong>τὸν</strong></span> <span class='ocrx_word' id='word_1_294' title='bbox 112 2529 266 2589; x_wconf 86' lang='grc' dir='ltr'>ἀπόστολον.</span> <span class='ocrx_word' id='word_1_295' title='bbox 279 2530 358 2589; x_wconf 69' lang='lat' dir='ltr'><strong>Otus</strong></span> <span class='ocrx_word' id='word_1_296' title='bbox 377 2477 429 2613; x_wconf 71' lang='grc' dir='ltr'>γύρ</span> <span class='ocrx_word' id='word_1_297' title='bbox 443 2531 490 2609; x_wconf 85' lang='grc' dir='ltr'><strong>ἔσῃ</strong></span> <span class='ocrx_word' id='word_1_298' title='bbox 508 2531 572 2611; x_wconf 89' lang='grc' dir='ltr'>πρὸς</span> <span class='ocrx_word' id='word_1_299' title='bbox 592 2532 636 2589; x_wconf 88' lang='grc' dir='ltr'><strong>τὸν</strong></span> <span class='ocrx_word' id='word_1_300' title='bbox 648 2530 743 2609; x_wconf 86' lang='grc' dir='ltr'>δρόμον</span> 
     </span>
     <span class='ocr_line' id='line_1_42' title="bbox 62 2608 744 2688; baseline 0.004 -24"><span class='ocrx_word' id='word_1_301' title='bbox 62 2608 123 2666; x_wconf 90' lang='grc' dir='ltr'>αθὸν</span> <span class='ocrx_word' id='word_1_302' title='bbox 134 2608 257 2682; x_wconf 76' lang='grc' dir='ltr'>εὔζωνος,</span> <span class='ocrx_word' id='word_1_303' title='bbox 277 2609 321 2668; x_wconf 76' lang='grc' dir='ltr'>ἐὸν</span> <span class='ocrx_word' id='word_1_304' title='bbox 334 2608 421 2670; x_wconf 79' lang='grc' dir='ltr'>πάντα</span> <span class='ocrx_word' id='word_1_305' title='bbox 434 2611 468 2670; x_wconf 81' lang='grc' dir='ltr'><strong>τὸ</strong></span> <span class='ocrx_word' id='word_1_306' title='bbox 488 2610 606 2688; x_wconf 90' lang='grc' dir='ltr'>παρόντα</span> <span class='ocrx_word' id='word_1_307' title='bbox 630 2611 744 2686; x_wconf 90' lang='grc' dir='ltr'>ματαιό-</span> 
     </span>
     <span class='ocr_line' id='line_1_43' title="bbox 60 2686 745 2765; baseline 0.007 -22"><span class='ocrx_word' id='word_1_308' title='bbox 60 2686 93 2744; x_wconf 72' lang='lat' dir='ltr'><strong>:ul</strong></span> <span class='ocrx_word' id='word_1_309' title='bbox 106 2689 197 2765; x_wconf 78' lang='grc' dir='ltr'>ψεῦδος</span> <span class='ocrx_word' id='word_1_310' title='bbox 208 2687 358 2760; x_wconf 80' lang='grc' dir='ltr'>ὁπολαόιὸν,</span> <span class='ocrx_word' id='word_1_311' title='bbox 369 2691 438 2751; x_wconf 71' lang='grc' dir='ltr'>κατὰ</span> <span class='ocrx_word' id='word_1_312' title='bbox 451 2690 494 2748; x_wconf 89' lang='grc' dir='ltr'><strong>τὸν</strong></span> <span class='ocrx_word' id='word_1_313' title='bbox 508 2689 601 2758; x_wconf 84' lang='grc' dir='ltr'>Δαυλδ,</span> <span class='ocrx_word' id='word_1_314' title='bbox 617 2689 665 2759; x_wconf 77' lang='grc' dir='ltr'><strong>τήν</strong></span> <span class='ocrx_word' id='word_1_315' title='bbox 681 2688 745 2765; x_wconf 85' lang='grc' dir='ltr'><strong>μὲλ-</strong></span> 
     </span>
    </p>
   </div>
   <div class='ocr_carea' id='block_1_7' title="bbox 61 2767 743 2847">
    <p class='ocr_par' dir='ltr' id='par_1_7' title="bbox 61 2767 743 2847">
     <span class='ocr_line' id='line_1_44' title="bbox 61 2767 743 2847; baseline 0.007 -26"><span class='ocrx_word' id='word_1_316' title='bbox 61 2791 66 2820; x_wconf 82' lang='grc' dir='ltr'><strong>ι</strong></span> <span class='ocrx_word' id='word_1_317' title='bbox 78 2768 201 2837; x_wconf 86' lang='grc' dir='ltr'>ἀλήθειαν</span> <span class='ocrx_word' id='word_1_318' title='bbox 214 2769 377 2842; x_wconf 82' lang='grc' dir='ltr'>ἐπιζητοίης,</span> <span class='ocrx_word' id='word_1_319' title='bbox 387 2769 511 2840; x_wconf 85' lang='grc' dir='ltr'>κάκείνης</span> <span class='ocrx_word' id='word_1_320' title='bbox 527 2767 590 2847; x_wconf 80' lang='grc' dir='ltr'>ἔχης</span> <span class='ocrx_word' id='word_1_321' title='bbox 600 2767 643 2826; x_wconf 91' lang='grc' dir='ltr'><strong>τὸν</strong></span> <span class='ocrx_word' id='word_1_322' title='bbox 655 2767 743 2826; x_wconf 87' lang='grc' dir='ltr'>πόθον.</span> 
     </span>
    </p>
   </div>
   <div class='ocr_carea' id='block_1_8' title="bbox 69 2834 1281 2933">
    <p class='ocr_par' dir='ltr' id='par_1_8' title="bbox 69 2834 1281 2933">
     <span class='ocr_line' id='line_1_45' title="bbox 69 2834 1281 2933; baseline -0.001 -29"><span class='ocrx_word' id='word_1_323' title='bbox 69 2844 96 2905; x_wconf 81' lang='grc' dir='ltr'>δὲ</span> <span class='ocrx_word' id='word_1_324' title='bbox 106 2847 291 2925; x_wconf 80' lang='grc' dir='ltr'>ὑποδεδεμένοι</span> <span class='ocrx_word' id='word_1_325' title='bbox 302 2854 335 2927; x_wconf 84' lang='grc' dir='ltr'><strong>τῇ</strong></span> <span class='ocrx_word' id='word_1_326' title='bbox 346 2848 500 2926; x_wconf 78' lang='grc' dir='ltr'>ἑτοιμασίᾳ,</span> <span class='ocrx_word' id='word_1_327' title='bbox 512 2834 596 2926; x_wconf 82' lang='grc' dir='ltr'>ρησλ,</span> <span class='ocrx_word' id='word_1_328' title='bbox 610 2853 656 2904; x_wconf 81' lang='grc' dir='ltr'><strong>τοῦ</strong></span> <span class='ocrx_word' id='word_1_329' title='bbox 668 2850 744 2926; x_wconf 79' lang='grc' dir='ltr'>εὐαγ-</span> <span class='ocrx_word' id='word_1_330' title='bbox 760 2866 779 2911; x_wconf 83' lang='lat' dir='ltr'><strong>n</strong></span> <span class='ocrx_word' id='word_1_331' title='bbox 797 2843 865 2902; x_wconf 91' lang='lat' dir='ltr'><strong>dum</strong></span> <span class='ocrx_word' id='word_1_332' title='bbox 875 2844 1027 2933; x_wconf 78' lang='lat' dir='ltr'><strong>apostolum</strong></span> <span class='ocrx_word' id='word_1_333' title='bbox 1040 2867 1046 2899; x_wconf 84' lang='grc' dir='ltr'><strong>ι</strong></span> <span class='ocrx_word' id='word_1_334' title='bbox 1063 2846 1101 2902; x_wconf 93' lang='lat' dir='ltr'><strong>sic</strong></span> <span class='ocrx_word' id='word_1_335' title='bbox 1112 2843 1183 2902; x_wconf 90' lang='lat' dir='ltr'><strong>enim</strong></span> <span class='ocrx_word' id='word_1_336' title='bbox 1200 2845 1253 2903; x_wconf 88' lang='lat' dir='ltr'><strong>eris</strong></span> <span class='ocrx_word' id='word_1_337' title='bbox 1266 2866 1281 2903; x_wconf 88' lang='lat' dir='ltr'><strong>a</strong></span> 
     </span>
    </p>
   </div>
   <div class='ocr_carea' id='block_1_9' title="bbox 61 2924 745 3878">
    <p class='ocr_par' dir='ltr' id='par_1_9' title="bbox 61 2924 745 3878">
     <span class='ocr_line' id='line_1_46' title="bbox 71 2924 744 3010; baseline 0 -26"><span class='ocrx_word' id='word_1_338' title='bbox 71 2928 117 2995; x_wconf 82' lang='grc' dir='ltr'><strong>τῆς</strong></span> <span class='ocrx_word' id='word_1_339' title='bbox 132 2928 253 3008; x_wconf 75' lang='grc' dir='ltr'>εἰρήνης,</span> <span class='ocrx_word' id='word_1_340' title='bbox 264 2929 329 3009; x_wconf 90' lang='grc' dir='ltr'>πρὸς</span> <span class='ocrx_word' id='word_1_341' title='bbox 340 2928 427 2988; x_wconf 89' lang='grc' dir='ltr'>ποίντα</span> <span class='ocrx_word' id='word_1_342' title='bbox 438 2927 534 3010; x_wconf 85' lang='grc' dir='ltr'>δρόμον</span> <span class='ocrx_word' id='word_1_343' title='bbox 547 2924 644 3001; x_wconf 86' lang='grc' dir='ltr'>ἀγαθὸν</span> <span class='ocrx_word' id='word_1_344' title='bbox 659 2928 744 3006; x_wconf 85' lang='grc' dir='ltr'>εὐτρι·</span> 
     </span>
     <span class='ocr_line' id='line_1_47' title="bbox 64 2998 743 3088; baseline 0 -25"><span class='ocrx_word' id='word_1_345' title='bbox 64 3005 99 3064; x_wconf 88' lang='grc' dir='ltr'><strong>δι’</strong></span> <span class='ocrx_word' id='word_1_346' title='bbox 117 2998 146 3063; x_wconf 81' lang='grc' dir='ltr'>οὐ</span> <span class='ocrx_word' id='word_1_347' title='bbox 162 3007 209 3078; x_wconf 77' lang='grc' dir='ltr'><strong>τήν</strong></span> <span class='ocrx_word' id='word_1_348' title='bbox 223 3008 331 3088; x_wconf 78' lang='grc' dir='ltr'>εἰρήνην</span> <span class='ocrx_word' id='word_1_349' title='bbox 345 3007 392 3080; x_wconf 75' lang='grc' dir='ltr'><strong>τήν</strong></span> <span class='ocrx_word' id='word_1_350' title='bbox 412 3008 476 3088; x_wconf 91' lang='grc' dir='ltr'>πρὸς</span> <span class='ocrx_word' id='word_1_351' title='bbox 497 3007 565 3066; x_wconf 80' lang='grc' dir='ltr'>Θεὸν</span> <span class='ocrx_word' id='word_1_352' title='bbox 586 3005 743 3082; x_wconf 84' lang='grc' dir='ltr'>βεόαιοῦμεν</span> 
     </span>
     <span class='ocr_line' id='line_1_48' title="bbox 61 3083 742 3167; baseline 0.001 -25"><span class='ocrx_word' id='word_1_353' title='bbox 61 3109 88 3158; x_wconf 87' lang='grc' dir='ltr'><strong>ς,</strong></span> <span class='ocrx_word' id='word_1_354' title='bbox 108 3087 177 3144; x_wconf 85' lang='grc' dir='ltr'><strong>καθά</strong></span> <span class='ocrx_word' id='word_1_355' title='bbox 195 3111 273 3167; x_wconf 77' lang='grc' dir='ltr'>φησιν</span> <span class='ocrx_word' id='word_1_356' title='bbox 293 3092 307 3146; x_wconf 93' lang='grc' dir='ltr'>ὁ</span> <span class='ocrx_word' id='word_1_357' title='bbox 324 3087 481 3154; x_wconf 80' lang='grc' dir='ltr'>ἀπόστολος·</span> <span class='ocrx_word' id='word_1_358' title='bbox 501 3084 617 3164; x_wconf 81' lang='grc' dir='ltr'>Εἰρήνην</span> <span class='ocrx_word' id='word_1_359' title='bbox 640 3083 742 3163; x_wconf 78' lang='grc' dir='ltr'>ἔχωμεν</span> 
     </span>
     <span class='ocr_line' id='line_1_49' title="bbox 61 3165 743 3245; baseline 0.001 -23"><span class='ocrx_word' id='word_1_360' title='bbox 61 3166 91 3223; x_wconf 84' lang='grc' dir='ltr'>ὸν</span> <span class='ocrx_word' id='word_1_361' title='bbox 110 3167 177 3224; x_wconf 85' lang='grc' dir='ltr'>Θεὸν</span> <span class='ocrx_word' id='word_1_362' title='bbox 192 3166 235 3224; x_wconf 81' lang='grc' dir='ltr'><strong>διὰ</strong></span> <span class='ocrx_word' id='word_1_363' title='bbox 248 3174 293 3225; x_wconf 86' lang='grc' dir='ltr'><strong>τοῦ</strong></span> <span class='ocrx_word' id='word_1_364' title='bbox 308 3166 406 3245; x_wconf 84' lang='grc' dir='ltr'>Κυρίου</span> <span class='ocrx_word' id='word_1_365' title='bbox 418 3171 495 3244; x_wconf 77' lang='grc' dir='ltr'>ἡμῶν</span> <span class='ocrx_word' id='word_1_366' title='bbox 510 3166 598 3235; x_wconf 81' lang='grc' dir='ltr'>Ἰησοῦ</span> <span class='ocrx_word' id='word_1_367' title='bbox 614 3165 743 3242; x_wconf 85' lang='grc' dir='ltr'>Χριστοῦ·</span> 
     </span>
     <span class='ocr_line' id='line_1_50' title="bbox 62 3242 744 3327; baseline -0.001 -26"><span class='ocrx_word' id='word_1_368' title='bbox 62 3247 82 3301; x_wconf 82' lang='grc' dir='ltr'><strong>,ι’</strong></span> <span class='ocrx_word' id='word_1_369' title='bbox 99 3247 233 3321; x_wconf 80' lang='grc' dir='ltr'>ὑπομονῆς</span> <span class='ocrx_word' id='word_1_370' title='bbox 255 3247 402 3327; x_wconf 71' lang='grc' dir='ltr'>τρέχωμεν,</span> <span class='ocrx_word' id='word_1_371' title='bbox 416 3245 495 3326; x_wconf 78' lang='grc' dir='ltr'>φησί,</span> <span class='ocrx_word' id='word_1_372' title='bbox 514 3242 558 3301; x_wconf 92' lang='grc' dir='ltr'><strong>τὸν</strong></span> <span class='ocrx_word' id='word_1_373' title='bbox 572 3242 744 3324; x_wconf 88' lang='grc' dir='ltr'>προκείμενον</span> 
     </span>
     <span class='ocr_line' id='line_1_51' title="bbox 62 3322 744 3404; baseline 0.001 -25"><span class='ocrx_word' id='word_1_374' title='bbox 62 3325 129 3381; x_wconf 92' lang='grc' dir='ltr'>θλον·</span> <span class='ocrx_word' id='word_1_375' title='bbox 142 3324 200 3394; x_wconf 82' lang='grc' dir='ltr'>καὶ,</span> <span class='ocrx_word' id='word_1_376' title='bbox 215 3324 295 3384; x_wconf 66' lang='lat' dir='ltr'><strong>Otus</strong></span> <span class='ocrx_word' id='word_1_377' title='bbox 308 3327 412 3404; x_wconf 78' lang='grc' dir='ltr'>τρέχω,</span> <span class='ocrx_word' id='word_1_378' title='bbox 422 3324 464 3383; x_wconf 79' lang='grc' dir='ltr'><strong>ἵνα</strong></span> <span class='ocrx_word' id='word_1_379' title='bbox 474 3322 625 3383; x_wconf 79' lang='grc' dir='ltr'>καταλάόω.</span> <span class='ocrx_word' id='word_1_380' title='bbox 639 3325 744 3393; x_wconf 85' lang='grc' dir='ltr'>Βακτη-</span> 
     </span>
     <span class='ocr_line' id='line_1_52' title="bbox 62 3401 744 3486; baseline -0.001 -26"><span class='ocrx_word' id='word_1_381' title='bbox 62 3429 64 3460; x_wconf 77' lang='lat'>2</span> <span class='ocrx_word' id='word_1_382' title='bbox 79 3404 185 3470; x_wconf 85' lang='grc' dir='ltr'>ἐκείνοις</span> <span class='ocrx_word' id='word_1_383' title='bbox 199 3408 225 3464; x_wconf 89' lang='grc' dir='ltr'>ἐν</span> <span class='ocrx_word' id='word_1_384' title='bbox 236 3405 327 3486; x_wconf 80' lang='grc' dir='ltr'>χερσίν</span> <span class='ocrx_word' id='word_1_385' title='bbox 342 3403 472 3474; x_wconf 67' lang='grc' dir='ltr'>’ἐπίδεςή</span> <span class='ocrx_word' id='word_1_386' title='bbox 485 3407 520 3470; x_wconf 86' lang='grc' dir='ltr'>εἰς</span> <span class='ocrx_word' id='word_1_387' title='bbox 530 3401 598 3460; x_wconf 85' lang='grc' dir='ltr'>Θεὸν</span> <span class='ocrx_word' id='word_1_388' title='bbox 610 3402 744 3480; x_wconf 84' lang='grc' dir='ltr'>στήριγμα</span> 
     </span>
     <span class='ocr_line' id='line_1_53' title="bbox 65 3480 745 3618; baseline -0.004 -76"><span class='ocrx_word' id='word_1_389' title='bbox 65 3486 134 3554; x_wconf 90' lang='grc' dir='ltr'>,οὐκ</span> <span class='ocrx_word' id='word_1_390' title='bbox 152 3487 233 3542; x_wconf 80' lang='grc' dir='ltr'>ἐῶσαι</span> <span class='ocrx_word' id='word_1_391' title='bbox 247 3494 304 3552; x_wconf 90' lang='grc' dir='ltr'>ταῖς</span> <span class='ocrx_word' id='word_1_392' title='bbox 324 3482 441 3618; x_wconf 67' lang='grc' dir='ltr'>θλίγεσιν</span> <span class='ocrx_word' id='word_1_393' title='bbox 456 3482 576 3552; x_wconf 79' lang='grc' dir='ltr'>ἔσεσθαι,</span> <span class='ocrx_word' id='word_1_394' title='bbox 594 3480 714 3559; x_wconf 77' lang='grc' dir='ltr'>καθάπερ</span> <span class='ocrx_word' id='word_1_395' title='bbox 730 3486 745 3539; x_wconf 94' lang='grc' dir='ltr'>ὁ</span> 
     </span>
     <span class='ocr_line' id='line_1_54' title="bbox 63 3559 742 3704; baseline -0.003 -4"><span class='ocrx_word' id='word_1_396' title='bbox 63 3559 744 3704; x_wconf 68' lang='lat' dir='ltr'><strong>scurrusscutum</strong></span> 
     </span>
     <span class='ocr_line' id='line_1_55' title="bbox 63 3664 743 3826; baseline -0.001 -48"><span class='ocrx_word' id='word_1_397' title='bbox 63 3747 78 3778; x_wconf 90' lang='grc' dir='ltr'><strong>ι.</strong></span> <span class='ocrx_word' id='word_1_398' title='bbox 102 3687 143 3781; x_wconf 88' lang='grc' dir='ltr'><strong>Οὐ</strong></span> <span class='ocrx_word' id='word_1_399' title='bbox 159 3722 286 3826; x_wconf 76' lang='grc' dir='ltr'>ρᾴθυμος,</span> <span class='ocrx_word' id='word_1_400' title='bbox 301 3668 376 3781; x_wconf 74' lang='grc' dir='ltr'><strong>οὐδὲμ</strong></span> <span class='ocrx_word' id='word_1_401' title='bbox 383 3721 448 3798; x_wconf 89' lang='grc' dir='ltr'>πρὸς</span> <span class='ocrx_word' id='word_1_402' title='bbox 471 3665 566 3790; x_wconf 72' lang='grc' dir='ltr'>ήδονηὴν</span> <span class='ocrx_word' id='word_1_403' title='bbox 580 3664 678 3798; x_wconf 58' lang='lat' dir='ltr'><strong>emb,</strong></span> <span class='ocrx_word' id='word_1_404' title='bbox 697 3721 743 3777; x_wconf 85' lang='grc' dir='ltr'>οὐκ</span> 
     </span>
     <span class='ocr_line' id='line_1_56' title="bbox 62 3797 742 3878; baseline -0.007 -19"><span class='ocrx_word' id='word_1_405' title='bbox 62 3826 105 3861; x_wconf 90' lang='grc' dir='ltr'><strong>νον</strong></span> <span class='ocrx_word' id='word_1_406' title='bbox 114 3803 171 3861; x_wconf 89' lang='grc' dir='ltr'>οὐδε</span> <span class='ocrx_word' id='word_1_407' title='bbox 180 3800 477 3878; x_wconf 82' lang='grc' dir='ltr'>κατακεκλιμὲνον,ἀλλ’</span> <span class='ocrx_word' id='word_1_408' title='bbox 489 3797 662 3878; x_wconf 79' lang='grc' dir='ltr'>ἐγηγερμένον</span> <span class='ocrx_word' id='word_1_409' title='bbox 670 3797 742 3876; x_wconf 83' lang='grc' dir='ltr'>ἐχόν-</span> 
     </span>
    </p>
   </div>
   <div class='ocr_carea' id='block_1_10' title="bbox 794 1661 1694 3873">
    <p class='ocr_par' dir='ltr' id='par_1_10' title="bbox 794 1661 1538 1739">
     <span class='ocr_line' id='line_1_57' title="bbox 794 1661 1538 1739; baseline 0.008 -23"><span class='ocrx_word' id='word_1_410' title='bbox 794 1672 889 1730; x_wconf 64' lang='lat' dir='ltr'><strong>munt,</strong></span> <span class='ocrx_word' id='word_1_411' title='bbox 899 1672 928 1716; x_wconf 89' lang='lat' dir='ltr'><strong>et</strong></span> <span class='ocrx_word' id='word_1_412' title='bbox 939 1661 1140 1718; x_wconf 82' lang='lat' dir='ltr'><strong>calceamenta</strong></span> <span class='ocrx_word' id='word_1_413' title='bbox 1152 1675 1236 1719; x_wconf 86' lang='lat' dir='ltr'><strong>erunt</strong></span> <span class='ocrx_word' id='word_1_414' title='bbox 1248 1665 1280 1718; x_wconf 89' lang='lat' dir='ltr'><strong>in</strong></span> <span class='ocrx_word' id='word_1_415' title='bbox 1291 1663 1413 1739; x_wconf 86' lang='lat' dir='ltr'><strong>pedibus</strong></span> <span class='ocrx_word' id='word_1_416' title='bbox 1422 1669 1538 1737; x_wconf 84' lang='lat' dir='ltr'><strong>uestris,</strong></span> 
     </span>
    </p>

    <p class='ocr_par' dir='ltr' id='par_1_11' title="bbox 794 1740 1540 1800">
     <span class='ocr_line' id='line_1_58' title="bbox 794 1740 1540 1800; baseline 0.008 -6"><span class='ocrx_word' id='word_1_417' title='bbox 794 1751 822 1795; x_wconf 89' lang='lat' dir='ltr'><strong>et</strong></span> <span class='ocrx_word' id='word_1_418' title='bbox 838 1740 936 1797; x_wconf 80' lang='lat' dir='ltr'><strong>baculi</strong></span> <span class='ocrx_word' id='word_1_419' title='bbox 960 1743 991 1795; x_wconf 84' lang='lat' dir='ltr'><strong>iu</strong></span> <span class='ocrx_word' id='word_1_420' title='bbox 1009 1743 1144 1797; x_wconf 82' lang='lat' dir='ltr'><strong>manibus</strong></span> <span class='ocrx_word' id='word_1_421' title='bbox 1161 1744 1276 1799; x_wconf 86' lang='lat' dir='ltr'><strong>uestris.</strong></span> <span class='ocrx_word' id='word_1_422' title='bbox 1293 1741 1318 1798; x_wconf 90' lang='lat' dir='ltr'><strong>ls</strong></span> <span class='ocrx_word' id='word_1_423' title='bbox 1334 1740 1468 1800; x_wconf 87' lang='lat' dir='ltr'><strong>viatorum</strong></span> <span class='ocrx_word' id='word_1_424' title='bbox 1490 1743 1540 1800; x_wconf 91' lang='lat' dir='ltr'><strong>ba·</strong></span> 
     </span>
    </p>

    <p class='ocr_par' dir='ltr' id='par_1_12' title="bbox 794 1816 1540 1900">
     <span class='ocr_line' id='line_1_59' title="bbox 794 1816 1540 1900; baseline 0.009 -26"><span class='ocrx_word' id='word_1_425' title='bbox 794 1816 887 1885; x_wconf 91' lang='lat' dir='ltr'><strong>bitus,</strong></span> <span class='ocrx_word' id='word_1_426' title='bbox 901 1817 1047 1891; x_wconf 89' lang='lat' dir='ltr'><strong>accinctus,</strong></span> <span class='ocrx_word' id='word_1_427' title='bbox 1064 1817 1222 1897; x_wconf 81' lang='lat' dir='ltr'><strong>expeditus,</strong></span> <span class='ocrx_word' id='word_1_428' title='bbox 1243 1818 1396 1878; x_wconf 85' lang='lat' dir='ltr'><strong>subindicat</strong></span> <span class='ocrx_word' id='word_1_429' title='bbox 1414 1835 1540 1900; x_wconf 88' lang='lat' dir='ltr'><strong>paratum</strong></span> 
     </span>
    </p>

    <p class='ocr_par' dir='ltr' id='par_1_13' title="bbox 795 1894 1525 1978">
     <span class='ocr_line' id='line_1_60' title="bbox 795 1894 1525 1978; baseline 0.01 -25"><span class='ocrx_word' id='word_1_430' title='bbox 795 1917 850 1954; x_wconf 87' lang='lat' dir='ltr'><strong>esse</strong></span> <span class='ocrx_word' id='word_1_431' title='bbox 864 1911 984 1976; x_wconf 78' lang='lat' dir='ltr'><strong>oportere</strong></span> <span class='ocrx_word' id='word_1_432' title='bbox 997 1894 1032 1954; x_wconf 89' lang='lat' dir='ltr'><strong>ad</strong></span> <span class='ocrx_word' id='word_1_433' title='bbox 1046 1897 1209 1955; x_wconf 85' lang='lat' dir='ltr'><strong>currendum</strong></span> <span class='ocrx_word' id='word_1_434' title='bbox 1221 1899 1248 1957; x_wconf 90' lang='lat' dir='ltr'><strong>in</strong></span> <span class='ocrx_word' id='word_1_435' title='bbox 1259 1899 1460 1978; x_wconf 87' lang='lat' dir='ltr'><strong>promissionem</strong></span> <span class='ocrx_word' id='word_1_436' title='bbox 1476 1903 1525 1960; x_wconf 87' lang='lat' dir='ltr'><strong>Dei</strong></span> 
     </span>
    </p>

    <p class='ocr_par' dir='ltr' id='par_1_14' title="bbox 795 1947 1551 2134">
     <span class='ocr_line' id='line_1_61' title="bbox 796 1947 1541 2055; baseline 0.011 -24"><span class='ocrx_word' id='word_1_437' title='bbox 796 1989 825 2032; x_wconf 94' lang='lat' dir='ltr'><strong>ut</strong></span> <span class='ocrx_word' id='word_1_438' title='bbox 840 1989 904 2033; x_wconf 88' lang='lat' dir='ltr'><strong>tunc</strong></span> <span class='ocrx_word' id='word_1_439' title='bbox 918 1976 1001 2034; x_wconf 73' lang='lat' dir='ltr'><strong>lsrael</strong></span> <span class='ocrx_word' id='word_1_440' title='bbox 1023 1991 1133 2055; x_wconf 89' lang='lat' dir='ltr'><strong>paratus</strong></span> <span class='ocrx_word' id='word_1_441' title='bbox 1149 1977 1236 2035; x_wconf 86' lang='lat' dir='ltr'><strong>viator</strong></span> <span class='ocrx_word' id='word_1_442' title='bbox 1255 1979 1485 2037; x_wconf 85' lang='lat' dir='ltr'><strong>transmittebatur</strong></span> <span class='ocrx_word' id='word_1_443' title='bbox 1506 1947 1541 2039; x_wconf 87' lang='lat' dir='ltr'><strong>ad</strong></span> 
     </span>
     <span class='ocr_line' id='line_1_62' title="bbox 795 2054 1551 2134; baseline 0.008 -22"><span class='ocrx_word' id='word_1_444' title='bbox 795 2055 954 2134; x_wconf 85' lang='lat' dir='ltr'><strong>promissam</strong></span> <span class='ocrx_word' id='word_1_445' title='bbox 970 2054 1045 2113; x_wconf 91' lang='lat' dir='ltr'><strong>illam</strong></span> <span class='ocrx_word' id='word_1_446' title='bbox 1057 2069 1156 2113; x_wconf 86' lang='lat' dir='ltr'><strong>terram</strong></span> <span class='ocrx_word' id='word_1_447' title='bbox 1172 2056 1280 2114; x_wconf 86' lang='lat' dir='ltr'><strong>bonam.</strong></span> <span class='ocrx_word' id='word_1_448' title='bbox 1293 2056 1436 2116; x_wconf 84' lang='lat' dir='ltr'><strong>Considera</strong></span> <span class='ocrx_word' id='word_1_449' title='bbox 1450 2073 1551 2118; x_wconf 89' lang='lat' dir='ltr'><strong>autem·</strong></span> 
     </span>
    </p>

    <p class='ocr_par' dir='ltr' id='par_1_15' title="bbox 795 2133 1540 2213">
     <span class='ocr_line' id='line_1_63' title="bbox 795 2133 1540 2213; baseline 0.007 -22"><span class='ocrx_word' id='word_1_450' title='bbox 795 2133 863 2191; x_wconf 87' lang='lat' dir='ltr'><strong>mihi</strong></span> <span class='ocrx_word' id='word_1_451' title='bbox 909 2133 1043 2194; x_wconf 84' lang='lat' dir='ltr'><strong>iritualem</strong></span> <span class='ocrx_word' id='word_1_452' title='bbox 1055 2135 1195 2208; x_wconf 82' lang='lat' dir='ltr'><strong>viatorem,</strong></span> <span class='ocrx_word' id='word_1_453' title='bbox 1209 2149 1341 2213; x_wconf 85' lang='lat' dir='ltr'><strong>quantum</strong></span> <span class='ocrx_word' id='word_1_454' title='bbox 1354 2137 1456 2195; x_wconf 89' lang='lat' dir='ltr'><strong>scilicet</strong></span> <span class='ocrx_word' id='word_1_455' title='bbox 1467 2152 1540 2196; x_wconf 88' lang='lat' dir='ltr'><strong>antc-</strong></span> 
     </span>
    </p>

    <p class='ocr_par' dir='ltr' id='par_1_16' title="bbox 796 2208 1541 2292">
     <span class='ocr_line' id='line_1_64' title="bbox 796 2208 1541 2292; baseline 0.011 -24"><span class='ocrx_word' id='word_1_456' title='bbox 796 2208 874 2270; x_wconf 86' lang='lat' dir='ltr'><strong>cellat</strong></span> <span class='ocrx_word' id='word_1_457' title='bbox 885 2234 893 2270; x_wconf 90' lang='grc' dir='ltr'><strong>ι</strong></span> <span class='ocrx_word' id='word_1_458' title='bbox 906 2211 926 2270; x_wconf 90' lang='lat' dir='ltr'><strong>li</strong></span> <span class='ocrx_word' id='word_1_459' title='bbox 938 2211 1055 2285; x_wconf 79' lang='lat' dir='ltr'><strong>viatori3</strong></span> <span class='ocrx_word' id='word_1_460' title='bbox 1069 2214 1114 2292; x_wconf 88' lang='lat' dir='ltr'><strong>qui</strong></span> <span class='ocrx_word' id='word_1_461' title='bbox 1135 2234 1188 2272; x_wconf 93' lang='lat' dir='ltr'><strong>non</strong></span> <span class='ocrx_word' id='word_1_462' title='bbox 1209 2213 1246 2273; x_wconf 90' lang='lat' dir='ltr'><strong>ad</strong></span> <span class='ocrx_word' id='word_1_463' title='bbox 1261 2214 1331 2273; x_wconf 89' lang='lat' dir='ltr'><strong>hanc</strong></span> <span class='ocrx_word' id='word_1_464' title='bbox 1346 2215 1467 2274; x_wconf 83' lang='lat' dir='ltr'><strong>infimam</strong></span> <span class='ocrx_word' id='word_1_465' title='bbox 1489 2231 1541 2276; x_wconf 89' lang='lat' dir='ltr'><strong>ter·</strong></span> 
     </span>
    </p>

    <p class='ocr_par' dir='ltr' id='par_1_17' title="bbox 796 2291 1542 2448">
     <span class='ocr_line' id='line_1_65' title="bbox 796 2291 1542 2374; baseline 0.009 -26"><span class='ocrx_word' id='word_1_466' title='bbox 796 2312 854 2348; x_wconf 89' lang='lat' dir='ltr'><strong>ram</strong></span> <span class='ocrx_word' id='word_1_467' title='bbox 877 2291 1061 2372; x_wconf 86' lang='lat' dir='ltr'><strong>promissionis</strong></span> <span class='ocrx_word' id='word_1_468' title='bbox 1084 2293 1187 2366; x_wconf 88' lang='lat' dir='ltr'><strong>currit,</strong></span> <span class='ocrx_word' id='word_1_469' title='bbox 1208 2313 1261 2351; x_wconf 91' lang='lat' dir='ltr'><strong>non</strong></span> <span class='ocrx_word' id='word_1_470' title='bbox 1288 2295 1445 2374; x_wconf 84' lang='lat' dir='ltr'><strong>temporalia</strong></span> <span class='ocrx_word' id='word_1_471' title='bbox 1471 2297 1542 2355; x_wconf 89' lang='lat' dir='ltr'><strong>bona</strong></span> 
     </span>
     <span class='ocr_line' id='line_1_66' title="bbox 796 2369 1542 2448; baseline 0.008 -20"><span class='ocrx_word' id='word_1_472' title='bbox 796 2369 916 2448; x_wconf 83' lang='lat' dir='ltr'><strong>sequitur</strong></span> <span class='ocrx_word' id='word_1_473' title='bbox 926 2415 936 2447; x_wconf 93' lang='lat'><strong>,</strong></span> <span class='ocrx_word' id='word_1_474' title='bbox 953 2391 1005 2429; x_wconf 91' lang='lat' dir='ltr'><strong>non</strong></span> <span class='ocrx_word' id='word_1_475' title='bbox 1020 2384 1118 2428; x_wconf 89' lang='lat' dir='ltr'><strong>terram</strong></span> <span class='ocrx_word' id='word_1_476' title='bbox 1151 2392 1181 2429; x_wconf 89' lang='lat' dir='ltr'><strong>ro</strong></span> <span class='ocrx_word' id='word_1_477' title='bbox 1203 2384 1272 2431; x_wconf 88' lang='lat' dir='ltr'><strong>terra</strong></span> <span class='ocrx_word' id='word_1_478' title='bbox 1293 2386 1397 2448; x_wconf 89' lang='lat' dir='ltr'><strong>mutat,</strong></span> <span class='ocrx_word' id='word_1_479' title='bbox 1417 2374 1542 2436; x_wconf 76' lang='lat' dir='ltr'><strong>trrdaeam</strong></span> 
     </span>
    </p>

    <p class='ocr_par' dir='ltr' id='par_1_18' title="bbox 796 2393 1543 2538">
     <span class='ocr_line' id='line_1_67' title="bbox 796 2393 1543 2538; baseline 0.009 -32"><span class='ocrx_word' id='word_1_480' title='bbox 796 2470 846 2538; x_wconf 87' lang='lat' dir='ltr'><strong>pro</strong></span> <span class='ocrx_word' id='word_1_481' title='bbox 860 2448 997 2530; x_wconf 74' lang='lat' dir='ltr'><strong>AEgypt03</strong></span> <span class='ocrx_word' id='word_1_482' title='bbox 1017 2448 1063 2507; x_wconf 85' lang='lat' dir='ltr'><strong>sed</strong></span> <span class='ocrx_word' id='word_1_483' title='bbox 1080 2393 1150 2528; x_wconf 82' lang='lat' dir='ltr'><strong>quid</strong></span> <span class='ocrx_word' id='word_1_484' title='bbox 1160 2450 1198 2509; x_wconf 85' lang='lat' dir='ltr'><strong>ait</strong></span> <span class='ocrx_word' id='word_1_485' title='bbox 1213 2450 1247 2510; x_wconf 91' lang='lat' dir='ltr'><strong>de</strong></span> <span class='ocrx_word' id='word_1_486' title='bbox 1266 2450 1360 2510; x_wconf 90' lang='lat' dir='ltr'><strong>itinere</strong></span> <span class='ocrx_word' id='word_1_487' title='bbox 1381 2474 1430 2511; x_wconf 91' lang='lat' dir='ltr'><strong>suo</strong></span> <span class='ocrx_word' id='word_1_488' title='bbox 1454 2455 1543 2514; x_wconf 79' lang='lat' dir='ltr'><strong>viator</strong></span> 
     </span>
    </p>

    <p class='ocr_par' dir='ltr' id='par_1_19' title="bbox 797 2527 1694 2846">
     <span class='ocr_line' id='line_1_68' title="bbox 797 2527 1694 2609; baseline 0.007 -24"><span class='ocrx_word' id='word_1_489' title='bbox 797 2527 866 2586; x_wconf 81' lang='lat' dir='ltr'><strong>dle?</strong></span> <span class='ocrx_word' id='word_1_490' title='bbox 880 2529 1004 2602; x_wconf 85' lang='lat' dir='ltr'><strong>Eorum,</strong></span> <span class='ocrx_word' id='word_1_491' title='bbox 1016 2549 1081 2609; x_wconf 84' lang='lat' dir='ltr'><strong>quoe</strong></span> <span class='ocrx_word' id='word_1_492' title='bbox 1092 2543 1170 2587; x_wconf 84' lang='lat' dir='ltr'><strong>retro</strong></span> <span class='ocrx_word' id='word_1_493' title='bbox 1181 2544 1260 2602; x_wconf 87' lang='lat' dir='ltr'><strong>sunt,</strong></span> <span class='ocrx_word' id='word_1_494' title='bbox 1279 2532 1448 2604; x_wconf 81' lang='lat' dir='ltr'><strong>obliviscor,</strong></span> <span class='ocrx_word' id='word_1_495' title='bbox 1462 2546 1490 2592; x_wconf 90' lang='lat' dir='ltr'><strong>et</strong></span> <span class='ocrx_word' id='word_1_496' title='bbox 1501 2535 1544 2593; x_wconf 84' lang='lat' dir='ltr'><strong>ad</strong></span> <span class='ocrx_word' id='word_1_497' title='bbox 1550 2548 1656 2607; x_wconf 73' lang='grc' dir='ltr'>Ριιιιρρ,</span> <span class='ocrx_word' id='word_1_498' title='bbox 1669 2545 1694 2591; x_wconf 76' lang='lat'><strong>3.</strong></span> 
     </span>
     <span class='ocr_line' id='line_1_69' title="bbox 797 2608 1652 2687; baseline 0.009 -22"><span class='ocrx_word' id='word_1_499' title='bbox 797 2628 843 2679; x_wconf 86' lang='lat' dir='ltr'><strong>ea,</strong></span> <span class='ocrx_word' id='word_1_500' title='bbox 858 2628 923 2687; x_wconf 85' lang='lat' dir='ltr'><strong>quoe</strong></span> <span class='ocrx_word' id='word_1_501' title='bbox 937 2621 1006 2666; x_wconf 87' lang='lat' dir='ltr'><strong>unte</strong></span> <span class='ocrx_word' id='word_1_502' title='bbox 1021 2630 1066 2665; x_wconf 87' lang='lat' dir='ltr'><strong>me</strong></span> <span class='ocrx_word' id='word_1_503' title='bbox 1079 2621 1157 2679; x_wconf 87' lang='lat' dir='ltr'><strong>suut,</strong></span> <span class='ocrx_word' id='word_1_504' title='bbox 1174 2631 1220 2666; x_wconf 89' lang='lat' dir='ltr'><strong>me</strong></span> <span class='ocrx_word' id='word_1_505' title='bbox 1237 2612 1372 2680; x_wconf 77' lang='lat' dir='ltr'><strong>extendo,</strong></span> <span class='ocrx_word' id='word_1_506' title='bbox 1397 2613 1438 2670; x_wconf 83' lang='lat' dir='ltr'><strong>ad</strong></span> <span class='ocrx_word' id='word_1_507' title='bbox 1454 2614 1541 2671; x_wconf 87' lang='lat' dir='ltr'><strong>desti·</strong></span> <span class='ocrx_word' id='word_1_508' title='bbox 1555 2612 1590 2671; x_wconf 70' lang='lat'><strong>¹³·</strong></span> <span class='ocrx_word' id='word_1_509' title='bbox 1615 2608 1652 2671; x_wconf 77' lang='grc' dir='ltr'><strong>1θ·</strong></span> 
     </span>
     <span class='ocr_line' id='line_1_70' title="bbox 799 2689 1669 2776; baseline 0.013 -33"><span class='ocrx_word' id='word_1_510' title='bbox 799 2699 901 2745; x_wconf 87' lang='lat' dir='ltr'><strong>natum</strong></span> <span class='ocrx_word' id='word_1_511' title='bbox 931 2708 1077 2776; x_wconf 74' lang='lat' dir='ltr'><strong>ersequor,</strong></span> <span class='ocrx_word' id='word_1_512' title='bbox 1094 2689 1135 2745; x_wconf 86' lang='lat' dir='ltr'><strong>ad</strong></span> <span class='ocrx_word' id='word_1_513' title='bbox 1147 2690 1281 2745; x_wconf 84' lang='lat' dir='ltr'><strong>bravium</strong></span> <span class='ocrx_word' id='word_1_514' title='bbox 1301 2708 1431 2767; x_wconf 82' lang='lat' dir='ltr'><strong>superma</strong></span> <span class='ocrx_word' id='word_1_515' title='bbox 1451 2710 1669 2769; x_wconf 68' lang='lat' dir='ltr'><strong>voca-aptas.</strong></span> 
     </span>
     <span class='ocr_line' id='line_1_71' title="bbox 798 2709 1591 2846; baseline 0.01 -24"><span class='ocrx_word' id='word_1_516' title='bbox 798 2769 896 2824; x_wconf 87' lang='lat' dir='ltr'><strong>tionis.</strong></span> <span class='ocrx_word' id='word_1_517' title='bbox 907 2709 1006 2822; x_wconf 56' lang='lat' dir='ltr'><strong>Kumbr</strong></span> <span class='ocrx_word' id='word_1_518' title='bbox 1018 2765 1102 2843; x_wconf 76' lang='lat' dir='ltr'><strong>igitur</strong></span> <span class='ocrx_word' id='word_1_519' title='bbox 1110 2766 1280 2824; x_wconf 86' lang='lat' dir='ltr'><strong>sintveritate</strong></span> <span class='ocrx_word' id='word_1_520' title='bbox 1310 2767 1440 2846; x_wconf 78' lang='lat' dir='ltr'><strong>racincti,</strong></span> <span class='ocrx_word' id='word_1_521' title='bbox 1448 2790 1541 2829; x_wconf 88' lang='lat' dir='ltr'><strong>secun·</strong></span> <span class='ocrx_word' id='word_1_522' title='bbox 1555 2773 1591 2829; x_wconf 78' lang='grc' dir='ltr'><strong>ιθ·</strong></span> 
     </span>
    </p>

    <p class='ocr_par' dir='ltr' id='par_1_20' title="bbox 796 2788 1692 3402">
     <span class='ocr_line' id='line_1_72' title="bbox 1283 2788 1542 2908; baseline 0.023 -6"><span class='ocrx_word' id='word_1_523' title='bbox 1283 2788 1308 2902; x_wconf 73' lang='lat' dir='ltr'><strong>i</strong></span> <span class='ocrx_word' id='word_1_524' title='bbox 1315 2846 1418 2905; x_wconf 90' lang='lat' dir='ltr'><strong>bonum</strong></span> <span class='ocrx_word' id='word_1_525' title='bbox 1432 2868 1542 2908; x_wconf 89' lang='lat' dir='ltr'><strong>cursum</strong></span> 
     </span>
     <span class='ocr_line' id='line_1_73' title="bbox 796 2922 1692 3002; baseline 0.002 -21"><span class='ocrx_word' id='word_1_526' title='bbox 796 2922 954 3002; x_wconf 82' lang='lat' dir='ltr'><strong>expeditus,</strong></span> <span class='ocrx_word' id='word_1_527' title='bbox 970 2943 992 2981; x_wconf 81' lang='grc' dir='ltr'><strong>ει</strong></span> <span class='ocrx_word' id='word_1_528' title='bbox 1005 2922 1145 3002; x_wconf 78' lang='lat' dir='ltr'><strong>prasentia</strong></span> <span class='ocrx_word' id='word_1_529' title='bbox 1164 2922 1255 2983; x_wconf 91' lang='lat' dir='ltr'><strong>omnia</strong></span> <span class='ocrx_word' id='word_1_530' title='bbox 1275 2946 1344 2984; x_wconf 84' lang='lat' dir='ltr'><strong>vana</strong></span> <span class='ocrx_word' id='word_1_531' title='bbox 1361 2940 1387 2984; x_wconf 93' lang='lat' dir='ltr'><strong>et</strong></span> <span class='ocrx_word' id='word_1_532' title='bbox 1402 2927 1541 2989; x_wconf 87' lang='lat' dir='ltr'><strong>mendacia</strong></span> <span class='ocrx_word' id='word_1_533' title='bbox 1554 2935 1692 2987; x_wconf 69' lang='grc' dir='ltr'>Ρνιιωθθ.</span> 
     </span>
     <span class='ocr_line' id='line_1_74' title="bbox 797 3000 1543 3082; baseline 0.012 -23"><span class='ocrx_word' id='word_1_534' title='bbox 797 3015 906 3082; x_wconf 85' lang='lat' dir='ltr'><strong>putans,</strong></span> <span class='ocrx_word' id='word_1_535' title='bbox 929 3000 1077 3060; x_wconf 86' lang='lat' dir='ltr'><strong>secundum</strong></span> <span class='ocrx_word' id='word_1_536' title='bbox 1099 3001 1241 3080; x_wconf 88' lang='lat' dir='ltr'><strong>Davidem,</strong></span> <span class='ocrx_word' id='word_1_537' title='bbox 1260 3003 1380 3063; x_wconf 81' lang='lat' dir='ltr'><strong>futuram</strong></span> <span class='ocrx_word' id='word_1_538' title='bbox 1404 3006 1543 3068; x_wconf 85' lang='lat' dir='ltr'><strong>veritatem</strong></span> 
     </span>
     <span class='ocr_line' id='line_1_75' title="bbox 797 3080 1542 3171; baseline 0.012 -33"><span class='ocrx_word' id='word_1_539' title='bbox 797 3102 917 3159; x_wconf 83' lang='lat' dir='ltr'><strong>quaeras,</strong></span> <span class='ocrx_word' id='word_1_540' title='bbox 942 3094 968 3139; x_wconf 91' lang='lat' dir='ltr'><strong>et</strong></span> <span class='ocrx_word' id='word_1_541' title='bbox 989 3081 1048 3171; x_wconf 75' lang='lat' dir='ltr'><strong>ejus</strong></span> <span class='ocrx_word' id='word_1_542' title='bbox 1068 3080 1203 3140; x_wconf 85' lang='lat' dir='ltr'><strong>desiderio</strong></span> <span class='ocrx_word' id='word_1_543' title='bbox 1222 3083 1343 3142; x_wconf 84' lang='lat' dir='ltr'><strong>tenearis.</strong></span> <span class='ocrx_word' id='word_1_544' title='bbox 1368 3083 1452 3144; x_wconf 85' lang='lat' dir='ltr'><strong>Pedes</strong></span> <span class='ocrx_word' id='word_1_545' title='bbox 1477 3107 1542 3148; x_wconf 88' lang='lat' dir='ltr'><strong>vero</strong></span> 
     </span>
     <span class='ocr_line' id='line_1_76' title="bbox 798 3160 1542 3243; baseline 0.007 -24"><span class='ocrx_word' id='word_1_546' title='bbox 798 3160 923 3234; x_wconf 85' lang='lat' dir='ltr'><strong>calceati,</strong></span> <span class='ocrx_word' id='word_1_547' title='bbox 938 3161 1034 3238; x_wconf 74' lang='lat' dir='ltr'><strong>inquit,</strong></span> <span class='ocrx_word' id='word_1_548' title='bbox 1046 3160 1074 3217; x_wconf 94' lang='lat' dir='ltr'><strong>in</strong></span> <span class='ocrx_word' id='word_1_549' title='bbox 1098 3161 1284 3240; x_wconf 69' lang='lat' dir='ltr'><strong>reparatione</strong></span> <span class='ocrx_word' id='word_1_550' title='bbox 1296 3163 1429 3241; x_wconf 76' lang='lat' dir='ltr'><strong>evangelii</strong></span> <span class='ocrx_word' id='word_1_551' title='bbox 1448 3166 1542 3243; x_wconf 85' lang='lat' dir='ltr'><strong>pacis,</strong></span> 
     </span>
     <span class='ocr_line' id='line_1_77' title="bbox 798 3183 1541 3322; baseline 0.008 -25"><span class='ocrx_word' id='word_1_552' title='bbox 798 3238 948 3298; x_wconf 89' lang='lat' dir='ltr'><strong>adomnem</strong></span> <span class='ocrx_word' id='word_1_553' title='bbox 962 3260 1071 3298; x_wconf 89' lang='lat' dir='ltr'><strong>cursum</strong></span> <span class='ocrx_word' id='word_1_554' title='bbox 1087 3183 1189 3297; x_wconf 83' lang='lat' dir='ltr'><strong>bonum</strong></span> <span class='ocrx_word' id='word_1_555' title='bbox 1203 3239 1318 3311; x_wconf 82' lang='lat' dir='ltr'><strong>habiles,</strong></span> <span class='ocrx_word' id='word_1_556' title='bbox 1331 3263 1384 3319; x_wconf 89' lang='lat' dir='ltr'><strong>quo</strong></span> <span class='ocrx_word' id='word_1_557' title='bbox 1398 3256 1476 3322; x_wconf 88' lang='lat' dir='ltr'><strong>pacto</strong></span> <span class='ocrx_word' id='word_1_558' title='bbox 1507 3265 1541 3304; x_wconf 86' lang='lat' dir='ltr'><strong>a·</strong></span> 
     </span>
     <span class='ocr_line' id='line_1_78' title="bbox 798 3266 1540 3402; baseline 0.004 -25"><span class='ocrx_word' id='word_1_559' title='bbox 798 3339 856 3377; x_wconf 91' lang='lat' dir='ltr'><strong>cem</strong></span> <span class='ocrx_word' id='word_1_560' title='bbox 866 3317 939 3399; x_wconf 87' lang='lat' dir='ltr'><strong>apud</strong></span> <span class='ocrx_word' id='word_1_561' title='bbox 951 3321 1039 3376; x_wconf 91' lang='lat' dir='ltr'><strong>Deum</strong></span> <span class='ocrx_word' id='word_1_562' title='bbox 1052 3318 1130 3376; x_wconf 92' lang='lat' dir='ltr'><strong>nobis</strong></span> <span class='ocrx_word' id='word_1_563' title='bbox 1141 3319 1290 3395; x_wconf 85' lang='lat' dir='ltr'><strong>firmamus,</strong></span> <span class='ocrx_word' id='word_1_564' title='bbox 1301 3333 1331 3377; x_wconf 92' lang='lat' dir='ltr'><strong>ut</strong></span> <span class='ocrx_word' id='word_1_565' title='bbox 1342 3320 1380 3378; x_wconf 89' lang='lat' dir='ltr'><strong>uit</strong></span> <span class='ocrx_word' id='word_1_566' title='bbox 1390 3266 1540 3402; x_wconf 69' lang='lat' dir='ltr'><strong>apostolis:</strong></span> 
     </span>
    </p>

    <p class='ocr_par' dir='ltr' id='par_1_21' title="bbox 796 3399 1692 3637">
     <span class='ocr_line' id='line_1_79' title="bbox 798 3399 1692 3477; baseline 0.006 -21"><span class='ocrx_word' id='word_1_567' title='bbox 798 3400 907 3457; x_wconf 85' lang='lat' dir='ltr'><strong>Pacem</strong></span> <span class='ocrx_word' id='word_1_568' title='bbox 921 3399 1081 3456; x_wconf 79' lang='lat' dir='ltr'><strong>babeamus</strong></span> <span class='ocrx_word' id='word_1_569' title='bbox 1094 3399 1135 3456; x_wconf 83' lang='lat' dir='ltr'><strong>ud</strong></span> <span class='ocrx_word' id='word_1_570' title='bbox 1147 3400 1244 3456; x_wconf 86' lang='lat' dir='ltr'><strong>Deum</strong></span> <span class='ocrx_word' id='word_1_571' title='bbox 1254 3420 1306 3477; x_wconf 89' lang='lat' dir='ltr'><strong>per</strong></span> <span class='ocrx_word' id='word_1_572' title='bbox 1315 3400 1476 3460; x_wconf 83' lang='lat' dir='ltr'><strong>Dominum</strong></span> <span class='ocrx_word' id='word_1_573' title='bbox 1489 3424 1541 3460; x_wconf 86' lang='lat' dir='ltr'><strong>uo·</strong></span> <span class='ocrx_word' id='word_1_574' title='bbox 1551 3408 1616 3453; x_wconf 77' lang='lat' dir='ltr'><strong>nom,</strong></span> <span class='ocrx_word' id='word_1_575' title='bbox 1632 3410 1655 3455; x_wconf 80' lang='lat'><strong>5.</strong></span> <span class='ocrx_word' id='word_1_576' title='bbox 1671 3423 1692 3455; x_wconf 80' lang='lat' dir='ltr'><strong>t·</strong></span> 
     </span>
     <span class='ocr_line' id='line_1_80' title="bbox 796 3470 1690 3557; baseline 0.008 -23"><span class='ocrx_word' id='word_1_577' title='bbox 796 3489 888 3536; x_wconf 85' lang='lat' dir='ltr'><strong>strum</strong></span> <span class='ocrx_word' id='word_1_578' title='bbox 906 3478 1008 3535; x_wconf 86' lang='lat' dir='ltr'><strong>Jesum</strong></span> <span class='ocrx_word' id='word_1_579' title='bbox 1032 3478 1180 3535; x_wconf 81' lang='lat' dir='ltr'><strong>Christum</strong></span> <span class='ocrx_word' id='word_1_580' title='bbox 1191 3502 1203 3546; x_wconf 89' lang='lat'><em>;</em></span> <span class='ocrx_word' id='word_1_581' title='bbox 1215 3491 1252 3554; x_wconf 88' lang='lat' dir='ltr'><strong>ct,</strong></span> <span class='ocrx_word' id='word_1_582' title='bbox 1271 3481 1330 3537; x_wconf 87' lang='lat' dir='ltr'><strong>Per</strong></span> <span class='ocrx_word' id='word_1_583' title='bbox 1340 3483 1516 3557; x_wconf 84' lang='lat' dir='ltr'><strong>patientium</strong></span> <span class='ocrx_word' id='word_1_584' title='bbox 1527 3527 1538 3553; x_wconf 88' lang='lat'><em>‚</em></span> <span class='ocrx_word' id='word_1_585' title='bbox 1551 3470 1690 3519; x_wconf 59' lang='lat' dir='ltr'><em>&#39;mm-¹·</em></span> 
     </span>
     <span class='ocr_line' id='line_1_81' title="bbox 797 3554 1541 3637; baseline 0.009 -25"><span class='ocrx_word' id='word_1_586' title='bbox 797 3554 885 3633; x_wconf 92' lang='lat' dir='ltr'><strong>inquit</strong></span> <span class='ocrx_word' id='word_1_587' title='bbox 896 3599 906 3632; x_wconf 90' lang='lat'><strong>,</strong></span> <span class='ocrx_word' id='word_1_588' title='bbox 919 3576 1070 3614; x_wconf 86' lang='lat' dir='ltr'><strong>curramus</strong></span> <span class='ocrx_word' id='word_1_589' title='bbox 1092 3557 1133 3614; x_wconf 82' lang='lat' dir='ltr'><strong>ad</strong></span> <span class='ocrx_word' id='word_1_590' title='bbox 1150 3561 1331 3637; x_wconf 86' lang='lat' dir='ltr'><strong>propositum</strong></span> <span class='ocrx_word' id='word_1_591' title='bbox 1345 3562 1428 3618; x_wconf 84' lang='lat' dir='ltr'><strong>nobis</strong></span> <span class='ocrx_word' id='word_1_592' title='bbox 1447 3574 1541 3619; x_wconf 83' lang='lat' dir='ltr'><strong>certa·</strong></span> 
     </span>
    </p>

    <p class='ocr_par' dir='ltr' id='par_1_22' title="bbox 797 3635 1692 3873">
     <span class='ocr_line' id='line_1_82' title="bbox 797 3635 1678 3714; baseline 0.012 -21"><span class='ocrx_word' id='word_1_593' title='bbox 797 3655 885 3702; x_wconf 69' lang='lat' dir='ltr'><strong>mem</strong></span> <span class='ocrx_word' id='word_1_594' title='bbox 900 3647 935 3707; x_wconf 89' lang='lat' dir='ltr'><strong>et,</strong></span> <span class='ocrx_word' id='word_1_595' title='bbox 948 3635 996 3694; x_wconf 88' lang='lat' dir='ltr'><strong>Sic</strong></span> <span class='ocrx_word' id='word_1_596' title='bbox 1012 3654 1107 3706; x_wconf 82' lang='lat' dir='ltr'><strong>curro,</strong></span> <span class='ocrx_word' id='word_1_597' title='bbox 1125 3647 1156 3693; x_wconf 90' lang='lat' dir='ltr'><strong>ut</strong></span> <span class='ocrx_word' id='word_1_598' title='bbox 1176 3639 1427 3714; x_wconf 73' lang='lat' dir='ltr'><strong>comprehendam.</strong></span> <span class='ocrx_word' id='word_1_599' title='bbox 1444 3639 1573 3699; x_wconf 83' lang='lat' dir='ltr'><strong>Baculi1·</strong></span> <span class='ocrx_word' id='word_1_600' title='bbox 1588 3642 1643 3686; x_wconf 53' lang='grc' dir='ltr'><strong>θον·</strong></span> <span class='ocrx_word' id='word_1_601' title='bbox 1656 3658 1678 3704; x_wconf 84' lang='grc'><strong>9·</strong></span> 
     </span>
     <span class='ocr_line' id='line_1_83' title="bbox 798 3702 1588 3793; baseline 0.006 -22"><span class='ocrx_word' id='word_1_602' title='bbox 798 3713 826 3772; x_wconf 89' lang='lat' dir='ltr'><strong>in</strong></span> <span class='ocrx_word' id='word_1_603' title='bbox 842 3713 967 3773; x_wconf 89' lang='lat' dir='ltr'><strong>manibus</strong></span> <span class='ocrx_word' id='word_1_604' title='bbox 981 3728 1052 3787; x_wconf 92' lang='lat' dir='ltr'><strong>sunt,</strong></span> <span class='ocrx_word' id='word_1_605' title='bbox 1066 3735 1127 3793; x_wconf 84' lang='lat' dir='ltr'><strong>spes</strong></span> <span class='ocrx_word' id='word_1_606' title='bbox 1138 3713 1166 3771; x_wconf 90' lang='lat' dir='ltr'><strong>in</strong></span> <span class='ocrx_word' id='word_1_607' title='bbox 1182 3715 1287 3785; x_wconf 91' lang='lat' dir='ltr'><strong>Deum,</strong></span> <span class='ocrx_word' id='word_1_608' title='bbox 1299 3737 1358 3793; x_wconf 82' lang='lat' dir='ltr'><strong>quae</strong></span> <span class='ocrx_word' id='word_1_609' title='bbox 1372 3718 1462 3775; x_wconf 73' lang='lat' dir='ltr'><strong>firmm</strong></span> <span class='ocrx_word' id='word_1_610' title='bbox 1480 3718 1538 3778; x_wconf 89' lang='lat' dir='ltr'><strong>ani·</strong></span> <span class='ocrx_word' id='word_1_611' title='bbox 1550 3702 1588 3748; x_wconf 77' lang='lat'><strong>²⁶·</strong></span> 
     </span>
     <span class='ocr_line' id='line_1_84' title="bbox 797 3792 1692 3873; baseline 0.008 -23"><span class='ocrx_word' id='word_1_612' title='bbox 797 3814 888 3864; x_wconf 90' lang='lat' dir='ltr'><strong>mam,</strong></span> <span class='ocrx_word' id='word_1_613' title='bbox 905 3813 954 3851; x_wconf 90' lang='lat' dir='ltr'><strong>nec</strong></span> <span class='ocrx_word' id='word_1_614' title='bbox 967 3792 1031 3850; x_wconf 90' lang='lat' dir='ltr'><strong>sinit</strong></span> <span class='ocrx_word' id='word_1_615' title='bbox 1048 3813 1107 3849; x_wconf 85' lang='lat' dir='ltr'><strong>eam</strong></span> <span class='ocrx_word' id='word_1_616' title='bbox 1126 3813 1142 3849; x_wconf 88' lang='lat' dir='ltr'><strong>a</strong></span> <span class='ocrx_word' id='word_1_617' title='bbox 1161 3792 1380 3852; x_wconf 89' lang='lat' dir='ltr'><strong>tribulationibus</strong></span> <span class='ocrx_word' id='word_1_618' title='bbox 1392 3794 1490 3873; x_wconf 90' lang='lat' dir='ltr'><strong>dejici,</strong></span> <span class='ocrx_word' id='word_1_619' title='bbox 1507 3811 1538 3856; x_wconf 92' lang='lat' dir='ltr'><strong>ut</strong></span> <span class='ocrx_word' id='word_1_620' title='bbox 1552 3796 1692 3843; x_wconf 49' lang='lat' dir='ltr'><strong>”Tim-³·</strong></span> 
     </span>
    </p>
   </div>
   <div class='ocr_carea' id='block_1_11' title="bbox 63 3856 1570 3960">
    <p class='ocr_par' dir='ltr' id='par_1_23' title="bbox 63 3856 1570 3960">
     <span class='ocr_line' id='line_1_85' title="bbox 63 3856 1570 3960; baseline -0.003 -22"><span class='ocrx_word' id='word_1_621' title='bbox 63 3882 200 3960; x_wconf 84' lang='grc' dir='ltr'>ιρρόνημα</span> <span class='ocrx_word' id='word_1_622' title='bbox 215 3883 260 3940; x_wconf 80' lang='grc' dir='ltr'><strong>καὶ</strong></span> <span class='ocrx_word' id='word_1_623' title='bbox 272 3871 469 3958; x_wconf 66' lang='grc' dir='ltr'>συνόεταμένον.</span> <span class='ocrx_word' id='word_1_624' title='bbox 481 3876 556 3935; x_wconf 86' lang='grc' dir='ltr'>Διότι</span> <span class='ocrx_word' id='word_1_625' title='bbox 565 3881 612 3946; x_wconf 79' lang='grc' dir='ltr'><strong>τῆς</strong></span> <span class='ocrx_word' id='word_1_626' title='bbox 625 3879 744 3955; x_wconf 84' lang='grc' dir='ltr'>δλοθρευ-</span> <span class='ocrx_word' id='word_1_627' title='bbox 762 3892 779 3936; x_wconf 73' lang='lat' dir='ltr'><strong>s</strong></span> <span class='ocrx_word' id='word_1_628' title='bbox 796 3871 868 3930; x_wconf 80' lang='lat' dir='ltr'><strong>dixit</strong></span> <span class='ocrx_word' id='word_1_629' title='bbox 878 3870 990 3944; x_wconf 88' lang='lat' dir='ltr'><strong>Paulus,</strong></span> <span class='ocrx_word' id='word_1_630' title='bbox 1001 3869 1049 3927; x_wconf 90' lang='lat' dir='ltr'><strong>sed</strong></span> <span class='ocrx_word' id='word_1_631' title='bbox 1061 3869 1177 3927; x_wconf 85' lang='lat' dir='ltr'><strong>firmiter</strong></span> <span class='ocrx_word' id='word_1_632' title='bbox 1187 3870 1263 3930; x_wconf 90' lang='lat' dir='ltr'><strong>illam</strong></span> <span class='ocrx_word' id='word_1_633' title='bbox 1276 3870 1365 3947; x_wconf 82' lang='lat' dir='ltr'><strong>fulcit,</strong></span> <span class='ocrx_word' id='word_1_634' title='bbox 1374 3892 1409 3930; x_wconf 90' lang='lat' dir='ltr'><strong>ne</strong></span> <span class='ocrx_word' id='word_1_635' title='bbox 1418 3873 1536 3934; x_wconf 82' lang='lat' dir='ltr'><strong>vacillet.</strong></span> <span class='ocrx_word' id='word_1_636' title='bbox 1546 3856 1570 3902; x_wconf 75' lang='lat'><strong>³·</strong></span> 
     </span>
    </p>
   </div>
   <div class='ocr_carea' id='block_1_12' title="bbox 63 3954 745 4914">
    <p class='ocr_par' dir='ltr' id='par_1_24' title="bbox 63 3954 745 4914">
     <span class='ocr_line' id='line_1_86' title="bbox 63 3954 743 4058; baseline -0.006 -40"><span class='ocrx_word' id='word_1_637' title='bbox 63 3960 192 4039; x_wconf 87' lang='grc' dir='ltr'>τιμωρίας</span> <span class='ocrx_word' id='word_1_638' title='bbox 212 3961 356 4039; x_wconf 80' lang='grc' dir='ltr'>ὐπὲρόασιν</span> <span class='ocrx_word' id='word_1_639' title='bbox 366 3965 430 4038; x_wconf 83' lang='grc' dir='ltr'>ἡμῖν</span> <span class='ocrx_word' id='word_1_640' title='bbox 441 3954 569 4058; x_wconf 83' lang='grc' dir='ltr'>παρίχει,</span> <span class='ocrx_word' id='word_1_641' title='bbox 589 3960 634 4012; x_wconf 87' lang='grc' dir='ltr'><strong>τοῦ</strong></span> <span class='ocrx_word' id='word_1_642' title='bbox 648 3955 743 4033; x_wconf 84' lang='grc' dir='ltr'>Κυρίου</span> 
     </span>
     <span class='ocr_line' id='line_1_87' title="bbox 63 4033 743 4120; baseline -0.004 -25"><span class='ocrx_word' id='word_1_643' title='bbox 63 4064 70 4095; x_wconf 84' lang='grc' dir='ltr'>ν</span> <span class='ocrx_word' id='word_1_644' title='bbox 96 4041 269 4119; x_wconf 82' lang='grc' dir='ltr'>δωρουμένου,</span> <span class='ocrx_word' id='word_1_645' title='bbox 281 4039 330 4098; x_wconf 87' lang='grc' dir='ltr'><strong>Διό</strong></span> <span class='ocrx_word' id='word_1_646' title='bbox 352 4062 431 4120; x_wconf 76' lang='grc' dir='ltr'>φησι,</span> <span class='ocrx_word' id='word_1_647' title='bbox 445 4039 545 4115; x_wconf 74' lang='grc' dir='ltr'>Πασγα</span> <span class='ocrx_word' id='word_1_648' title='bbox 565 4033 672 4092; x_wconf 80' lang='grc' dir='ltr'>ἰστλίίυ</span> <span class='ocrx_word' id='word_1_649' title='bbox 692 4034 743 4092; x_wconf 82' lang='lat' dir='ltr'><strong>loo·</strong></span> 
     </span>
     <span class='ocr_line' id='line_1_88' title="bbox 67 4057 745 4202; baseline -0.01 -24"><span class='ocrx_word' id='word_1_650' title='bbox 67 4119 154 4202; x_wconf 71' lang='grc' dir='ltr'>ἕτερος</span> <span class='ocrx_word' id='word_1_651' title='bbox 163 4120 311 4200; x_wconf 78' lang='grc' dir='ltr'>ἑρμηνεύων</span> <span class='ocrx_word' id='word_1_652' title='bbox 324 4119 444 4198; x_wconf 85' lang='grc' dir='ltr'>ἀντικρυς</span> <span class='ocrx_word' id='word_1_653' title='bbox 458 4115 571 4197; x_wconf 76' lang='grc' dir='ltr'>εἴρηκεν,</span> <span class='ocrx_word' id='word_1_654' title='bbox 583 4057 745 4193; x_wconf 73' lang='grc' dir='ltr'>Ὑπὲρόασίς</span> 
     </span>
     <span class='ocr_line' id='line_1_89' title="bbox 63 4192 744 4280; baseline -0.012 -21"><span class='ocrx_word' id='word_1_655' title='bbox 63 4202 76 4278; x_wconf 69' lang='grc' dir='ltr'><strong>γ’)</strong></span> <span class='ocrx_word' id='word_1_656' title='bbox 92 4200 189 4280; x_wconf 84' lang='grc' dir='ltr'>Κυρίω.</span> <span class='ocrx_word' id='word_1_657' title='bbox 206 4199 282 4259; x_wconf 75' lang='grc' dir='ltr'>Μετὰ</span> <span class='ocrx_word' id='word_1_658' title='bbox 296 4199 324 4258; x_wconf 80' lang='grc' dir='ltr'>δέ</span> <span class='ocrx_word' id='word_1_659' title='bbox 342 4197 390 4270; x_wconf 78' lang='grc' dir='ltr'><strong>τήν</strong></span> <span class='ocrx_word' id='word_1_660' title='bbox 400 4196 525 4265; x_wconf 87' lang='grc' dir='ltr'>τοιαύτην</span> <span class='ocrx_word' id='word_1_661' title='bbox 537 4192 686 4272; x_wconf 80' lang='grc' dir='ltr'>μετοίληψιν</span> <span class='ocrx_word' id='word_1_662' title='bbox 698 4197 744 4251; x_wconf 87' lang='grc' dir='ltr'><strong>τοῦ</strong></span> 
     </span>
     <span class='ocr_line' id='line_1_90' title="bbox 64 4260 745 4358; baseline -0.01 -21"><span class='ocrx_word' id='word_1_663' title='bbox 64 4260 196 4358; x_wconf 76' lang='grc' dir='ltr'>δρώματὸς</span> <span class='ocrx_word' id='word_1_664' title='bbox 220 4278 251 4337; x_wconf 89' lang='grc' dir='ltr'><strong>τὸ</strong></span> <span class='ocrx_word' id='word_1_665' title='bbox 269 4278 356 4357; x_wconf 87' lang='grc' dir='ltr'>τρίτον</span> <span class='ocrx_word' id='word_1_666' title='bbox 369 4277 483 4354; x_wconf 76' lang='grc' dir='ltr'>ἴδωμεν,</span> <span class='ocrx_word' id='word_1_667' title='bbox 507 4280 595 4334; x_wconf 90' lang='grc' dir='ltr'>ὁποῖον</span> <span class='ocrx_word' id='word_1_668' title='bbox 620 4263 686 4331; x_wconf 85' lang='grc' dir='ltr'>εἰναι</span> <span class='ocrx_word' id='word_1_669' title='bbox 706 4271 745 4330; x_wconf 88' lang='grc' dir='ltr'><strong>δεῖ</strong></span> 
     </span>
     <span class='ocr_line' id='line_1_91' title="bbox 64 4353 744 4437; baseline -0.015 -20"><span class='ocrx_word' id='word_1_670' title='bbox 64 4381 69 4411; x_wconf 84' lang='grc' dir='ltr'><strong>ι</strong></span> <span class='ocrx_word' id='word_1_671' title='bbox 84 4359 139 4436; x_wconf 87' lang='grc' dir='ltr'>βίον</span> <span class='ocrx_word' id='word_1_672' title='bbox 151 4366 196 4418; x_wconf 89' lang='grc' dir='ltr'><strong>τοῦ</strong></span> <span class='ocrx_word' id='word_1_673' title='bbox 209 4358 401 4437; x_wconf 76' lang='grc' dir='ltr'>μετεσχηκότος</span> <span class='ocrx_word' id='word_1_674' title='bbox 409 4359 457 4425; x_wconf 73' lang='grc' dir='ltr'><strong>τῆς</strong></span> <span class='ocrx_word' id='word_1_675' title='bbox 468 4354 544 4432; x_wconf 75' lang='grc' dir='ltr'>ἁγίας</span> <span class='ocrx_word' id='word_1_676' title='bbox 556 4357 667 4431; x_wconf 76' lang='grc' dir='ltr'>τροφῆς·</span> <span class='ocrx_word' id='word_1_677' title='bbox 679 4353 744 4408; x_wconf 88' lang='grc' dir='ltr'>ὁπο·</span> 
     </span>
     <span class='ocr_line' id='line_1_92' title="bbox 64 4428 742 4514; baseline -0.015 -18"><span class='ocrx_word' id='word_1_678' title='bbox 64 4461 85 4496; x_wconf 84' lang='grc' dir='ltr'><strong>τι</strong></span> <span class='ocrx_word' id='word_1_679' title='bbox 93 4440 120 4497; x_wconf 85' lang='grc' dir='ltr'>δέ</span> <span class='ocrx_word' id='word_1_680' title='bbox 134 4447 222 4498; x_wconf 84' lang='grc' dir='ltr'>τοῦτον</span> <span class='ocrx_word' id='word_1_681' title='bbox 233 4437 267 4496; x_wconf 80' lang='grc' dir='ltr'><strong>τὰ</strong></span> <span class='ocrx_word' id='word_1_682' title='bbox 282 4438 384 4514; x_wconf 83' lang='grc' dir='ltr'>ἄζυμα,</span> <span class='ocrx_word' id='word_1_683' title='bbox 398 4436 444 4494; x_wconf 83' lang='grc' dir='ltr'><strong>καί</strong></span> <span class='ocrx_word' id='word_1_684' title='bbox 456 4436 545 4493; x_wconf 81' lang='grc' dir='ltr'>αἰτῶν</span> <span class='ocrx_word' id='word_1_685' title='bbox 559 4430 666 4508; x_wconf 84' lang='grc' dir='ltr'>ἀζύμων</span> <span class='ocrx_word' id='word_1_686' title='bbox 674 4428 742 4506; x_wconf 71' lang='grc' dir='ltr'>ἡμί-</span> 
     </span>
     <span class='ocr_line' id='line_1_93' title="bbox 64 4507 743 4595; baseline -0.016 -18"><span class='ocrx_word' id='word_1_687' title='bbox 64 4520 161 4577; x_wconf 87' lang='grc' dir='ltr'>ουδαῖοι</span> <span class='ocrx_word' id='word_1_688' title='bbox 176 4517 223 4594; x_wconf 84' lang='grc' dir='ltr'><strong>μὲν</strong></span> <span class='ocrx_word' id='word_1_689' title='bbox 233 4507 277 4575; x_wconf 88' lang='grc' dir='ltr'><strong>οὐν</strong></span> <span class='ocrx_word' id='word_1_690' title='bbox 287 4517 348 4595; x_wconf 79' lang='grc' dir='ltr'>περὶ</span> <span class='ocrx_word' id='word_1_691' title='bbox 368 4519 420 4573; x_wconf 89' lang='grc' dir='ltr'><strong>τῶν</strong></span> <span class='ocrx_word' id='word_1_692' title='bbox 433 4513 539 4583; x_wconf 83' lang='grc' dir='ltr'>ἀζύμων</span> <span class='ocrx_word' id='word_1_693' title='bbox 560 4508 743 4576; x_wconf 80' lang='grc' dir='ltr'>σπουδαζέτω-</span> 
     </span>
     <span class='ocr_line' id='line_1_94' title="bbox 66 4588 743 4673; baseline -0.015 -18"><span class='ocrx_word' id='word_1_694' title='bbox 66 4597 93 4655; x_wconf 86' lang='grc' dir='ltr'><strong>αἰ</strong></span> <span class='ocrx_word' id='word_1_695' title='bbox 104 4596 150 4665; x_wconf 75' lang='grc' dir='ltr'><strong>τὸς</strong></span> <span class='ocrx_word' id='word_1_696' title='bbox 164 4597 231 4655; x_wconf 85' lang='grc' dir='ltr'>ἑπτὸι</span> <span class='ocrx_word' id='word_1_697' title='bbox 251 4595 426 4673; x_wconf 79' lang='grc' dir='ltr'>νομιζέτωσαν</span> <span class='ocrx_word' id='word_1_698' title='bbox 441 4592 543 4673; x_wconf 77' lang='grc' dir='ltr'>ἡμέρας</span> <span class='ocrx_word' id='word_1_699' title='bbox 559 4588 685 4670; x_wconf 78' lang='grc' dir='ltr'>παρέχειν</span> <span class='ocrx_word' id='word_1_700' title='bbox 699 4590 743 4645; x_wconf 91' lang='grc' dir='ltr'><strong>αὐ·</strong></span> 
     </span>
     <span class='ocr_line' id='line_1_95' title="bbox 82 4664 742 4754; baseline -0.014 -21"><span class='ocrx_word' id='word_1_701' title='bbox 82 4677 240 4754; x_wconf 84' lang='grc' dir='ltr'>θαυμάσιον,</span> <span class='ocrx_word' id='word_1_702' title='bbox 264 4673 305 4733; x_wconf 88' lang='grc' dir='ltr'><strong>ὁτι</strong></span> <span class='ocrx_word' id='word_1_703' title='bbox 329 4672 448 4751; x_wconf 83' lang='grc' dir='ltr'>ζυμωτὸν</span> <span class='ocrx_word' id='word_1_704' title='bbox 473 4675 519 4730; x_wconf 91' lang='grc' dir='ltr'>οὐκ</span> <span class='ocrx_word' id='word_1_705' title='bbox 544 4668 670 4728; x_wconf 87' lang='grc' dir='ltr'>ἐσθίουσιν</span> <span class='ocrx_word' id='word_1_706' title='bbox 684 4664 742 4725; x_wconf 82' lang='grc' dir='ltr'>οὐδδ</span> 
     </span>
     <span class='ocr_line' id='line_1_96' title="bbox 73 4745 744 4835; baseline -0.012 -23"><span class='ocrx_word' id='word_1_707' title='bbox 73 4761 136 4835; x_wconf 90' lang='grc' dir='ltr'>παρ’</span> <span class='ocrx_word' id='word_1_708' title='bbox 152 4760 269 4824; x_wconf 82' lang='grc' dir='ltr'>ἑαυτοῖς,</span> <span class='ocrx_word' id='word_1_709' title='bbox 291 4752 415 4831; x_wconf 83' lang='grc' dir='ltr'>οὐδεμίαν</span> <span class='ocrx_word' id='word_1_710' title='bbox 426 4751 530 4830; x_wconf 81' lang='grc' dir='ltr'>ἔχοντες</span> <span class='ocrx_word' id='word_1_711' title='bbox 548 4746 675 4827; x_wconf 81' lang='grc' dir='ltr'>ὠρὲλειαν</span> <span class='ocrx_word' id='word_1_712' title='bbox 690 4745 744 4804; x_wconf 90' lang='grc' dir='ltr'>ἀπὸ</span> 
     </span>
     <span class='ocr_line' id='line_1_97' title="bbox 66 4826 743 4914; baseline -0.021 -19"><span class='ocrx_word' id='word_1_713' title='bbox 66 4835 182 4914; x_wconf 87' lang='grc' dir='ltr'>οίγματος</span> <span class='ocrx_word' id='word_1_714' title='bbox 194 4832 333 4901; x_wconf 81' lang='grc' dir='ltr'>ἐπιδεῖξαι·</span> <span class='ocrx_word' id='word_1_715' title='bbox 351 4831 431 4890; x_wconf 88' lang='grc' dir='ltr'>τύπον</span> <span class='ocrx_word' id='word_1_716' title='bbox 444 4828 496 4910; x_wconf 79' lang='grc' dir='ltr'><strong>γὰρ</strong></span> <span class='ocrx_word' id='word_1_717' title='bbox 511 4829 683 4899; x_wconf 86' lang='grc' dir='ltr'>ἐπιτελοῦσιν,</span> <span class='ocrx_word' id='word_1_718' title='bbox 697 4826 743 4882; x_wconf 88' lang='grc' dir='ltr'>οὐκ</span> 
     </span>
    </p>
   </div>
   <div class='ocr_carea' id='block_1_13' title="bbox 65 5019 729 5168">
    <p class='ocr_par' dir='ltr' id='par_1_25' title="bbox 65 5019 729 5168">
     <span class='ocr_line' id='line_1_98' title="bbox 65 5019 535 5090; baseline -0.013 -14"><span class='ocrx_word' id='word_1_719' title='bbox 65 5029 127 5076; x_wconf 70' lang='lat' dir='ltr'><strong>iort.</strong></span> <span class='ocrx_word' id='word_1_720' title='bbox 138 5031 281 5087; x_wconf 73' lang='grc' dir='ltr'>στέλλονται,</span> <span class='ocrx_word' id='word_1_721' title='bbox 293 5034 321 5072; x_wconf 89' lang='lat' dir='ltr'><strong>ut</strong></span> <span class='ocrx_word' id='word_1_722' title='bbox 332 5022 436 5090; x_wconf 79' lang='lat' dir='ltr'><strong>legimus</strong></span> <span class='ocrx_word' id='word_1_723' title='bbox 448 5019 535 5086; x_wconf 66' lang='lat' dir='ltr'><strong>intra]</strong></span> 
     </span>
     <span class='ocr_line' id='line_1_99' title="bbox 65 5097 729 5168; baseline -0.012 -13"><span class='ocrx_word' id='word_1_724' title='bbox 65 5104 135 5156; x_wconf 76' lang='lat' dir='ltr'><strong>vilius</strong></span> <span class='ocrx_word' id='word_1_725' title='bbox 148 5101 280 5168; x_wconf 87' lang='lat' dir='ltr'><strong>legendum</strong></span> <span class='ocrx_word' id='word_1_726' title='bbox 298 5113 371 5168; x_wconf 87' lang='lat' dir='ltr'><strong>putat</strong></span> <span class='ocrx_word' id='word_1_727' title='bbox 390 5104 475 5160; x_wconf 76' lang='grc' dir='ltr'>ιλπίθις</span> <span class='ocrx_word' id='word_1_728' title='bbox 486 5108 517 5154; x_wconf 78' lang='lat' dir='ltr'><strong>at.</strong></span> <span class='ocrx_word' id='word_1_729' title='bbox 531 5097 607 5167; x_wconf 81' lang='lat' dir='ltr'><strong>[Mox</strong></span> <span class='ocrx_word' id='word_1_730' title='bbox 622 5112 669 5161; x_wconf 87' lang='lat' dir='ltr'><strong>pro</strong></span> <span class='ocrx_word' id='word_1_731' title='bbox 681 5102 729 5147; x_wconf 77' lang='lat' dir='ltr'><strong>tee-</strong></span> 
     </span>
    </p>
   </div>
   <div class='ocr_carea' id='block_1_14' title="bbox 66 5183 223 5246">
    <p class='ocr_par' dir='ltr' id='par_1_26' title="bbox 66 5183 223 5246">
     <span class='ocr_line' id='line_1_100' title="bbox 66 5183 223 5246; baseline -0.013 -10"><span class='ocrx_word' id='word_1_732' title='bbox 66 5203 77 5241; x_wconf 76' lang='grc' dir='ltr'><strong>ζ.</strong></span> <span class='ocrx_word' id='word_1_733' title='bbox 89 5183 223 5246; x_wconf 75' lang='grc' dir='ltr'>σαίνεσθαι]</span> 
     </span>
    </p>
   </div>
   <div class='ocr_carea' id='block_1_15' title="bbox 796 3949 1675 4901">
    <p class='ocr_par' dir='ltr' id='par_1_27' title="bbox 796 3949 1675 4901">
     <span class='ocr_line' id='line_1_101' title="bbox 799 3949 1675 4020; baseline 0.002 -11"><span class='ocrx_word' id='word_1_734' title='bbox 799 3950 974 4009; x_wconf 78' lang='lat' dir='ltr'><strong>Cumstudio</strong></span> <span class='ocrx_word' id='word_1_735' title='bbox 988 3949 1129 4006; x_wconf 86' lang='lat' dir='ltr'><strong>comedite</strong></span> <span class='ocrx_word' id='word_1_736' title='bbox 1139 3949 1218 4006; x_wconf 85' lang='lat' dir='ltr'><strong>illud</strong></span> <span class='ocrx_word' id='word_1_737' title='bbox 1224 3973 1236 4018; x_wconf 89' lang='grc'>,·</span> <span class='ocrx_word' id='word_1_738' title='bbox 1248 3951 1368 4007; x_wconf 80' lang='lat' dir='ltr'><strong>Pascha</strong></span> <span class='ocrx_word' id='word_1_739' title='bbox 1382 3965 1425 4009; x_wconf 89' lang='lat' dir='ltr'><strong>est</strong></span> <span class='ocrx_word' id='word_1_740' title='bbox 1435 3953 1537 4011; x_wconf 85' lang='lat' dir='ltr'><strong>Domi·</strong></span> <span class='ocrx_word' id='word_1_741' title='bbox 1547 3956 1625 4000; x_wconf 68' lang='lat' dir='ltr'><strong>Esou.</strong></span> <span class='ocrx_word' id='word_1_742' title='bbox 1642 3967 1675 4020; x_wconf 68' lang='grc' dir='ltr'>μ·</span> 
     </span>
     <span class='ocr_line' id='line_1_102' title="bbox 798 4025 1587 4110; baseline 0.004 -23"><span class='ocrx_word' id='word_1_743' title='bbox 798 4033 836 4087; x_wconf 87' lang='lat' dir='ltr'><strong>ni.</strong></span> <span class='ocrx_word' id='word_1_744' title='bbox 855 4030 914 4086; x_wconf 89' lang='lat' dir='ltr'><strong>Non</strong></span> <span class='ocrx_word' id='word_1_745' title='bbox 928 4026 1028 4100; x_wconf 89' lang='lat' dir='ltr'><strong>mollis,</strong></span> <span class='ocrx_word' id='word_1_746' title='bbox 1044 4047 1092 4085; x_wconf 91' lang='lat' dir='ltr'><strong>nec</strong></span> <span class='ocrx_word' id='word_1_747' title='bbox 1104 4025 1138 4084; x_wconf 87' lang='lat' dir='ltr'><strong>ad</strong></span> <span class='ocrx_word' id='word_1_748' title='bbox 1152 4027 1318 4106; x_wconf 82' lang='lat' dir='ltr'><strong>voluptatem</strong></span> <span class='ocrx_word' id='word_1_749' title='bbox 1330 4027 1393 4087; x_wconf 89' lang='lat' dir='ltr'><strong>data</strong></span> <span class='ocrx_word' id='word_1_750' title='bbox 1408 4044 1447 4088; x_wconf 76' lang='lat' dir='ltr'><strong>est</strong></span> <span class='ocrx_word' id='word_1_751' title='bbox 1465 4052 1536 4110; x_wconf 87' lang='lat' dir='ltr'><strong>esca,</strong></span> <span class='ocrx_word' id='word_1_752' title='bbox 1552 4030 1587 4061; x_wconf 90' lang='lat'><strong>¹¹·</strong></span> 
     </span>
     <span class='ocr_line' id='line_1_103' title="bbox 797 4104 1537 4183; baseline 0.004 -17"><span class='ocrx_word' id='word_1_753' title='bbox 797 4129 850 4166; x_wconf 93' lang='lat' dir='ltr'><strong>non</strong></span> <span class='ocrx_word' id='word_1_754' title='bbox 872 4105 1050 4165; x_wconf 87' lang='lat' dir='ltr'><strong>demissorum</strong></span> <span class='ocrx_word' id='word_1_755' title='bbox 1064 4126 1113 4164; x_wconf 90' lang='lat' dir='ltr'><strong>nec</strong></span> <span class='ocrx_word' id='word_1_756' title='bbox 1132 4104 1344 4182; x_wconf 84' lang='lat' dir='ltr'><strong>declinantium,</strong></span> <span class='ocrx_word' id='word_1_757' title='bbox 1359 4108 1406 4166; x_wconf 88' lang='lat' dir='ltr'><strong>sed</strong></span> <span class='ocrx_word' id='word_1_758' title='bbox 1424 4131 1537 4183; x_wconf 88' lang='lat' dir='ltr'><strong>eorum,</strong></span> 
     </span>
     <span class='ocr_line' id='line_1_104' title="bbox 796 4183 1540 4266; baseline 0.005 -21"><span class='ocrx_word' id='word_1_759' title='bbox 796 4187 843 4266; x_wconf 91' lang='lat' dir='ltr'><strong>qui</strong></span> <span class='ocrx_word' id='word_1_760' title='bbox 856 4184 968 4265; x_wconf 80' lang='lat' dir='ltr'><strong>vigilem</strong></span> <span class='ocrx_word' id='word_1_761' title='bbox 981 4197 1007 4243; x_wconf 88' lang='lat' dir='ltr'><strong>et</strong></span> <span class='ocrx_word' id='word_1_762' title='bbox 1020 4183 1152 4243; x_wconf 90' lang='lat' dir='ltr'><strong>intentum</strong></span> <span class='ocrx_word' id='word_1_763' title='bbox 1166 4185 1265 4244; x_wconf 86' lang='lat' dir='ltr'><strong>habent</strong></span> <span class='ocrx_word' id='word_1_764' title='bbox 1282 4185 1414 4264; x_wconf 89' lang='lat' dir='ltr'><strong>animum,</strong></span> <span class='ocrx_word' id='word_1_765' title='bbox 1432 4189 1495 4266; x_wconf 88' lang='lat' dir='ltr'><strong>quia</strong></span> <span class='ocrx_word' id='word_1_766' title='bbox 1510 4189 1540 4250; x_wconf 93' lang='lat' dir='ltr'><strong>id</strong></span> 
     </span>
     <span class='ocr_line' id='line_1_105' title="bbox 797 4263 1537 4346; baseline 0.004 -22"><span class='ocrx_word' id='word_1_767' title='bbox 797 4266 1034 4346; x_wconf 84' lang='lat' dir='ltr'><strong>nohispraestat,ut</strong></span> <span class='ocrx_word' id='word_1_768' title='bbox 1078 4263 1399 4343; x_wconf 84' lang='lat' dir='ltr'><strong>rniciemetsupplicium</strong></span> <span class='ocrx_word' id='word_1_769' title='bbox 1409 4266 1537 4345; x_wconf 81' lang='lat' dir='ltr'><strong>vitemus,</strong></span> 
     </span>
     <span class='ocr_line' id='line_1_106' title="bbox 798 4285 1538 4423; baseline 0.003 -18"><span class='ocrx_word' id='word_1_770' title='bbox 798 4345 916 4405; x_wconf 91' lang='lat' dir='ltr'><strong>Domino</strong></span> <span class='ocrx_word' id='word_1_771' title='bbox 928 4343 1019 4401; x_wconf 85' lang='lat' dir='ltr'><strong>dante.</strong></span> <span class='ocrx_word' id='word_1_772' title='bbox 1034 4285 1204 4423; x_wconf 51' lang='lat' dir='ltr'><strong>&amp;apropter</strong></span> <span class='ocrx_word' id='word_1_773' title='bbox 1212 4341 1289 4417; x_wconf 89' lang='lat' dir='ltr'><strong>dicit,</strong></span> <span class='ocrx_word' id='word_1_774' title='bbox 1300 4345 1420 4404; x_wconf 76' lang='lat' dir='ltr'><strong>Pascite</strong></span> <span class='ocrx_word' id='word_1_775' title='bbox 1432 4367 1463 4420; x_wconf 77' lang='lat' dir='ltr'><strong>es</strong></span> <span class='ocrx_word' id='word_1_776' title='bbox 1478 4350 1538 4407; x_wconf 90' lang='lat' dir='ltr'><strong>Do-</strong></span> 
     </span>
     <span class='ocr_line' id='line_1_107' title="bbox 798 4421 1538 4504; baseline 0.007 -22"><span class='ocrx_word' id='word_1_777' title='bbox 798 4428 891 4493; x_wconf 84' lang='lat' dir='ltr'><strong>mini;</strong></span> <span class='ocrx_word' id='word_1_778' title='bbox 904 4421 978 4500; x_wconf 89' lang='lat' dir='ltr'><strong>quod</strong></span> <span class='ocrx_word' id='word_1_779' title='bbox 1000 4421 1071 4481; x_wconf 92' lang='lat' dir='ltr'><strong>alius</strong></span> <span class='ocrx_word' id='word_1_780' title='bbox 1089 4422 1219 4502; x_wconf 88' lang='lat' dir='ltr'><strong>interpres</strong></span> <span class='ocrx_word' id='word_1_781' title='bbox 1239 4421 1328 4493; x_wconf 86' lang='lat' dir='ltr'><strong>vertit,</strong></span> <span class='ocrx_word' id='word_1_782' title='bbox 1340 4424 1538 4504; x_wconf 81' lang='lat' dir='ltr'><strong>Supergressio</strong></span> 
     </span>
     <span class='ocr_line' id='line_1_108' title="bbox 797 4499 1537 4586; baseline 0.003 -23"><span class='ocrx_word' id='word_1_783' title='bbox 797 4517 840 4563; x_wconf 88' lang='lat' dir='ltr'><strong>est</strong></span> <span class='ocrx_word' id='word_1_784' title='bbox 851 4505 988 4563; x_wconf 85' lang='lat' dir='ltr'><strong>Domino.</strong></span> <span class='ocrx_word' id='word_1_785' title='bbox 1005 4501 1069 4559; x_wconf 85' lang='lat' dir='ltr'><strong>Post</strong></span> <span class='ocrx_word' id='word_1_786' title='bbox 1090 4501 1169 4559; x_wconf 84' lang='lat' dir='ltr'><strong>talem</strong></span> <span class='ocrx_word' id='word_1_787' title='bbox 1182 4499 1270 4560; x_wconf 82' lang='lat' dir='ltr'><strong>divini</strong></span> <span class='ocrx_word' id='word_1_788' title='bbox 1283 4499 1337 4560; x_wconf 76' lang='lat' dir='ltr'><strong>cibi</strong></span> <span class='ocrx_word' id='word_1_789' title='bbox 1351 4504 1537 4586; x_wconf 89' lang='lat' dir='ltr'><strong>participatio-</strong></span> 
     </span>
     <span class='ocr_line' id='line_1_109' title="bbox 798 4579 1539 4659; baseline 0.003 -17"><span class='ocrx_word' id='word_1_790' title='bbox 798 4604 870 4659; x_wconf 88' lang='lat' dir='ltr'><strong>nem,</strong></span> <span class='ocrx_word' id='word_1_791' title='bbox 886 4581 966 4640; x_wconf 90' lang='lat' dir='ltr'><strong>tertio</strong></span> <span class='ocrx_word' id='word_1_792' title='bbox 989 4579 1127 4640; x_wconf 87' lang='lat' dir='ltr'><strong>videamus</strong></span> <span class='ocrx_word' id='word_1_793' title='bbox 1140 4579 1276 4658; x_wconf 87' lang='lat' dir='ltr'><strong>qualemo</strong></span> <span class='ocrx_word' id='word_1_794' title='bbox 1313 4594 1364 4640; x_wconf 80' lang='lat' dir='ltr'><strong>rtet</strong></span> <span class='ocrx_word' id='word_1_795' title='bbox 1383 4604 1439 4642; x_wconf 88' lang='lat' dir='ltr'><strong>esse</strong></span> <span class='ocrx_word' id='word_1_796' title='bbox 1453 4585 1539 4645; x_wconf 85' lang='lat' dir='ltr'><strong>vitam</strong></span> 
     </span>
     <span class='ocr_line' id='line_1_110' title="bbox 796 4658 1539 4741; baseline 0.003 -20"><span class='ocrx_word' id='word_1_797' title='bbox 796 4663 865 4741; x_wconf 89' lang='lat' dir='ltr'><strong>ejus,</strong></span> <span class='ocrx_word' id='word_1_798' title='bbox 877 4661 925 4739; x_wconf 90' lang='lat' dir='ltr'><strong>qui</strong></span> <span class='ocrx_word' id='word_1_799' title='bbox 935 4680 1041 4718; x_wconf 87' lang='lat' dir='ltr'><strong>sacrum</strong></span> <span class='ocrx_word' id='word_1_800' title='bbox 1052 4659 1143 4717; x_wconf 91' lang='lat' dir='ltr'><strong>cibum</strong></span> <span class='ocrx_word' id='word_1_801' title='bbox 1156 4658 1263 4740; x_wconf 86' lang='lat' dir='ltr'><strong>accipit.</strong></span> <span class='ocrx_word' id='word_1_802' title='bbox 1306 4680 1356 4720; x_wconf 86' lang='lat' dir='ltr'><strong>anc</strong></span> <span class='ocrx_word' id='word_1_803' title='bbox 1366 4662 1539 4723; x_wconf 82' lang='lat' dir='ltr'><strong>subindicant</strong></span> 
     </span>
     <span class='ocr_line' id='line_1_111' title="bbox 796 4737 1538 4822; baseline 0.003 -23"><span class='ocrx_word' id='word_1_804' title='bbox 796 4761 891 4821; x_wconf 83' lang='lat' dir='ltr'><strong>azyma</strong></span> <span class='ocrx_word' id='word_1_805' title='bbox 914 4752 940 4798; x_wconf 89' lang='lat' dir='ltr'><strong>et</strong></span> <span class='ocrx_word' id='word_1_806' title='bbox 958 4738 1017 4796; x_wconf 88' lang='lat' dir='ltr'><strong>dies</strong></span> <span class='ocrx_word' id='word_1_807' title='bbox 1038 4758 1205 4818; x_wconf 82' lang='lat' dir='ltr'><strong>azymorum.</strong></span> <span class='ocrx_word' id='word_1_808' title='bbox 1220 4737 1309 4800; x_wconf 83' lang='lat' dir='ltr'><strong>Judaei</strong></span> <span class='ocrx_word' id='word_1_809' title='bbox 1334 4739 1425 4818; x_wconf 88' lang='lat' dir='ltr'><strong>itaque</strong></span> <span class='ocrx_word' id='word_1_810' title='bbox 1444 4763 1538 4822; x_wconf 82' lang='lat' dir='ltr'><strong>azyma</strong></span> 
     </span>
     <span class='ocr_line' id='line_1_112' title="bbox 796 4816 1537 4901; baseline 0.001 -22"><span class='ocrx_word' id='word_1_811' title='bbox 796 4832 899 4896; x_wconf 86' lang='lat' dir='ltr'><strong>curent,</strong></span> <span class='ocrx_word' id='word_1_812' title='bbox 910 4830 1056 4899; x_wconf 88' lang='lat' dir='ltr'><strong>putentque</strong></span> <span class='ocrx_word' id='word_1_813' title='bbox 1069 4831 1170 4897; x_wconf 87' lang='lat' dir='ltr'><strong>septem</strong></span> <span class='ocrx_word' id='word_1_814' title='bbox 1187 4816 1245 4877; x_wconf 86' lang='lat' dir='ltr'><strong>dies</strong></span> <span class='ocrx_word' id='word_1_815' title='bbox 1258 4818 1383 4878; x_wconf 85' lang='lat' dir='ltr'><strong>mirabile</strong></span> <span class='ocrx_word' id='word_1_816' title='bbox 1395 4819 1537 4901; x_wconf 86' lang='lat' dir='ltr'><strong>quidpiam</strong></span> 
     </span>
    </p>
   </div>
   <div class='ocr_carea' id='block_1_16' title="bbox 778 5007 1539 5241">
    <p class='ocr_par' dir='ltr' id='par_1_28' title="bbox 778 5007 1539 5241">
     <span class='ocr_line' id='line_1_113' title="bbox 811 5007 1536 5080; baseline -0.003 -16"><span class='ocrx_word' id='word_1_817' title='bbox 811 5015 825 5053; x_wconf 74' lang='lat' dir='ltr'><strong>b</strong></span> <span class='ocrx_word' id='word_1_818' title='bbox 841 5014 971 5077; x_wconf 84' lang='lat' dir='ltr'><strong>Interpres</strong></span> <span class='ocrx_word' id='word_1_819' title='bbox 982 5007 1022 5059; x_wconf 83' lang='lat' dir='ltr'><strong>ille</strong></span> <span class='ocrx_word' id='word_1_820' title='bbox 1032 5010 1076 5075; x_wconf 89' lang='lat' dir='ltr'><strong>qui</strong></span> <span class='ocrx_word' id='word_1_821' title='bbox 1092 5016 1162 5071; x_wconf 71' lang='lat' dir='ltr'><strong>nnn</strong></span> <span class='ocrx_word' id='word_1_822' title='bbox 1180 5012 1256 5060; x_wconf 84' lang='lat' dir='ltr'><strong>vertit</strong></span> <span class='ocrx_word' id='word_1_823' title='bbox 1265 5015 1428 5080; x_wconf 72' lang='grc' dir='ltr'>ὁπιρθσσιςειι</span> <span class='ocrx_word' id='word_1_824' title='bbox 1440 5011 1536 5078; x_wconf 75' lang='lat' dir='ltr'><strong>Aquila,</strong></span> 
     </span>
     <span class='ocr_line' id='line_1_114' title="bbox 778 5091 1539 5162; baseline -0.008 -14"><span class='ocrx_word' id='word_1_825' title='bbox 778 5109 807 5148; x_wconf 93' lang='lat' dir='ltr'><strong>ut</strong></span> <span class='ocrx_word' id='word_1_826' title='bbox 818 5095 904 5147; x_wconf 82' lang='lat' dir='ltr'><strong>rideas</strong></span> <span class='ocrx_word' id='word_1_827' title='bbox 921 5097 947 5144; x_wconf 84' lang='lat' dir='ltr'><strong>ln</strong></span> <span class='ocrx_word' id='word_1_828' title='bbox 964 5092 1083 5158; x_wconf 81' lang='lat' dir='ltr'><strong>llexaplis</strong></span> <span class='ocrx_word' id='word_1_829' title='bbox 1100 5093 1192 5142; x_wconf 80' lang='lat' dir='ltr'><strong>nostris</strong></span> <span class='ocrx_word' id='word_1_830' title='bbox 1213 5091 1293 5143; x_wconf 80' lang='lat' dir='ltr'><strong>Exod.</strong></span> <span class='ocrx_word' id='word_1_831' title='bbox 1307 5096 1348 5158; x_wconf 82' lang='lat' dir='ltr'><strong>tt,</strong></span> <span class='ocrx_word' id='word_1_832' title='bbox 1361 5095 1401 5160; x_wconf 65' lang='lat' dir='ltr'><strong>tr,</strong></span> <span class='ocrx_word' id='word_1_833' title='bbox 1416 5097 1477 5146; x_wconf 79' lang='lat' dir='ltr'><strong>etin</strong></span> <span class='ocrx_word' id='word_1_834' title='bbox 1489 5099 1539 5162; x_wconf 78' lang='lat' dir='ltr'><strong>Ap-</strong></span> 
     </span>
     <span class='ocr_line' id='line_1_115' title="bbox 778 5169 1195 5241; baseline -0.024 -13"><span class='ocrx_word' id='word_1_835' title='bbox 778 5173 883 5241; x_wconf 84' lang='lat' dir='ltr'><strong>pendlce</strong></span> <span class='ocrx_word' id='word_1_836' title='bbox 894 5175 921 5225; x_wconf 87' lang='lat' dir='ltr'><strong>ln</strong></span> <span class='ocrx_word' id='word_1_837' title='bbox 931 5170 980 5223; x_wconf 87' lang='lat' dir='ltr'><strong>line</strong></span> <span class='ocrx_word' id='word_1_838' title='bbox 991 5169 1102 5237; x_wconf 69' lang='lat' dir='ltr'><strong>ejusdem</strong></span> <span class='ocrx_word' id='word_1_839' title='bbox 1112 5169 1195 5220; x_wconf 83' lang='lat' dir='ltr'><strong>Tomi.</strong></span> 
     </span>
    </p>
   </div>
   <div class='ocr_carea' id='block_1_17' title="bbox 0 0 1885 5940">
    <p class='ocr_par' dir='ltr' id='par_1_29' title="bbox 0 0 1885 5940">
     <span class='ocr_line' id='line_1_116' title="bbox 0 0 1885 5940; baseline 0 0"><span class='ocrx_word' id='word_1_840' title='bbox 0 0 1885 5940; x_wconf 95' lang='lat' dir='ltr'><strong> </strong></span> 
     </span>
    </p>
   </div>
  </div>
 </body>
</html>
