3750 5940
67 460 71 467 .
98 422 219 477 nxxtv.
245 402 293 477 ai.
321 428 440 479 crassa
779 416 854 510 4q9

66 570 165 654 ⁴³⁸tion
177 553 251 615 enim
259 554 313 615 aba
326 568 423 617 natura
434 578 482 639 per
495 557 578 619 alium
593 556 775 639 dignoscitur.
787 560 855 625 ideo

74 665 97 713 Δ
108 645 172 727 jure
183 647 334 732 increpavit
347 649 441 713 dicens
454 675 462 709 ε
480 654 577 713 Tanto
599 667 727 736 uapore
752 660 854 719 uobis·

110 762 178 802 cuns
190 765 265 806 saon.
281 746 370 807 Tanta
381 744 510 827 dignatus
521 768 551 809 cs
563 746 696 827 docuinu
704 749 800 813 vidisti
814 752 854 813 si·

112 853 165 913 gna
176 856 239 896 cum
251 838 409 900 seueritate
420 840 500 916 tacu,
513 853 540 901 et
553 839 645 901 omnir
657 862 719 921 qua
726 840 854 905 divinita·

111 925 145 987 tis
158 942 232 989 mant
243 930 363 1013 propriu,
375 944 402 991 et
413 930 489 1012 quod
501 934 582 995 Peter
592 932 667 994 solus
688 934 765 1011 facit,
787 954 853 1017 pee-

110 1036 168 1083 eata
178 1024 298 1101 senisse,
308 1046 405 1087 meana
416 1024 445 1086 in
457 1024 579 1087 medium
593 1026 722 1105 adducta,
731 1028 854 1110 fugatam

109 1129 236 1195 mortem,
245 1118 406 1179 emtionem
416 1138 452 1180 ex
462 1120 652 1197 tmaiacum,
677 1121 719 1181 Is't
731 1140 793 1183 sort
803 1140 854 1183 eo·

107 1213 236 1290 gaoristi
248 1215 314 1269 me?

149 1304 177 1362 u.
188 1300 260 1373 Quia
268 1300 340 1361 enim
348 1321 428 1363 earne
434 1299 617 1363 circumdatus
623 1312 690 1379 crat,
699 1300 762 1363 ideo
770 1300 854 1380 dixit,
931 1378 935 1387 Ι

109 1394 178 1452 nnn
194 1397 356 1473 cognovisti
372 1415 428 1453 me.
438 1392 542 1456 Vidisti
556 1394 682 1455 Patrem?
694 1395 737 1455 Ns
748 1416 855 1475 queres

107 1485 225 1567 amplius
231 1484 323 1547 videre
332 1486 374 1546 :in
383 1506 427 1547 rue
433 1485 506 1547 enim
516 1485 596 1547 illum
606 1485 713 1548 vidisti,
722 1486 854 1551 Sividisti

108 1598 161 1654 me,
175 1599 208 1637 ne
221 1579 326 1640 curiose
335 1579 456 1658 inquiras
472 1578 587 1639 :etenim
602 1579 632 1640 in
647 1578 792 1663 meipsum
804 1602 854 1643 no·

107 1669 150 1729 sti.
166 1672 214 1731 to,
226 1675 296 1732 Νοιι
308 1674 401 1734 credis
418 1676 489 1754 quia
498 1694 552 1755 ego
561 1676 594 1733 ia
605 1675 718 1734 Patre?
730 1672 790 1735 Hoc
802 1688 852 1753 est,

107 1761 200 1822 inilia
221 1763 372 1824 substantia
388 1785 513 1845 appareo.
532 1768 630 1827 Verba
648 1787 716 1847 qum
734 1786 788 1847 ego
808 1767 852 1827 io·

71 1868 88 1915 n
107 1875 191 1934 quor,
207 1877 227 1916 a
241 1860 349 1937 meipso
359 1876 419 1917 aon
438 1857 552 1938 loquor.
568 1856 669 1920 Viden’
685 1857 851 1940 propinqui-

106 1947 168 2007 tatis
181 1970 330 2025 excessum,
345 1964 372 2010 et
383 1949 628 2011 uniussubstantiae
638 1952 853 2031 argumentum?

106 2044 200 2101 Pater
210 2055 309 2103 autem
328 2046 361 2101 in
374 2063 421 2103 me
439 2063 573 2116 monem,
588 2046 652 2123 ipse
658 2045 737 2123 fecit
749 2064 849 2125 epm.

106 2134 251 2207 Quomodo
269 2156 285 2194 a
307 2135 401 2197 verbis
420 2156 509 2209 orsus,
523 2135 622 2196 transit
633 2134 669 2195 ud
684 2136 786 2218 opera?
806 2135 852 2199 Ex

105 2228 278 2307 consequenti
289 2228 364 2289 enim
373 2228 463 2289 dicere
469 2227 578 2307 debuit,
588 2228 650 2311 lpse
660 2228 783 2308 loquitur
791 2251 853 2293 ver·

104 2321 152 2399 lia3
163 2322 212 2382 sed
230 2323 287 2383 duo
305 2322 352 2382 hie
377 2321 464 2405 ponit,
483 2320 637 2383 doctrinm
650 2334 678 2383 et
696 2320 792 2403 signu
808 2323 853 2385 vet

104 2416 181 2495 quod
193 2416 274 2477 etiam
285 2417 369 2477 umba
376 2430 462 2477 mseat
474 2437 565 2497 opere.
580 2415 726 2489 Quomodo
738 2418 852 2499 ergodo-

105 2509 142 2569 cit
154 2510 220 2570 itte?
235 2509 344 2569 Etenim
355 2508 423 2569 alibi
435 2508 504 2570 dicit
520 2532 528 2567 s
542 2509 575 2571 Si
588 2511 741 2592 nonsacio
761 2530 850 2592 opera
860 2522 931 2569 toan.
950 2537 986 2570 ιο.

104 2606 278 2676 Petrismei,
297 2605 388 2663 nolite
396 2605 470 2662 miisi
485 2604 622 2663 credero:
634 2601 770 2683 quomodo
785 2590 899 2685 crgo³7·

103 2695 148 2755 bie
162 2700 270 2757 Patrem
282 2697 370 2756 iacere
381 2695 468 2757 dicit?
480 2695 538 2756 Hoc
550 2695 640 2778 ipsum
655 2694 789 2773 indimus,
808 2696 851 2757 ni·

103 2787 143 2848 hil
159 2789 280 2849 medium
289 2811 345 2849 csse
356 2789 426 2849 inter
436 2789 544 2849 Patrem
555 2800 582 2847 et
598 2788 621 2847 F
622 2788 717 2865 ilium;
732 2788 785 2849 boc
801 2802 851 2868 est,

67 2892 86 2939 c
104 2882 164 2941 Non
174 2882 252 2941 aliter
273 2881 336 2940 t‘ceit
346 2882 435 2959 Pater,
455 2881 535 2941 aliter
547 2901 598 2960 ego
610 2880 679 2941 facio
692 2905 699 2939 ε
714 2880 852 2963 siqrridcrn
932 2886 940 2899 '

103 2975 169 3033 alibi
181 2975 272 3056 etipse
286 2990 311 3035 et
319 2975 400 3034 Pater
412 2973 518 3055 operari
535 2972 652 3034 dieitur:
660 2976 756 3035 Pater
770 2997 851 3039 meres
861 2986 922 3033 tarn
934 2986 1001 3047 ⁵³7·

104 3069 294 3149 usquemodo
312 3079 458 3147 operatur,
472 3079 501 3126 et
516 3087 569 3147 ego
582 3086 692 3147 operor.
706 3066 770 3129 lilio
788 3068 852 3131 nnl-

103 3158 158 3220 lam
166 3182 222 3221 esse
231 3174 344 3242 operum
351 3159 543 3233 differentiam,
555 3158 601 3218 bie
607 3157 730 3242 idipsum
739 3159 850 3223 indicat.

104 3253 188 3328 Quod
201 3255 224 3314 si
234 3254 323 3335 prima
333 3254 421 3312 fronte
428 3252 512 3312 verba
524 3251 646 3331 aliquam
657 3251 788 3314 exhibent
798 3253 851 3315 bu·

103 3346 256 3422 militatem,
270 3368 304 3406 ne
316 3344 431 3405 mireris.
449 3345 521 3405 Nam
541 3366 605 3405 cum
624 3345 704 3427 prius
726 3344 851 3423 dixisset,

102 3441 171 3499 Non
183 3441 288 3510 credis,
305 3452 370 3499 tunc
391 3439 432 3499 sie
451 3439 580 3518 loquutus
593 3452 646 3514 αις
666 3438 808 3501 osteadens
822 3461 851 3501 se

102 3531 163 3591 ideo
177 3532 216 3591 ita
229 3531 313 3591 verba
328 3545 498 3613 temperasse,
509 3545 539 3590 ut
551 3529 631 3590 illum
641 3530 678 3591 ad
695 3530 780 3592 fid·
800 3532 850 3593 ed·

101 3624 220 3684 duceret.
239 3626 271 3684 ln
282 3623 410 3683 cordibus
430 3644 547 3702 namque
567 3644 660 3682 eorum
680 3622 849 3683 versabatur.

103 3718 152 3775 tt.
170 3718 296 3777 Creditis
319 3721 390 3797 quia
406 3737 459 3796 ego
479 3719 511 3775 in
524 3718 627 3787 Patre,
645 3729 674 3775 et
702 3719 797 3776 Pater
817 3721 850 3775 in

100 3815 165 3867 me?
176 3809 327 3890 Oportebat
336 3821 408 3868 certe
421 3830 471 3868 vos
481 3807 621 3867 audientes
634 3807 743 3867 Patrem
758 3820 785 3866 et
800 3808 822 3866 F
823 3807 849 3866 i-

99 3900 177 3975 linm,
190 3921 243 3960 non
257 3900 461 3979 aliudquerere
473 3900 509 3958 ad
521 3896 716 3958 declarandum
724 3899 850 3959 substan-

64 3996 84 4044 D
100 3993 166 4051 tiam
178 4015 234 4052 esse
244 3992 375 4052 camdem.
392 3991 476 4063 Quod
488 3992 511 4050 si
527 3991 580 4051 hoc
599 4012 654 4053 non
666 3989 733 4050 satis
743 4003 782 4051 est
795 4012 846 4051 uo-

99 4087 143 4145 bis
166 4086 203 4146 ad
221 4084 461 4146 demonstrandam
484 4084 596 4144 honoris
616 4082 799 4163 aequalitatem
822 4097 849 4143 et

100 4178 418 4247 consubstantialitatem,
432 4178 468 4236 ab
480 4176 608 4257 operibus
616 4195 726 4254 quoque
738 4174 846 4235 discite.

100 4270 236 4350 illudque,
249 4274 306 4349 Qui
315 4272 399 4329 videt
408 4292 464 4343 me,
479 4270 563 4328 uidet
574 4280 602 4328 et
611 4270 734 4328 Patrem
743 4288 848 4343 meum,

101 4364 122 4423 si
139 4364 174 4423 de
187 4364 315 4445 operibns
328 4362 433 4423 dictum
448 4374 525 4438 esset,
541 4382 596 4421 non
611 4359 727 4421 dixisset
739 4374 847 4442 mnes:

100 4457 152 4517 Sin
165 4461 269 4533 miuus,
284 4469 403 4538 propter
417 4477 505 4537 opera
516 4456 626 4515 credite
645 4455 727 4513 milti.
742 4453 850 4515 Deinde

100 4549 242 4609 ostendens
254 4570 344 4609 senon
358 4550 415 4609 hec
428 4562 534 4608 tantum
548 4568 637 4629 posse,
651 4546 735 4608 sedet
744 4546 850 4607 aliahis

100 4642 188 4701 multe
202 4643 314 4723 majora,
329 4663 392 4701 cum
417 4639 569 4723 hyperbole
581 4638 630 4701 itta
644 4637 729 4720 ponit.
753 4638 850 4719 Neque

101 4735 172 4794 enim
184 4735 262 4810 dicit,
279 4734 327 4793 His
348 4735 450 4816 majora
464 4754 576 4815 possunt
589 4734 696 4809 beers,
712 4732 761 4792 sed
774 4730 848 4811 qnod

99 4831 179 4910 longe
193 4828 361 4906 mirabilius,
371 4828 407 4888 Et
435 4827 509 4905 aliis,
523 4826 625 4905 inquit,
638 4846 751 4907 possum
760 4826 848 4886 iacul-

100 4934 182 4981 tatem
193 4922 259 4981 dare
270 4921 372 5001 majora
381 4920 425 4980 his
434 4918 562 4980 faciendi.
576 4921 623 4979 19.
636 4918 746 4992 Amen,
758 4938 845 4977 amen

62 5012 80 5058 F.
100 5015 166 5072 dico
180 5017 276 5085 uobis,
293 5018 344 5091 qui
355 5014 447 5073 eredit
466 5017 499 5071 in
524 5032 580 5083 me,
606 5030 695 5090 opera
714 5030 780 5092 que
790 5030 844 5087 ego

90 5108 189 5185 pieria,
206 5120 233 5164 et
248 5108 418 5191 ipsesaciet,
435 5118 462 5166 et
478 5108 592 5186 majora
603 5105 648 5162 tis
654 5103 764 5184 saciet,
776 5104 847 5179 quio

119 5264 129 5301 Ι·
143 5261 229 5313 Morti.
245 5271 280 5314 sai
294 5270 338 5317 ini
351 5277 403 5314 τῶν.
