3750 5940
80 432 244 485 unonrco.
779 410 852 484 805

111 557 246 650 supplicio
261 556 338 639 digni
351 557 445 617 simus.
461 557 507 617 Tu
522 576 570 617 ncs
585 556 721 636 montedo
738 557 858 619 volueris

111 651 241 717 castiges,
253 657 303 697 uec
315 635 408 696 tradas
428 657 476 696 uos
487 636 515 695 in
529 656 624 696 manus
636 637 797 713 hominum3
810 637 858 697 sed

113 716 141 775 in
152 737 249 777 manus
259 730 320 776 tuas
329 714 497 793 incidamus,
511 715 576 795 quia
589 736 640 797 par
653 716 858 797 magnificentiae

112 810 166 856 tuae
186 809 226 856 est
247 794 429 856 misericordia
450 809 508 874 tua,
529 797 610 856 Pater
625 795 811 878 omnipotens,
829 795 857 855 in

114 875 220 935 secula.
235 879 330 936 Amen.

61 1261 202 1269 --.--.....
205 1263 224 1269 .-

67 1417 287 1546 ITUM

61 1691 85 1760 E
116 1689 258 1762 FILIO
288 1688 535 1766 PRODIGO.

61 1927 86 1963 m
101 1904 224 1966 advertat
240 1906 320 1987 lunge
337 1927 393 1967 esse
405 1928 421 1966 a
434 1907 622 1990 Chrysnstumi
635 1907 743 1970 dicendi
761 1931 857 1991 genere

61 2001 123 2059 thie
134 2002 247 2083 scriptor
257 2003 292 2061 ab
302 2001 357 2062 alic
371 2000 406 2062 ad
420 2002 498 2062 aliud
518 2017 708 2083 argumentum
729 2006 805 2085 quasi
819 2027 856 2066 ex

61 2095 143 2155 edam
164 2097 305 2157 admiscet.
319 2097 415 2180 Stylus
428 2111 498 2157 certe
511 2111 551 2159 est
559 2111 632 2158 totus
640 2098 751 2160 ferrcus.
762 2101 857 2161 Oratio

61 2192 186 2252 [utantur
205 2192 366 2272 Manichaei,
377 2192 425 2273 qui
436 2214 485 2276 per
494 2193 592 2255 semla
609 2194 696 2255 multa
706 2195 735 2255 in
746 2194 857 2256 Oriente

76 2646 94 2694 C
112 2645 259 2726 Infilr'um
266 2646 431 2726 prodigum,
444 2665 481 2704 ac
495 2645 533 2733 de
542 2647 725 2725 paenitentia,
738 2657 767 2704 et
777 2649 810 2704 in
819 2646 842 2703 ti
849 2681 858 2690 ·

131 2758 222 2817 gnum
232 2741 361 2797 scientiae
377 2740 446 2796 boni
456 2750 485 2796 et
495 2739 580 2810 mali,
593 2750 622 2797 et
633 2741 665 2796 in
676 2738 833 2797 latronem.

151 3001 245 3082 Nuper
261 2999 339 3060 nobis
355 3021 469 3080 magnus
479 3013 504 3060 et
514 3001 573 3059 Deo
587 2998 687 3080 dignus
706 2999 856 3062 Servatnris

110 3081 256 3156 adventus,
267 3081 341 3140 lauta
357 3079 477 3170 apposita
492 3101 600 3155 mensa,
613 3093 640 3138 et
653 3079 742 3138 infuse
755 3094 856 3141 cratere

109 3161 209 3222 divinas
223 3159 414 3249 philosophie,
429 3172 519 3218 tntum
532 3158 679 3250 populum,
694 3159 750 3218 imc
764 3160 855 3241 potius

109 3255 210 3315 totum,
222 3253 251 3298 ut
265 3238 302 3297 ita
312 3238 415 3313 dream,
430 3237 523 3297 orbem
537 3237 694 3314 inebriavit3
711 3259 775 3298 nam
787 3243 855 3299 Ine-
866 3249 1005 3311 Pra1.³5.9.

110 3325 294 3389 briabuntur,
307 3317 396 3396 inquit
406 3317 549 3455 propheta,
562 3321 600 3377 ab
609 3321 742 3377 ubertate
751 3320 855 3380 domus

109 3414 176 3472 tuoe,
202 3409 231 3459 et
252 3410 380 3457 torrente
405 3417 445 3454 vo
476 3401 569 3476 ptatis
586 3409 643 3456 tuae
662 3401 778 3477 potabis
793 3420 853 3459 eos.

109 3481 177 3538 Cum
190 3498 270 3560 porro
281 3476 375 3536 divina
386 3476 526 3566 Scriptura
539 3476 695 3537 ebrietatem
707 3476 787 3553 dicit,
802 3499 856 3540 non

108 3559 203 3619 viuum
219 3556 354 3617 inebrians
367 3555 511 3634 intelligit,
529 3555 576 3615 sed
590 3556 706 3617 verbum
726 3556 856 3638 sapientia

110 3638 242 3699 imbuens.
255 3635 410 3696 Adventum
417 3649 509 3694 autem
520 3636 670 3696 Servatcris
745 3650 808 3697 utus
817 3651 857 3696 est

109 3716 271 3798 poenitentia
291 3718 407 3790 sructus;
425 3714 501 3774 illius
516 3716 617 3796 quippe
634 3658 769 3795 fulgidiim
785 3739 856 3797 prae-

107 3799 220 3859 sentiam
237 3797 401 3875 poenitentiae
415 3795 518 3854 fructus
535 3795 681 3854 necessario
699 3810 854 3873 sequuntur.

70 3899 89 3945 ι)
107 3877 171 3937 lden
187 3879 238 3938 hac
248 3875 283 3937 de
294 3897 324 3935 re
334 3877 457 3935 hesterna
468 3872 514 3932 die
524 3895 671 3933 sermonem
686 3874 832 3933 habuimus
847 3898 854 3931 ε

106 3978 158 4016 non
170 3958 282 4036 quidem
293 3977 344 4034 pro
357 3954 510 4031 argumenti
523 3952 671 4032 dignitate,
685 3952 733 4011 sed
746 3975 797 4035 pro
812 3953 855 4014 vi·

105 4037 182 4096 ribus
194 4052 281 4096 tamen
297 4035 380 4093 verba
390 4033 504 4092 fecimus
513 4031 548 4091 de
562 4031 733 4113 paenitentia,
745 4054 804 4112 quae
815 4046 855 4093 est
920 4034 923 4043 ’

103 4116 280 4195 pharmacum
294 4114 403 4188 salutis,
426 4111 600 4190 medicusque
618 4110 781 4192 predicatur
793 4112 853 4171 ani·

103 4217 209 4256 marum
222 4210 249 4254 et
262 4215 415 4285 corporum,
426 4213 479 4251 non
490 4192 538 4270 qui
550 4213 612 4250 vere
625 4212 673 4272 per
693 4191 854 4251 medicinam

103 4291 194 4351 curet,
208 4276 255 4336 sed
273 4296 319 4353 qur
338 4272 512 4352 benignitatis
533 4271 630 4351 spiritu
653 4271 768 4330 salutem
789 4272 851 4331 atte-

103 4369 153 4416 rat.
164 4357 235 4428 Quia
249 4367 437 4416 resumentem
457 4365 575 4410 nostram
594 4349 657 4408 hinc
676 4364 703 4409 et
718 4349 782 4409 inde
797 4350 854 4411 dis·

103 4451 216 4496 tractam
242 4432 395 4513 evangelica
418 4430 496 4490 lectio
518 4451 571 4488 nnn
594 4429 699 4506 affecit,
735 4450 854 4491 neccssa-

103 4518 174 4575 rium
185 4530 224 4576 est
237 4513 318 4574 hodie
329 4511 424 4592 paucis
434 4510 469 4570 de
479 4532 508 4569 re
517 4508 610 4568 eadem
623 4508 757 4590 repetitis,
770 4510 854 4570 finem

103 4596 210 4656 dicendi
230 4598 324 4655 facere.
344 4593 472 4652 Servator
493 4589 596 4664 verbis,
664 4589 769 4664 abelis,
790 4591 855 4650 aeni·

104 4676 258 4755 gmatibus‚
278 4671 414 4763 variisque
435 4667 550 4729 docendi
569 4611 665 4728 modii
679 4669 805 4751 pietatem
826 4671 854 4730 in

105 4770 209 4816 mentes
223 4753 346 4814 fidelium
366 4749 510 4820 mducens‚
521 4748 679 4828 parabolam
694 4749 783 4825 dixit,
794 4772 853 4829 quae

61 4821 92 4923 ’ἲ
105 4836 195 4895 vivam
216 4832 379 4915 paenitentiae
397 4831 477 4890 ferret
492 4828 648 4908 imaginem.
667 4832 765 4888 Homo
783 4834 851 4909 qui·
863 4840 1003 4889 ruerem

105 4918 184 4987 dam,
202 4914 305 4992 inquit,
319 4914 447 4971 habebat
465 4907 641 4990 duosfilr'os,
658 4930 773 4987 quorum
787 4908 854 4967 ado·

104 4995 244 5055 lesccntior
267 4991 412 5064 accedens,
431 5001 535 5070 patrem
556 4988 662 5066 rogavit
675 5000 706 5046 ut
718 4987 853 5049 divideret

105 5075 170 5157 ipsis
186 5070 374 5133 substantiam.
394 5071 526 5151 Optatum
549 5080 726 5159 consequutus
748 5081 803 5142 est,
826 5082 853 5128 et

104 5168 242 5235 acceptam
260 5166 398 5233 paternam
421 5145 598 5209 substantiam
616 5146 673 5206 dria
693 5144 780 5207 idavit
801 5150 851 5206 Ar-

106 5247 263 5315 gumentum
280 5230 380 5308 nostis,
396 5227 542 5311 explicatio
559 5226 618 5307 jam
644 5246 658 5284 a
682 5225 780 5286 erenda
802 5241 850 5286 est.
