3750 5940
530 419 563 466 rs
589 419 746 466 νοιιευευι
773 417 893 465 nosne.
922 415 994 465 viu.
1024 393 1071 464 al.
1100 416 1163 468 νει.
1617 401 1662 498 57

85 535 162 622 *Ἆρα
175 539 231 620 γὰρ
252 546 285 601 οὐ
307 542 442 623 μετέσχον
455 541 634 622 τῆςγνόισεοις
651 546 699 614 τῆς
717 544 753 609 εἰς
771 541 861 614 αὐτόν,
915 561 950 599 ex
968 539 1019 598 hoc
1037 541 1108 616 loco,
1122 541 1195 600 unde
1210 554 1305 622 putant
1326 541 1438 622 quidam
1457 546 1529 627 ipsos
1549 547 1599 608 bae
1616 570 1660 608 oo-
1672 567 1786 611 caeterum

85 635 145 694 uto
154 632 204 711 μὲν
219 624 285 693 σάν·
299 635 351 694 καὶ
365 642 446 695 τοῦτο
455 635 502 695 καὶ
515 635 569 695 ἀπὸ
580 640 628 707 τῆς
643 634 743 714 ρήσωις
754 631 862 706 ταότης,
916 630 1036 710 gnitione
1064 632 1199 712 privatos,
1222 632 1407 694 demonstrare
1427 638 1546 697 tentabo.
1570 642 1662 700 Multi
1672 639 1790 674 '⁰'‘¹¹¹¹‘¹·

84 729 115 805 ἐρ’
125 717 156 795 ἧς
167 725 318 802 nostwet
329 752 402 795 τινες
410 727 504 796 αὐτοὺς
517 731 721 807 ἀπεστερῆσθαι,
734 723 862 808 πειράσσ·
914 724 998 799 enim,
1009 724 1107 803 inquit,
1114 727 1273 786 voluerunt
1286 730 1388 790 videre
1399 751 1465 810 ρεστ
1477 734 1596 793 videtis.
1608 734 1662 794 ita·

84 842 120 895 μοι
131 822 246 888 ποιῆσαι
260 817 394 899 φανερόν.
407 818 508 879 Πολλοὶ
517 817 683 899 γδρ,ρησλν,
693 815 861 895 ἐπεθύμησαν
916 839 968 896 que
985 817 1113 878 viderunt
1126 840 1189 879 eum
1208 818 1244 879 ad
1255 820 1377 881 homines
1397 837 1545 882 venturum
1561 841 1662 902 esseet

85 912 131 969 δεῖν
145 908 308 986 δβλάπετε.
319 908 410 970 Ὥστε
422 910 520 990 ᾔδεσαν
533 908 736 980 εὒτδν“ἤξοντα
757 912 795 976 εἰς
816 913 862 968 άν-
915 929 946 968 ea
964 908 1182 990 dispensaturum
1202 932 1262 990 quae
1287 934 1350 972 vere
1378 913 1553 996 dispensavit.
1570 919 1663 995 Neque

84 1000 203 1081 ipim,
216 1001 272 1060 καλ
286 1001 521 1080 οἰκονομήσωτα,
537 1001 606 1081 άπερ
618 999 664 1060 καλ
681 999 861 1080 ᾠκονόμησεν.
878 1020 898 1068 n
915 1001 999 1079 enim,
1013 1001 1065 1061 nisi
1079 1002 1225 1076 novissent,
1233 1003 1328 1065 videre
1340 1006 1565 1088 concupivissent.
1577 1011 1662 1068 Nemo

85 1095 115 1152 Ob
123 1092 170 1172 γδρ
180 1090 227 1165 ἂν,
239 1095 267 1152 εἰ
280 1092 325 1171 μὴ
340 1093 451 1171 ᾔδεσαν,
462 1091 638 1170 ἐπεθύμησαν.
649 1091 745 1161 Οὐδεὶς
758 1091 810 1173 γάρ
824 1083 861 1151 ὧν
917 1091 989 1152 enim
1000 1113 1103 1169 eorum,
1117 1115 1234 1172 quorum
1245 1095 1369 1155 notitiam
1382 1118 1436 1156 non
1451 1098 1543 1174 babet,
1554 1098 1661 1160 deside·
1677 1117 1682 1127 ·

85 1184 137 1263 μηδὲ
150 1183 258 1245 ἔννοιαν
272 1184 353 1266 ἔχει,
374 1184 473 1245 τούτων
492 1184 582 1244 λαόεῑν
596 1183 737 1262 ἐπιθυμίαν
749 1184 859 1256 δυνήσι-
916 1182 957 1242 rio
967 1184 1028 1264 capi
1040 1197 1134 1264 potest.
1147 1185 1242 1263 ltaque
1253 1203 1436 1265 cognorerunt
1448 1189 1551 1248 Filium
1562 1191 1625 1264 Dei,
1635 1205 1662 1250 et

84 1303 124 1336 ττι.
136 1275 227 1337 Ὥστε
236 1278 346 1357 ᾔδεσαν
356 1278 402 1337 τὸν
416 1277 481 1338 itte
494 1280 539 1335 τοῦ
553 1278 636 1348 Θεοῦ,
652 1275 698 1334 καλ
708 1275 748 1335 ότι
758 1275 814 1346 ἥξει
824 1280 861 1344 εἰς
916 1289 1061 1334 venturum
1080 1297 1143 1336 eum
1162 1277 1198 1337 ad
1214 1277 1338 1339 homines
1355 1301 1412 1340 esse
1423 1296 1565 1342 noverunt.
1578 1283 1660 1354 Quae·

83 1368 235 1450 άνθράεεως.
253 1368 333 1430 Τίνα
356 1359 401 1429 οὖν
428 1371 499 1429 ἐστιν
521 1368 589 1446 άπερ
614 1370 661 1427 οὐκ
682 1366 790 1440 ᾔδεσαν,
814 1366 860 1426 καλ
914 1389 978 1428 nam
994 1390 1057 1449 ergo
1075 1384 1139 1429 sunt
1163 1393 1224 1448 quae
1246 1373 1406 1451 nescierunt,
1418 1388 1444 1434 et
1460 1396 1584 1453 quaenam
1601 1398 1660 1454 quae

82 1463 132 1521 π’να
143 1463 216 1544 άπερ
230 1464 284 1521 οὐκ
302 1460 441 1532 ἤκουσαν,
458 1463 552 1520 Ταῦτα
567 1458 584 1518 δ
599 1465 642 1519 νῦν
662 1462 737 1537 ὑμεῖς
750 1458 860 1537 βλέπετε
915 1482 970 1521 non
984 1461 1151 1522 audierunt?
1165 1464 1230 1524 Haec
1248 1486 1306 1543 quae
1320 1487 1391 1526 nune
1401 1488 1450 1525 ros
1464 1467 1564 1527 videtis
1574 1481 1600 1526 et
1611 1490 1660 1526 au-

82 1555 142 1615 'ui
151 1553 278 1615 &eim
291 1551 420 1613 Εἰδέιιαλ
435 1556 524 1632 ρωνῆς
534 1550 659 1624 ἤκουσαν,
672 1550 718 1610 καλ
729 1541 796 1611 εἶδον
808 1553 859 1610 αὖ·
915 1551 989 1611 ditis.
1003 1552 1087 1625 Quod
1098 1552 1123 1611 si
1135 1553 1178 1613 illi
1189 1569 1216 1614 et
1231 1577 1325 1615 vocem
1343 1557 1568 1637 ejusaudierunt,
1581 1573 1607 1618 et
1616 1558 1659 1618 vi·

81 1650 119 1707 τδν
129 1651 242 1720 ἐνεῖναι,
255 1647 319 1706 ἀλλ’
336 1648 385 1706 οὐκ
399 1647 426 1704 ἐν
438 1643 532 1726 σαριιέ,
547 1642 604 1704 otti
616 1642 685 1702 odero
694 1650 748 1709 τοῖς
759 1640 859 1724 ἀνθρόι-
914 1642 1013 1703 derunt
1023 1665 1087 1703 ουτοι
1092 1689 1101 1722 ,
1118 1660 1146 1705 at
1161 1667 1214 1706 non
1233 1647 1261 1706 in
1275 1668 1363 1724 carne,
1379 1670 1466 1727 neque
1483 1649 1520 1711 ita
1535 1671 1598 1710 eum
1609 1651 1659 1710 bo-

80 1735 444 1819 εσοεςσυνεναστρερόμενον,
458 1735 518 1794 οὐδὲ
542 1733 610 1814 μετὰ
627 1732 755 1807 τοσαάτης
773 1736 861 1802 αὐτοῖς
915 1735 1036 1798 minibus
1057 1751 1218 1813 versantem,
1231 1760 1317 1817 neque
1331 1753 1386 1799 tam
1403 1741 1488 1801 libere
1511 1764 1574 1801 enm
1594 1741 1660 1823 ipsis

80 1834 221 1909 θμιλῶνεα
236 1835 289 1901 τῆς
303 1828 404 1894 ἀδείας.
427 1829 513 1887 Τοῦτο
527 1833 588 1906 γοῦν
607 1826 653 1885 καλ
668 1825 744 1892 αι’πδς
763 1826 860 1898 δηλῶν,
915 1827 1077 1906 loquentem.
1097 1828 1155 1888 Hoc
1164 1829 1352 1911 igituretipse
1362 1830 1517 1911 significans
1530 1852 1583 1892 non
1594 1834 1660 1894 sim-

81 1926 127 2001 εὖχ
138 1922 234 1989 ἁπλῶς
249 1910 338 1995 εἶπεν,
352 1918 522 1998 ἐπεθόμησαν
537 1920 598 1978 ἰδεῖν
610 1916 671 1997 ἐμά·
686 1916 754 1977 άλλδ
766 1917 809 1990 τίς
827 1916 860 1977 Ἃ
879 1933 896 1981 ἐ,
915 1919 1023 2001 pliciter
1047 1920 1139 1995 dixit,
1157 1921 1309 2002 Cupierunt
1328 1921 1423 1981 videre
1437 1944 1496 1999 me,
1509 1923 1556 1983 sed
1568 1925 1659 2002 quid?

79 2017 152 2090 ὑμεῖς
162 2013 299 2092 βλέπετε·
312 2011 372 2072 etet
382 2015 494 2071 ἀκοῦσαι
508 2014 585 2088 ἐμοῦ·
596 2008 665 2070 δλλδ
676 2008 718 2083 τί,
736 2008 767 2069 Ἃ
785 2013 861 2089 ὑμεῖς
920 2015 991 2090 Quae
1006 2033 1063 2072 vos
1083 2015 1203 2083 videris·
1214 2033 1301 2091 neque
1319 2014 1414 2074 audire
1430 2037 1490 2093 me,
1503 2014 1552 2074 sed
1571 2017 1660 2094 quid?

81 2103 300 2165 &offlam
313 2103 395 2163 εέεαλ
408 2103 447 2189 μὴ
462 2102 511 2176 τλν
524 2101 649 2184 ἐνσαρνιον
664 2104 742 2162 αὐτοῦ
757 2126 860 2184 παρου-
921 2106 994 2182 Quae
1013 2125 1069 2164 vos
1081 2107 1200 2165 auditis.
1213 2106 1307 2183 ltaque
1327 2105 1390 2165 iicet
1405 2108 1463 2187 ejus
1478 2107 1506 2166 in
1519 2128 1599 2167 carne
1610 2108 1661 2169 ad·

80 2196 139 2256 σίεν
161 2196 330 2269 ἐθεάσαντο,
344 2197 402 2256 ἀλλ’
417 2194 490 2274 ὅμως
503 2195 600 2276 ᾔδεσαν
621 2193 702 2268 αὐτὴν
724 2195 860 2274 ἐσομένην,
916 2207 1029 2255 ventum
1048 2216 1101 2255 uon
1121 2194 1252 2274 viderint,
1264 2197 1388 2256 futurum
1400 2210 1488 2258 umen
1503 2220 1560 2258 esse
1577 2221 1660 2261 nove·

80 2283 113 2361 ἧς
129 2289 179 2349 καὶ
200 2289 369 2367 ἐκιθάρισεν·
390 2288 437 2348 καὶ
451 2288 584 2350 ἐπίστωον
599 2291 635 2357 εἰς
649 2288 736 2362 αὐτὸν,
756 2288 802 2348 καλ
822 2289 860 2368 μὴ
916 2298 989 2362 runt,
1002 2307 1082 2364 quem
1100 2285 1659 2368 viderecupieban13ineumquecrede·

79 2383 232 2465 ἐιιραεεάτες
247 2383 328 2442 αὐτόν
341 2385 368 2442 ἐν
381 2381 470 2464 σαρκί
482 2379 569 2442 Ὅταν
582 2373 626 2442 οἶν
640 2383 785 2462 ἐγκαλῶσιν
795 2387 860 2460 ἡμῖν
876 2427 901 2466 ω
916 2376 992 2452 bant,
1002 2376 1066 2436 licet
1082 2376 1201 2439 illumin
1212 2399 1291 2437 carne
1303 2400 1356 2438 non
1367 2379 1508 2440 vidissent.
1524 2381 1593 2439 Cum
1608 2381 1659 2440 ita·

78 2474 216 2548 ’Βληνες
234 2481 322 2535 ταῦτα
336 2475 470 2555 λάγσνεες·
484 2473 511 2534 τό
523 2473 606 2535 stete
617 2474 763 2556 ἔμπροσθεν
779 2473 861 2536 ἐποίει
878 2484 898 2530 Δ
917 2491 969 2550 que
978 2492 1026 2530 nos
1034 2470 1146 2551 gentiles
1155 2471 1341 2531 accusaverint
1349 2470 1567 2544 dicentes:Quid
1576 2472 1662 2553 priori

78 2568 179 2650 χρόνον
189 2575 204 2628 θ
214 2567 347 2649 Χρεστδς,
356 2568 449 2628 τδτῶν
460 2565 603 2650 ἀνθρώπων
615 2570 662 2627 οὐκ
671 2564 861 2647 ἐπισκοττοόμε·
916 2562 965 2622 iilo
979 2575 1097 2643 tempore
1114 2562 1230 2623 faciebat
1246 2562 1380 2638 Christus,
1397 2584 1460 2622 cum
1475 2564 1597 2625 nondum
1610 2568 1661 2627 bu·

78 2687 124 2730 νσς
138 2662 230 2742 γένος,
253 2659 346 2720 miei
368 2660 467 2733 δήποτε
488 2664 516 2722 ἐν
540 2660 644 2742 ἐσχάτῳ
663 2664 711 2734 τῆς
730 2659 862 2742 ημετάρας
916 2676 995 2714 mano
1007 2655 1097 2735 generi
1111 2654 1294 2737 prospiceret?
1307 2667 1333 2715 et
1348 2676 1398 2714 eur
1412 2670 1532 2717 extremo
1543 2672 1662 2739 tempore

76 2747 162 2827 ἦλθεν
186 2751 396 2833 ἀποληψόμενος
420 2751 702 2835 σωτηρίας,τοσοῑίτον
725 2751 862 2831 ἀμελήσας
916 2745 992 2808 venit
1008 2760 1147 2807 utnostrae
1158 2748 1239 2807 saluti
1252 2746 1420 2829 provideret,
1433 2764 1576 2830 postquam
1589 2763 1662 2812 tanto

77 2842 861 2929 γράισνὴμῶνςέρῶμεν,άτικαλπρδτυάτωέντῷκόσμφ
915 2853 1036 2920 tempore
1057 2861 1106 2900 nos
1125 2839 1300 2919 neglexerat?
1319 2838 1558 2920 respondebimus,
1572 2842 1662 2923 ipsum

78 2931 126 3012 ἦν,
139 2937 192 2998 καὶ
203 2938 324 3020 προενόει
337 2941 390 2996 τῶν
402 2936 485 3019 ἔργων
503 2939 596 3011 αὐτοῦ,
609 2935 656 2994 καὶ
666 2933 797 3018 γνώριμος
807 2946 862 3006 τοῖς
916 2932 998 2992 etiam
1012 2946 1074 2992 ante
1092 2931 1241 2992 adventum
1267 2931 1347 2990 illum
1368 2930 1511 2992 inmundo
1524 2933 1616 3007 fuisse,
1628 2935 1664 2995 de

80 3032 167 3100 ἀξίοις
179 3030 281 3090 ἅπασιν
291 3021 334 3103 ἦν.
350 3031 386 3089 Et
401 3029 430 3090 δέ
443 3028 488 3088 διδ
500 3028 532 3089 εδ
547 3027 585 3107 μὴ
599 3027 701 3094 πάντας
712 3027 789 3088 αὐτὸν
802 3024 861 3087 τότε
916 3023 1043 3104 operibus
1054 3024 1089 3083 ab
1099 3044 1127 3082 se
1139 3021 1252 3082 edendis
1270 3023 1348 3103 prius
1368 3023 1508 3102 cogitasse,
1518 3038 1598 3102 atque
1606 3026 1663 3086 illis

79 3123 283 3203 ἐπεγναινάναι,
305 3119 458 3203 άλλάπαρδ
467 3124 520 3180 τῶν
531 3119 656 3201 γενναίων
671 3118 748 3178 αὐτόν
758 3118 804 3177 καλ
818 3120 861 3178 ἐν·
916 3116 1044 3175 omnibus
1065 3114 1203 3196 cognitum
1220 3115 1317 3188 fuisse,
1330 3113 1377 3193 qui
1391 3114 1442 3174 bac
1455 3115 1608 3195 cognitione
1619 3117 1663 3177 di-

81 3215 189 3297 αράπεν
199 3213 326 3273 ’ἐκείνων
344 3211 429 3291 μόνων
441 3214 586 3292 ἐγνῶσθαι,
599 3210 696 3291 φαίητε
709 3209 747 3289 μὴ
761 3208 860 3293 γνωρέ-
916 3207 964 3288 gni
981 3222 1064 3268 mant.
1077 3206 1160 3281 Quod
1178 3207 1201 3267 si
1219 3207 1348 3285 quianon
1368 3206 1494 3267 omnibus
1508 3222 1571 3267 tunc
1584 3223 1662 3269 notus

80 3312 193 3378 ζεσθαε,
206 3304 279 3365 nord
296 3310 374 3365 τοῦτο
390 3303 449 3365 otti
465 3311 509 3364 νῦν
522 3302 697 3383 δμολογόσετε
709 3312 862 3384 προσκυνεῖ·
916 3298 978 3376 suit,
990 3298 1038 3359 sed
1058 3298 1152 3381 probis
1175 3313 1281 3359 tantum
1300 3312 1327 3357 et
1343 3297 1444 3359 virtute
1454 3298 1587 3380 preditis,
1601 3299 1663 3362 ideo

80 3404 144 3457 σθαι
155 3399 237 3457 αι’πδι
249 3397 302 3457 bri
310 3400 363 3455 τῶν
375 3394 529 3475 ἀνθρώπιον,
539 3395 630 3468 ἐπειδὴ
643 3392 709 3473 μηδέ
720 3400 764 3453 νῦν
779 3394 861 3454 άπαι-
916 3390 1009 3451 dicitis
1029 3391 1108 3453 illum
1135 3391 1304 3472 incognitum
1326 3392 1423 3464 fuisse,
1444 3390 1538 3451 eadem
1561 3391 1663 3452 ratione

80 3514 125 3556 τες
133 3489 216 3549 αιἰτδν
230 3489 330 3548 ἴσασιν.
344 3488 415 3547 Ἀλλ’
428 3486 519 3568 ὥσπερ
529 3487 573 3546 ἐπὶ
581 3494 627 3547 τοῦ
637 3485 766 3568 παρόντος
779 3486 862 3555 οὐδεὶς
915 3483 1009 3566 ipsum
1026 3504 1100 3545 nune
1121 3505 1228 3562 quoque
1255 3505 1308 3543 non
1325 3483 1433 3543 edormi
1454 3485 1489 3542 ab
1507 3483 1663 3546 bominibus

82 3581 115 3638 ἂν
128 3580 177 3641 διδ
191 3580 254 3649 τοὺς
272 3584 430 3659 ἀγνοοῦντας
446 3578 524 3639 αέιτδν
539 3586 593 3646 τοῖς
612 3576 694 3638 εἰδόσι
715 3577 861 3650 διαπιστή-
917 3574 1061 3651 dixeritis,
1084 3575 1148 3654 quia
1175 3576 1257 3635 etiam
1285 3596 1357 3634 nune
1384 3596 1437 3636 non
1459 3597 1550 3635 omnes
1573 3575 1663 3657 ipsum

83 3696 170 3733 σειεν·
182 3672 267 3741 edne<
282 3670 342 3731 ὠδλ
357 3671 424 3752 ὑπὲρ
438 3674 491 3730 τῶν
507 3671 652 3753 ἔμπροσθεν
662 3668 763 3753 χρόνων
779 3674 861 3751 άμρε-
877 3673 896 3722 B
916 3680 1058 3728 noverunt
1085 3666 1141 3727 Sed
1164 3666 1394 3746 quemadmodum
1417 3667 1444 3725 in
1466 3666 1591 3747 prasenti
1617 3688 1663 3727 ne·

82 3767 193 3839 σόητιίν
209 3764 282 3846 χρὴ,
302 3762 344 3823 ότι
358 3766 480 3838 πολλοῖς,
496 3765 595 3842 μᾶλλον
606 3760 634 3822 δέ
648 3771 728 3821 πᾶσιν
747 3760 862 3841 ἔγνωστο
917 3781 979 3835 mo,
1001 3758 1066 3838 qiua
1088 3780 1104 3818 a
1123 3759 1216 3818 mutis
1244 3757 1399 3838 ignoratur,
1423 3758 1513 3838 ipsum
1533 3781 1549 3816 a
1571 3759 1663 3818 multis

83 3856 277 3936 τοίςγενναίοις
288 3855 335 3916 καλ
345 3854 501 3934 θαυμασίοις
512 3854 635 3935 ἀνδράσιν
646 3852 761 3920 ἐκείνοις.
916 3851 1041 3933 cognosci
1065 3851 1204 3932 negaverit
1222 3874 1228 3907 ε
1252 3852 1291 3909 sic
1312 3872 1398 3929 neque
1425 3849 1607 3910 dubitandum
1624 3865 1664 3909 est

916 3942 1007 4024 ipsum
1019 3942 1203 4024 superioribus
1215 3940 1270 4001 illis
1280 3941 1457 4023 temporibus,
1469 3964 1484 3999 a
1496 3941 1599 4015 multis,
1607 3942 1662 4001 imo

916 4035 997 4096 etiam
1018 4035 1112 4117 probis
1137 4034 1194 4093 illis
1212 4047 1239 4093 et
1256 4032 1424 4093 admirandis
1447 4033 1516 4092 viris
1537 4033 1662 4094 omnibus

916 4127 1054 4208 cognitum
1063 4128 1153 4186 fuisse.

124 4235 160 4293 Εἰ
170 4231 198 4290 δὲ
209 4229 287 4308 λέγοι
300 4251 359 4301 τις,
378 4227 424 4286 καλ
441 4226 510 4294 τόνος
522 4224 607 4285 ἕνεκεν
620 4225 657 4302 μὴ
671 4224 768 4292 πάντες
780 4247 861 4306 προσ·
956 4224 986 4280 2.
1005 4219 1087 4291 Quod
1107 4219 1131 4278 si
1149 4218 1211 4297 quis
1225 4216 1336 4293 dixerit,
1351 4218 1407 4276 Cur
1421 4238 1473 4275 non
1490 4237 1584 4276 omnes
1599 4230 1663 4280 tun'e

87 4335 156 4406 ε’τγσν
176 4326 267 4404 αὐτῷ,
296 4318 365 4398 μηδέ
388 4319 484 4386 πάντες
506 4317 580 4376 αὐτόν
608 4316 763 4398 ἐθεράπευον
786 4313 861 4389 τότε,
917 4310 969 4391 ipsi
982 4308 1169 4385 adhaeserunt,
1185 4330 1269 4388 neque
1284 4329 1376 4366 omnes
1397 4308 1487 4389 ipsum
1507 4310 1664 4388 coluerunt,

88 4394 153 4477 dibi
169 4415 287 4494 μόνοιοέ
303 4411 416 4484 δίκαιος
433 4410 562 4492 ἐρήσομαι
582 4407 678 4489 κάγὼ,
692 4407 761 4475 τίνος
775 4406 861 4466 ἐνεκεν
916 4402 964 4462 sed
975 4401 1025 4461 soli
1035 4401 1129 4482 justi?
1144 4399 1300 4459 sciscitabor
1315 4412 1342 4457 et
1356 4419 1414 4478 ego,
1426 4400 1482 4463 Cur
1495 4399 1576 4459 etiam
1591 4423 1662 4461 nunc

89 4507 152 4585 μηδὲ
171 4512 218 4566 νῦν
232 4505 350 4571 ἅπαντες
366 4503 443 4562 αὐτὸν
458 4501 545 4574 ἴσασι,
558 4501 612 4561 Καὶ
623 4499 650 4558 τί
658 4499 728 4578 λέγω
741 4497 860 4580 περὶτοῦ
917 4515 969 4554 non
991 4512 1083 4552 omnes
1101 4491 1192 4573 ipsum
1216 4491 1368 4550 noverunt?
1385 4490 1490 4570 Ecquid
1506 4490 1541 4550 de
1555 4493 1663 4553 Christo

88 4598 283 4682 Χρεστσδ;]“ον
298 4595 351 4679 γάρ
363 4592 473 4676 Πατέρα
485 4592 529 4651 τδν
541 4592 647 4665 τοτ’πσυ,
658 4589 729 4649 διατί
743 4588 780 4668 μὴ
794 4588 860 4649 πάν·
917 4586 1033 4668 loquor?
1044 4587 1114 4644 Nam
1128 4585 1236 4644 Patrem
1248 4604 1354 4664 quoque
1366 4585 1424 4666 ejus
1441 4607 1491 4644 cur
1506 4606 1560 4645 non
1571 4608 1662 4646 omnes

90 4716 142 4767 τες,
155 4693 224 4772 μήτε
234 4690 312 4763 τότε,
323 4680 393 4766 μήτε
402 4694 448 4746 νῦν
459 4685 591 4765 ἔγνωσαν,
601 4683 671 4743 Ἀλλ’
682 4688 706 4744 οἱ
717 4682 764 4761 μὲν
786 4686 860 4742 αὐτο-
917 4694 943 4740 et
959 4694 1023 4739 tunc
1034 4693 1060 4738 et
1070 4677 1152 4737 bodie
1167 4675 1324 4737 noverunt?
1339 4678 1443 4739 Verum
1456 4678 1504 4737 alii
1520 4678 1610 4738 omnia
1624 4694 1661 4738 tc-

92 4785 175 4863 μάτυις
196 4785 307 4844 ἅπαντα
325 4778 454 4861 φέρεσθαι
468 4776 599 4858 λέγωσιν,
621 4781 645 4837 οἱ
665 4774 693 4836 δὲ
717 4774 860 4854 δαιμονίοις
917 4793 990 4833 mere
1002 4770 1066 4832 ferri
1080 4769 1192 4847 dicunt;
1207 4769 1255 4829 alii
1277 4768 1444 4831 daemonibus
1457 4771 1577 4832 universi
1599 4795 1662 4853 pro

124 4974 577 5050 ‘mussavitaecoaross
903 4969 1059 5037 narragam.

125 5059 225 5112 *Horeb
243 5067 330 5123 ἥξοντα
346 5067 379 5119 τέ.-
397 5065 538 5126 άνθρώπους.
552 5050 630 5106 Sudi-
649 5060 730 5107 ἐκτῶν
745 5058 853 5122 οὐρανῶν.
937 5048 1010 5100 Ι’ΛΙίί
1021 5057 1059 5104 καὶ
1070 5054 1172 5104 &ebres-
1186 5058 1223 5104 καὶ
1236 5058 1280 5119 γὰρ
1290 5063 1361 5119 φωνῆς
1373 5058 1483 5112 ἤκουσεν,
1498 5057 1535 5101 καὶ
1554 5053 1610 5100 εἶδον
1622 5055 1662 5100 εὐ-

98 5137 168 5190 Satil·
181 5139 205 5192 in
217 5142 286 5191 notis
301 5133 444 5204 legendum
459 5143 532 5200 pum
547 5139 572 5185 ia
591 5145 635 5186 τῶν
651 5137 750 5201 οὐρανῶν
766 5139 796 5190 tie
813 5138 854 5184 ἂν·
904 5138 951 5193 τὸν,
967 5134 1021 5182 ἀλλ’
1031 5135 1077 5183 οὐκ.

99 5226 195 5287 θράσεος.
206 5223 235 5270 λε
246 5236 278 5270 ex
286 5213 395 5269 derobus
407 5215 429 5264 si
440 5209 547 5263 alterum
557 5208 665 5275 dicatur,
680 5208 786 5261 aiterum
797 5209 856 5261 sub·
938 5222 949 5245 ¹
962 5207 1047 5257 ΜοτεΙ.
1058 5213 1145 5260 ἐκείνων
1154 5216 1231 5272 μόνον.
