3750 5940
60 462 74 480 ..
100 432 192 483 taut.
219 411 268 485 ol.
298 437 378 487 tart.
773 411 846 506 435

102 560 212 623 videbat
224 583 260 624 ex
277 564 335 626 eolo
351 564 459 625 nomine
480 565 538 647 ejus
551 564 630 644 longe
645 564 748 647 majora
768 560 847 644 signa

101 654 176 734 lieri,
189 677 273 736 quam
280 679 343 718 eum
353 658 411 740 ipse
423 656 493 718 inter
501 657 623 717 homines
635 668 801 732 remmus,
813 654 847 715 li-

101 746 163 807 dem
174 769 272 830 negare
283 771 336 811 non
348 764 460 834 poterat,
481 750 532 810 nisi
546 748 693 810 admodum
702 747 845 831 desiperet.

102 841 234 921 Magnum
244 841 334 922 itaque
347 843 447 902 bonum
458 841 527 902 fides
539 854 594 919 est,
607 862 670 901 eum
683 861 718 900 ex
732 840 847 903 tenenti

100 934 207 1011 animo,
217 957 308 996 amere
317 957 426 1018 magno,
436 936 541 996 ardenti
552 932 770 1016 eordeprooedit.
781 934 847 995 Haeo

103 1050 151 1089 nos
165 1030 341 1113 philosophos
353 1031 470 1092 ostendit
486 1055 492 1089 ε
509 1031 568 1091 haec
585 1029 734 1089 humanam
746 1027 847 1109 detegit

70 1137 88 1188 a
104 1121 847 1204 uilitatem,ctmissisratiociniis,decaelestihusphilo-

103 1216 247 1298 sophatur;
260 1217 315 1277 imo
328 1218 419 1300 potius
434 1239 465 1278 ea
482 1239 542 1298 quae
556 1237 609 1278 nou
622 1229 710 1299 potest
729 1216 849 1277 humana

103 1311 233 1392 sapientia
243 1311 369 1393 reperire,
377 1312 435 1394 ipsa
445 1312 517 1395 capit
525 1325 551 1372 et
561 1311 666 1393 dirigit.
677 1310 749 1373 lluie
759 1311 849 1392 itaque

103 1403 266 1481 haereamus,
280 1425 366 1484 neque
378 1402 525 1464 ratiociniis
539 1417 628 1465 nostra
639 1403 848 1465 committamus.

104 1498 170 1572 Cer,
181 1518 285 1576 quaeso,
296 1496 409 1577 gentiles
417 1497 487 1557 nihil
499 1497 617 1580 reperire
625 1497 789 1578 potuerunt?
798 1518 849 1558 an·

104 1613 157 1651 non
172 1605 256 1651 totam
274 1591 348 1651 illam
368 1605 506 1651 externam
520 1591 680 1673 sapientiam
699 1590 850 1653 noverant?

104 1685 340 1766 corpiscatoretet
350 1685 525 1744 tentoriorum
536 1682 646 1766 opifiees
660 1702 849 1765 superarenon

103 1776 271 1859 potuerunt?
280 1797 368 1836 nonne
381 1776 446 1856 quia
457 1776 497 1836 illi
510 1775 669 1852 ratiociniis,
684 1775 715 1835 lri
729 1773 795 1834 fidei
807 1788 849 1836 to-

104 1884 163 1928 tnm
186 1867 392 1927 commiserant?
406 1867 470 1928 ldeo
483 1867 622 1928 Platonem
635 1866 691 1941 illi,
711 1867 849 1950 Pythago·
909 1885 1003 1947 apute-

103 1987 162 2024 ranr
191 1978 216 2023 et
241 1963 308 2022 alios
323 1985 414 2024 omnes
438 1985 544 2024 errones
567 1963 647 2044 longe
673 1952 875 2046 superinungi
934 1960 1003 2055 Ψ

104 2058 266 2138 astrologos,
280 2056 497 2135 mathematioos,
517 2070 679 2138 geometras,
701 2055 852 2118 arithmeti-
860 2020 1002 2133 1111111111·

71 2157 90 2205 C
106 2172 167 2228 cos,
182 2150 278 2231 quavis
296 2149 440 2232 disciplina
452 2149 598 2211 instructos
611 2149 748 2227 vicerunt,
767 2140 946 2229 iisquewlll·
1044 2216 1057 2230 ·

108 2245 260 2327 superiores
280 2245 368 2303 effecti
388 2257 466 2320 sunt;
488 2243 570 2303 itaut
587 2243 616 2302 lni
635 2263 698 2303 vere
709 2240 854 2303 videantur

107 2336 263 2420 philosophi
272 2382 281 2413 ,
304 2336 345 2396 illi
368 2349 459 2395 autem
473 2334 550 2395 stulti
562 2356 595 2397 ae
614 2334 704 2396 deliri.
719 2333 853 2396 Animad-

106 2446 180 2493 uerte
210 2431 294 2506 enim,
315 2430 365 2490 hos
395 2428 498 2490 dixisse
518 2429 637 2490 animam
659 2430 852 2510 immortalem

108 2546 155 2586 nee
170 2525 272 2586 dixisse
286 2523 380 2599 modo,
394 2523 441 2584 sed
455 2523 535 2584 etiam
549 2523 580 2584 id
593 2525 718 2586 suasisse.
732 2525 779 2588 llli
792 2546 856 2588 vero

108 2618 195 2700 primo
213 2615 281 2697 quid
294 2629 362 2676 esset
377 2615 544 2691 nesciebant;
555 2630 696 2698 postquam
710 2631 800 2677 autem
811 2617 854 2678 in·

108 2723 255 2785 venerunt,
274 2723 300 2769 et
319 2708 502 2768 distinxerunt
516 2729 575 2768 eam
597 2730 614 2768 a
633 2729 760 2790 conpore,
773 2709 857 2771 divisi

109 2818 171 2864 sunt
184 2804 254 2863 inter
263 2824 309 2879 se,
320 2801 383 2861 aliis
393 2801 576 2883 incorpoream
587 2801 678 2878 illam,
688 2801 750 2862 aliis
759 2823 857 2884 eorpus

109 2918 182 2974 csse,
199 2911 302 2956 etcum
320 2916 430 2977 corpore
443 2893 555 2954 dissolvi
574 2893 735 2955 dieentrltus.
752 2894 857 2955 Galum

109 2991 174 3050 item
188 2989 229 3049 illi
243 2989 392 3048 animatum
405 2999 431 3048 et
448 2985 529 3046 derum
544 3009 601 3047 esse
611 2986 740 3048 dixerunt
751 3012 759 3047 ε
771 2989 858 3072 pisca·

111 3099 181 3144 tores
194 3103 258 3143 vero
271 3080 410 3163 opificium
426 3102 483 3140 esse
496 3079 715 3142 Deietdixerunt
729 3095 756 3142 et
767 3101 857 3143 suase-

56 3207 58 3217 ·
112 3190 185 3235 runt.
198 3174 252 3235 Sed
268 3173 344 3252 quod
366 3172 478 3252 gentiles
491 3172 638 3233 ratiociniis
651 3186 777 3250 nuntnr,
788 3172 858 3235 nilril

56 3301 58 3313 =
111 3269 229 3327 mirum:
243 3264 317 3346 qued
332 3280 421 3325 autem
438 3264 456 3324 ii
477 3264 526 3344 qui
546 3264 640 3325 fideles
653 3286 710 3326 esse
720 3264 858 3343 videntem,

56 3375 57 3386 ¹
75 3365 95 3413 l)
112 3360 242 3420 animales
257 3358 442 3444 inveniantur,
455 3359 591 3419 hoeluetu
604 3358 720 3441 dignum
730 3372 778 3421 est.
792 3359 858 3420 ldeo

56 3472 58 3494 ³
112 3456 140 3515 bi
153 3476 259 3535 qnoque
268 3465 439 3529 erraverunt,
453 3466 480 3513 et
494 3453 542 3513 alii
552 3451 664 3534 quidem
673 3451 769 3513 dieunt
781 3474 810 3514 se
821 3452 861 3515 ita

55 3580 58 3592 ·
113 3569 188 3607 nosse
198 3549 336 3615 Deum‚ut
350 3546 424 3604 Deus
435 3544 552 3627 seipsum
566 3544 652 3618 novit,
665 3544 740 3625 qood
750 3567 784 3606 ne
796 3565 860 3626 gen·

55 3657 59 3683 t
112 3640 202 3700 tilium
220 3636 329 3718 quidem
352 3636 496 3716 quisquam
518 3636 608 3698 dicere
629 3658 712 3698 ausus
734 3651 775 3698 est
791 3636 861 3697 salii
933 3666 944 3677 -

55 3753 59 3764 ·
113 3733 207 3793 dicunt
227 3752 280 3791 non
304 3751 382 3812 posse
402 3731 490 3789 Deum
510 3728 567 3789 sine
590 3730 714 3811 passione
736 3730 861 3811 gignere,

55 3839 59 3872 ⁵
115 3848 163 3886 nec
178 3825 241 3906 plns
252 3821 291 3881 illi
303 3821 426 3880 tribuunt
435 3842 518 3901 quam
530 3820 686 3881 hominibus
695 3845 701 3878 ι
711 3821 758 3880 alii
766 3819 861 3880 dicunt

118 3918 184 3978 nihil
207 3913 333 3998 prodesse
354 3912 439 3972 vitam
454 3912 583 3993 probam,
603 3913 648 3974 vel
661 3926 765 3973 rectum
785 3910 861 3973 insti·
909 3929 913 3936 ·

55 4000 59 4014 ’
116 4026 214 4072 tutum.
227 4007 282 4068 Sed
293 4005 351 4065 bae
364 4004 501 4065 confutare
514 4027 566 4065 non
576 4005 695 4088 lieetper
704 4019 819 4087 tempus.

55 4412 66 4424 .
159 4377 188 4433 r.
213 4367 292 4444 Quod
309 4343 865 4448 autmneeemntnnpmsieeer-
904 4398 1014 4446 ,wc

55 4505 71 4513 -
110 4481 190 4549 rupta
210 4467 268 4525 vita
288 4465 344 4542 sit,
359 4478 385 4523 et
404 4461 529 4522 Christus
549 4473 574 4520 et
593 4461 697 4522 Paulus
710 4460 865 4540 declarant,

106 4681 210 4734 matam,
221 4683 375 4736 quamquem
386 4663 493 4715 alteram
503 4665 631 4730 interpres
642 4678 742 4732 qnoque
748 4677 867 4733 “quotus

106 4753 146 4800 sit.

53 4855 58 4870 .
139 4751 242 4880 ⁰]Savil.
256 4833 294 4879 καὶ
308 4834 412 4894 τέχνημα
440 4821 487 4874 Alli
505 4829 542 4876 καὶ
559 4831 705 4891 τιχνίτωμα.
721 4822 810 4875 Uorel.
831 4831 867 4877 atei

53 4932 59 4957 e
108 4913 262 4976 reperiente.

53 5016 57 5028 ·
139 4989 150 5026 s
167 4981 278 5048 Quidam
289 4991 315 5036 τὸ
327 4987 505 5047 καταγέλαστον.
519 4978 588 5045 [Mox
599 4978 676 5030 Sauil.
689 4991 716 5030 et
726 4975 810 5031 Codd.
824 4995 871 5039 tto-

53 5098 56 5106 ·
107 5067 152 5114 stri
167 5070 258 5126 italam,
271 5069 291 5113 oi
307 5067 350 5127 ,nin
365 5065 465 5124 ligante
480 5056 560 5125 (οὕτως
578 5053 651 5107 addit
670 5055 769 5124 Sflvll.)
792 5063 874 5112 siddim

53 5176 60 5187 ·
109 5152 159 5196 91111
171 5164 196 5196 tt.
210 5165 233 5194 τ.
248 5145 270 5191 l.
285 5139 317 5188 El
330 5135 425 5191 institui
437 5142 461 5189 di
474 5137 597 5202 lippam]

53 5255 61 5265 ·
144 5238 153 5273 t
173 5219 219 5272 Alii
231 5225 333 5273 ualeatis
346 5224 410 5279 ὀρθή.
