3750 5940
243 394 288 467 88
568 416 598 464 s.
625 415 762 466 tonnms
786 415 972 464 ennusosr.
1002 418 1158 466 tuentur.
1186 377 1451 467 consranrmon.

241 542 519 622 supplantationem.
535 539 667 601 Similiter
678 552 705 599 et
717 537 752 599 dc
766 537 800 597 iis
812 559 871 618 quae
885 538 913 598 in
926 558 984 597 cru·
1036 541 1206 621 πτιρνισμόν.
1216 539 1334 620 Ὁμοίως
1353 538 1470 622 καὶπερὶ
1485 542 1538 599 τῶν
1554 541 1631 617 ἐντῷ
1645 541 1753 618 σταυρῷ
1764 559 1812 616 γε·

89 651 157 696 t’sat.
170 652 209 702 68.
240 656 271 694 ce
279 633 447 713 contigerunt
456 631 567 712 loquens
576 631 662 693 dicit:
680 633 832 693 Dederunt
842 634 873 688 in
889 650 984 690 eseam
1036 630 1152 711 νομένων
1162 632 1246 713 λέγει·
1260 632 1383 693 Ἔδωκεν
1396 629 1753 710 εἰςτδβρῶμόμουχολὴν,
1767 627 1814 687 καλ

91 727 131 760 22.

242 727 402 808 meemsel,
415 739 444 786 et
459 732 490 785 in
508 727 559 786 siti
572 745 636 784 mea
644 735 820 804 potaverunt
831 743 877 782 me
889 734 983 787 aedo.
1037 727 1073 792 εις
1091 723 1141 796 τλν
1161 723 1239 805 δίψαν
1253 747 1304 802 μου
1318 723 1443 784 ίπότισόν
1459 747 1493 803 με
1503 721 1568 791 θξος.

280 819 310 877 ί.
328 816 456 883 Voltisne
470 817 523 877 alia
537 815 706 892 inducarnus,
716 835 751 874 an
763 813 822 873 lraec
835 812 912 875 vobis
923 826 985 874 sunt
1000 830 1019 878 c
1076 816 1208 876 Βούλεσθε
1229 817 1274 876 καί
1287 817 1319 876 τὸ
1334 815 1392 889 ἑξῆς
1406 816 1592 896 θποιγσίγωμεν,
1617 813 1635 885 ἢ
1659 813 1706 873 καί
1730 817 1814 872 ταῦτα

241 904 329 970 satis.⁰
348 908 409 988 Ego
421 930 484 969 sane
496 907 624 968 arbitror.
645 907 717 966 Nam
738 907 761 964 si
781 925 834 965 non
850 904 931 979 latius
946 905 985 964 lo-
1038 909 1158 990 ἀπόχρης
1176 907 1284 991 Ἔγωγε
1293 901 1376 989 οἶμαι.
1399 911 1433 970 et
1449 907 1500 990 γὰρ
1518 909 1564 968 καί
1580 906 1617 988 μὴ
1633 905 1816 973 κατδπλύτος

241 1023 304 1061 eum
316 1001 536 1083 exploravimus,
553 1020 616 1059 sane
628 996 791 1080 pmfundius
806 997 916 1056 scrutati
936 1018 986 1057 sn·
1037 1002 1200 1084 διωρύξορεο
1219 1003 1271 1062 1’τὸ
1290 1003 1398 1085 χωρίου,
1411 1003 1485 1080 ὅμως
1497 1004 1521 1083 γ’
1530 992 1576 1062 edu
1588 1001 1657 1061 κατὰ
1671 1000 1750 1080 βάθος
1764 1000 1814 1059 διε·

240 1117 319 1155 mus:
335 1116 386 1156 uec
404 1094 493 1155 minor
511 1093 563 1154 hac
579 1093 606 1153 in
620 1113 649 1152 re
657 1136 666 1168 ,
680 1112 763 1171 quarn
785 1089 813 1151 iu
827 1090 890 1165 illa,
910 1091 987 1150 labor
1038 1096 1193 1176 σκύψσμεν·
1208 1099 1257 1156 οὐκ
1271 1094 1399 1155 θλαίττονα
1416 1095 1444 1154 δὲ
1467 1094 1513 1154 καὶ
1530 1099 1609 1154 τοῦτο
1622 1092 1722 1154 ἐκείνου
1735 1091 1817 1154 πόνον

240 1203 300 1263 em;
315 1208 493 1272 veremurque
505 1207 538 1247 ne
551 1186 574 1246 si
588 1206 638 1251 vos
651 1185 679 1243 iu
691 1183 736 1243 his
755 1183 812 1244 sine
826 1182 907 1243 modo
920 1183 987 1243 dcti-
1038 1188 1108 1270 ἔχει·
1124 1189 1169 1247 καλ
1180 1187 1334 1266 δεδοίκαμεν
1342 1188 1380 1266 μὴ
1391 1185 1590 1255 καταπίνοντες
1601 1183 1816 1265 ύμθςάμίτριος,

241 1299 360 1354 neamus,
375 1277 517 1359 fastidium
529 1278 724 1357 ingeneremus.
737 1275 930 1355 Quamobrem,
948 1278 987 1337 uti
1038 1280 1192 1359 ποιήσωμεν
1214 1283 1365 1342 ’ἀναπεσεῖν
1386 1277 1522 1347 debellet
1537 1281 1670 1358 ἐπιθῶμεν
1684 1281 1724 1358 τῷ
1743 1275 1816 1357 λόγῳ

241 1392 290 1453 par
310 1384 360 1442 est,
376 1370 457 1428 linem
472 1369 580 1428 dicendi
594 1368 734 1428 laniamus.
751 1367 821 1441 Quis
834 1388 914 1448 porro
926 1367 989 1428 finis
1039 1372 1070 1432 τὸ
1083 1376 1226 1454 προσῆκον.
1249 1375 1330 1434 Ποῖον
1345 1372 1374 1432 δι’
1388 1371 1489 1433 ἔστιτὸ
1502 1374 1649 1451 προσῆκον,
1671 1367 1817 1450 Δοξολογία

242 1477 281 1522 σοι
295 1461 507 1542 congruentior?
522 1461 552 1522 si
564 1461 656 1520 dehita
671 1463 729 1521 Deo
742 1460 827 1566 glorie
841 1460 988 1540 referatur,
1039 1471 1056 1538 ἡ
1072 1465 1210 1548 πρέπουσα
1222 1469 1262 1546 τῷ
1275 1467 1353 1547 Θεῷ·
1367 1464 1465 1545 πρέπει
1475 1462 1503 1524 δὲ
1515 1466 1593 1544 ούχὴ
1605 1460 1649 1522 διδ
1664 1465 1719 1520 τῶν
1730 1459 1817 1542 ῥιγμαίι

242 1575 295 1614 non
310 1554 399 1615 verbis
421 1567 543 1630 tantum,
560 1553 607 1613 sed
628 1553 823 1633 multomagis
849 1553 986 1634 operibus.
1040 1581 1092 1616 των
1105 1556 1201 1635 μόνον,
1221 1555 1290 1617 ἀλλὰ
1310 1558 1401 1638 πολλιρ
1417 1559 1517 1636 μᾶλλον
1532 1562 1550 1628 ἡ
1565 1552 1657 1614 did*
1621 1577 1674 1613 των
1689 1551 1819 1633 πραγμοί·

91 1661 132 1705 tra
135 1659 177 1703 ιιι.
193 1657 216 1704 5.
243 1648 363 1720 lucent,
381 1645 488 1724 inquit,
513 1599 567 1706 lix
579 1660 790 1707 oestrueornm
807 1649 988 1723 nominibus,
1040 1672 1101 1708 των.
1115 1650 1256 1729 Ααμψατω
1271 1648 1322 1730 γὰρ
1337 1615 1412 1728 θμεύν
1428 1648 1513 1707 τδ
1474 1672 1543 1729 ρως,
1559 1644 1652 1727 φησιν,
1668 1644 1819 1725 ἔμπροσθεν

96 1723 131 1769 ι6

244 1752 276 1797 ut
293 1739 417 1798 videant
433 1758 522 1818 opera
541 1750 642 1799 vestra
665 1740 762 1812 bonu,
777 1753 807 1799 et
827 1739 990 1820 glorificent
1004 1754 1024 1801 n
1040 1743 1094 1801 τῶν
1115 1741 1270 1821 ἀνθρώπων,
1283 1739 1327 1799 ίνα
1345 1739 1434 1799 ίδωαιν
1453 1742 1557 1819 opum·
1541 1735 1660 1822 :tram
1674 1737 1757 1817 ἔργα,
1773 1734 1819 1795 καί

131 1832 510 1900 vmfflntremuestrum
529 1834 628 1914 quiin
649 1831 793 1891 eoetrsest
823 1829 899 1891 Nihil
917 1831 989 1891 enirn
1042 1831 1215 1903 δοξάσωσι
1189 1831 1439 1914 τονΠατέραύμῶν
1453 1830 1499 1890 τὸν
1514 1833 1542 1889 ἐν
1555 1839 1609 1897 τοῖς
1625 1833 1754 1909 ούρανοῖς.
1765 1828 1819 1888 Καί

91 1923 189 1963 ⁸¹¹⁰⁰¹¹⁰
156 1921 235 1992 ⁰⁰?¹¹·
203 1924 422 2029 bilsplendidius,
438 1926 555 2003 dilecte,
571 1923 673 2004 optimo
702 1923 764 1984 vitm
785 1922 917 1983 instituto.
932 1922 990 1984 Hoc
1042 1920 1819 2006 γὰροὐδὲνφωτεινότεροντῆςάρίστηςπολιτείας,όγσποτε’.

90 1981 544 2149 ”,',1⁰,¹¹¹¹''„ffi.saprensrttedoelarat
556 2018 881 2096 Vrienntempustorum
893 2028 925 2075 ut
937 2017 990 2077 lux
1042 2021 1129 2080 Τουτο
1139 2020 1226 2091 δηλων
1241 2018 1323 2077 καί
1296 2041 1336 2086 τις
1348 2040 1412 2098 φησι
1422 2041 1475 2075 των
1491 2020 1592 2098 σοφῶν·
1609 2018 1643 2075 nt
1657 2015 1684 2074 δί
1699 2014 1803 2076 θδολ’”
1767 2036 1820 2074 των

92 2120 233 2227 Ρόύυιθί

209 2109 408 2214 Β,εγνίειιιῖειιι
427 2110 574 2192 Splendeat
587 2124 658 2169 certe
672 2128 725 2167 non
741 2110 774 2169 iis
788 2106 869 2168 modo
883 2107 930 2187 qui
944 2131 991 2190 per
1044 2109 1152 2170 δικαίων
1162 2109 1259 2188 ὁμοίως
1273 2109 1498 2190 ρωτλλοίμπουσι.
1510 2109 1655 2187 lepreon
1669 2106 1757 2166 δδούκ
1770 2107 1819 2166 αύ-

242 2223 323 2283 opera
335 2201 427 2261 lumen
437 2201 596 2277 accendunt,
606 2201 677 2261 etad
687 2215 787 2260 rectam
798 2200 990 2276 ducuntvrarn,
1044 2209 1099 2270 τοῖς
1112 2202 1190 2281 μόνον
1205 2209 1260 2270 τοῖς
1270 2200 1357 2261 τδ”
1320 2225 1374 2282 φως
1390 2200 1536 2261 ἀνάπτουσι
1548 2198 1640 2259 nt*
1605 2223 1657 2259 των
1668 2197 1763 2279 ίργων,
1775 2196 1821 2256 καλ

243 2293 290 2354 sed
303 2306 329 2351 et
343 2292 555 2354 viciniseornm.
567 2248 823 2373 Iril'undamuscrgo
836 2293 926 2352 oleum
936 2292 991 2352 hie
1044 2295 1168 2373 όδηγουσι
1179 2317 1244 2373 προς
1256 2291 1305 2365 τὴν
1317 2292 1396 2372 ὀρθὴν
1410 2293 1478 2368 totu,
1493 2292 1562 2352 tum
1577 2290 1624 2352 καλ
1637 2298 1692 2359 τοῖς
1705 2289 1821 2361 πλησίον

243 2408 273 2447 oe
295 2385 488 2468 lampadibus,
511 2400 541 2446 ut
566 2385 711 2445 sublimior
731 2385 766 2447 sit
784 2385 865 2465 ignis,
896 2400 922 2445 et
942 2386 992 2445 lux
1044 2374 1118 2446 ουσιν
1128 2383 1268 2446 ἐκείνων.
1276 2381 1431 2465 Εκχίωμεν
1440 2383 1526 2444 τοίνυν
1538 2383 1569 2443 τὸ
1581 2382 1734 2450 ἔλαιονταις
1747 2382 1821 2461 λαμ-

243 2494 369 2562 appareat
378 2477 548 2561 locupletior.
567 2477 628 2538 Hoc
640 2477 713 2537 enim
726 2477 816 2537 oleum
838 2499 891 2537 non
920 2499 993 2537 nnuc
1045 2478 1111 2540 πόσι
1124 2476 1249 2552 ταύταις,
1263 2477 1333 2538 ὥστε
1356 2475 1548 2559 μετεωρότερον
1563 2475 1684 2558 γενέσθαι
1702 2475 1733 2535 τδ
1753 2478 1823 2555 πῦρ,

243 2584 348 2631 tanturn
371 2590 497 2651 magnam
515 2569 573 2631 viru
588 2568 686 2642 habet,
700 2567 747 2628 sed
769 2589 831 2628 cunr
844 2569 925 2629 etiarn
945 2591 991 2629 sa-
1045 2571 1115 2631 θίοτε
1129 2569 1254 2631 πλούσιον
1273 2569 1429 2651 φανῆναιτδ
1444 2573 1507 2650 φῶς.
1526 2568 1567 2629 Τδ
1579 2568 1631 2652 γὰρ
1644 2568 1732 2629 ἔλαιον
1744 2571 1824 2627 τῶτο

244 2664 345 2724 crificia
361 2665 504 2740 florerent,
521 2662 622 2721 mirum
638 2660 666 2720 in
689 2660 800 2720 modum
815 2661 944 2721 virtutem
961 2661 993 2721 it·
1045 2665 1074 2724 ού
1096 2668 1142 2722 νῦν
1155 2662 1233 2742 μόνον
1244 2661 1346 2733 πολλὴν
1362 2661 1419 2743 ἔχει
1438 2660 1487 2735 τὴν
1508 2662 1592 2742 ἰσχύν·
1607 2659 1721 2722 ἀλλ’ύτε
1735 2658 1823 2720 καλαί

117 2804 153 2832 sce
182 2820 187 2832 ¹
212 2819 218 2832 ,
245 2756 334 2816 lorum
347 2756 492 2838 probavit:
507 2776 570 2814 nam
590 2754 629 2815 ait
641 2777 648 2810 ι
661 2755 769 2814 Oleum
791 2758 866 2814 enim
881 2756 951 2813 uolo
965 2767 1027 2828 etp¹
1046 2755 1133 2815 θυσίαι
1147 2755 1250 2828 ἤνθουν,
1266 2753 1480 2836 παρευδοκίμησε
1500 2755 1592 2834 πολλῷ
1612 2757 1652 2834 τῷ
1667 2752 1760 2835 τρύπιρ
1773 2750 1823 2825 τὴν

121 2892 135 2918 a
164 2892 179 2918 ,,
208 2906 213 2919 ,
246 2870 307 2908 non
322 2851 399 2908 sacri
409 2849 508 2907 icium.
526 2847 562 2905 Et
581 2845 677 2905 merito
693 2844 813 2924 quidem.
826 2844 901 2904 Illud
921 2845 993 2904 enirn
1045 2844 1150 2905 ἐκείνων
1165 2843 1290 2923 δύναμιν·
1304 2842 1417 2904 ίἜλεον
1430 2841 1498 2924 γὰρ,
1512 2841 1824 2924 φησλ,θίλωκαίούθυ-

130 2967 135 2980 ·
245 2940 329 2999 altare
344 2937 523 2999 inanimatum
534 2950 607 3012 erat,
623 2936 676 2995 hoc
688 2955 753 2996 vero
771 2933 923 2995 animatum
932 2950 992 2995 est:
1045 2935 1122 2996 αίαν·
1137 2937 1183 2995 καί
1204 2937 1278 3014 μαλα
1293 2935 1409 3004 εἰκότως.
1425 2935 1530 2996 Ἐκεῖνο
1544 2935 1592 3014 μίν
1608 2934 1660 3018 γὰρ
1680 2935 1826 3016 ἄψυχοντδ

244 3045 271 3092 et
283 3031 339 3090 illic
349 3030 459 3112 quidem
472 3027 608 3109 quidquid
620 3027 778 3109 impositum
789 3040 841 3102 est,
855 3027 917 3106 igne
930 3047 1006 3087 con-.
1044 3027 1245 3110 θυσιαστήριον,
1258 3027 1375 3087 τοῦτοδὲ
1390 3027 1524 3108 ἔμψυχον·
1538 3031 1616 3088 admi
1639 3025 1687 3106 μίν
1711 3026 1742 3086 τδ
1762 3028 1826 3086 ἐπι-

245 3123 370 3195 sumitur,
384 3121 413 3180 in
426 3121 543 3180 cinerem
556 3119 624 3197 abit,
640 3132 722 3198 atque
734 3117 893 3195 effunditur,
907 3119 993 3178 disso-
1044 3118 1164 3198 κείμενον
1176 3051 1246 3179 dnus
1255 3143 1302 3179 του
1312 3118 1393 3202 πυρὸς
1403 3119 1504 3199 γίνεται
1518 3121 1640 3195 lunden,
1655 3119 1701 3180 καί
1714 3123 1827 3202 τελευτᾷ

245 3215 371 3293 lutusque
380 3212 493 3272 sumus
485 3234 514 3270 m
528 3213 596 3270 aeris
611 3224 735 3269 naturam
748 3211 861 3271 transit:
855 3210 917 3270 ·hic
930 3232 994 3272 veto
1006 3214 1082 3307 7,εἰς
1103 3211 1184 3285 κόνιν,
1200 3211 1246 3270 καί
1264 3212 1396 3292 διαχεῖται
1417 3211 1498 3280 εἰς’
1469 3234 1576 3293 repperi,
1592 3212 1639 3271 καλ
1657 3215 1695 3281 είς
1713 3211 1764 3285 τὴν
1778 3218 1826 3272 τοῖῖ

245 3305 315 3364 nihil
333 3304 443 3381 simile,
435 3303 505 3362 ·sed
527 3301 595 3361 alios
614 3304 665 3361 lert
680 3303 794 3361 lruc.tus
812 3303 875 3362 llaec
892 3269 1031 3364 Paulus⁷⁷
1010 3327 1031 3373 Α
1046 3303 1150 3384 ἀέροςύ
1167 3304 1267 3372 καπνὸς
1293 3303 1433 3364 ἀναλύεται
1454 3301 1544 3385 φύσιν·
1565 3306 1677 3364 imile
1703 3303 1732 3366 δύ
1751 3303 1827 3366 οὐδὲν

244 3395 414 3474 declaravit,
437 3416 499 3454 curn
513 3393 585 3453 enim
599 3393 817 3474 Corinthiorum,
832 3394 879 3474 qui
893 3415 995 3476 paupe·
1047 3402 1173 3457 τοιοῦτον·
1191 3397 1249 3455 ἀλλ’
1263 3395 1367 3478 ἑτέρους
1380 3395 1452 3478 φέρει
1463 3394 1523 3464 τους
1531 3421 1655 3478 καρπους
1672 3396 1726 3458 Καί
1741 3421 1827 3458 ταυτα

246 3511 308 3548 rum
322 3441 434 3548 studidsi
449 3500 533 3565 erant,
547 3488 686 3547 thesauros
698 3502 846 3567 enarraret,
860 3487 918 3546 haec
928 3486 994 3563 scri-
1046 3491 1178 3557 ὁῘΙαῖιλος
1194 3489 1310 3562 ἐδήλωσε
1321 3488 1472 3570 λύγων·
1439 3514 1487 3563 τςς
1502 3490 1554 3572 γδρ
1569 3489 1809 3573 odori-rupim*
1772 3515 1828 3551 των

95 3620 118 3650 2,
134 3603 189 3649 cor.
212 3614 235 3662 9,
246 3580 320 3663 psit:
345 3583 491 3660 Quoniam
510 3582 700 3641 ministerium
721 3581 808 3661 liujus
822 3579 914 3665 officii
935 3600 994 3639 non
1048 3582 1192 3665 Κορινθίων
1208 3582 1268 3652 τοὺς
1279 3581 1425 3666 θησαυρούς
1444 3582 1629 3665 διηγούμενος,
1651 3583 1731 3652 ούτως
1746 3582 1828 3666 ἔγρα·

100 3680 135 3712 ta.

248 3675 341 3734 solum
352 3675 467 3754 supplet
480 3690 516 3735 ea
525 3696 591 3756 quae
604 3676 709 3734 desunt
719 3677 898 3751 sanctis,sed
906 3677 995 3735 etiam
1047 3700 1107 3760 ρεν·
1124 3673 1191 3737 Ὅτι
1204 3681 1221 3748 ἡ
1237 3675 1356 3737 διακονία
1367 3679 1415 3750 τῆς
1427 3676 1591 3759 λειτουργίας
1602 3675 1702 3748 ταύτης
1716 3680 1746 3737 ού
1774 3677 1827 3757 μό-

249 3769 382 3827 nlmndnt
396 3788 449 3847 per
461 3767 569 3827 multas
583 3771 746 3848 gratiarnm
761 3771 890 3828 actiones
906 3768 968 3826 Deo
979 3789 994 3841 ,·
1047 3794 1091 3832 νον
1102 3769 1159 3829 ίστί
1166 3772 1425 3851 προσαναπληροῦσα
1438 3767 1472 3828 τὰ
1484 3769 1656 3850 ὑστερήματα
1668 3773 1722 3830 τῶν
1733 3769 1829 3851 ἁγίων,

96 3885 156 3928 lum.
167 3901 188 3928 ι.
202 3885 237 3931 13.
248 3882 280 3921 ³0
298 3881 423 3936 rursum,
435 3859 643 3940 Gloriticantcs
663 3860 759 3920 Deum
776 3863 808 3918 in
828 3860 994 3920 obedientia
1049 3863 1116 3925 emt
1133 3863 1179 3923 καί
1192 3862 1385 3943 περισσεύουσα
1409 3860 1453 3922 διὰ
1470 3865 1575 3923 πολλῶν
1598 3866 1774 3944 εὐχαριστιῶν
1789 3867 1830 3945 τῷ

97 3945 169 4006 ειιο.

248 3955 439 4036 corrsessiom's
460 3964 567 4010 vestrm
581 3952 611 4009 in
630 3951 792 4033 evangelio,
806 3965 834 4011 et
855 3952 996 4031 simplici·
1048 3959 1125 4038 Θεῷ
1146 3957 1193 4016 χοι
1209 3955 1301 4029 πάλιν,
1320 3953 1477 4024 Δοξάζοντςς
1497 3954 1541 4015 τὸν
1560 3954 1629 4017 Θεὸν
1644 3955 1739 4034 ἐστιτῷ
1763 3959 1828 4015 ὑπο.

249 4057 308 4104 tute
324 4045 598 4104 communicationis
622 4055 728 4101 oestrae
751 4045 783 4100 in
804 4043 890 4117 illos,
911 4056 938 4101 et
962 4045 995 4099 in
1047 4052 1116 4130 τομῇ
1127 4051 1174 4120 τῆς
1186 4045 1326 4126 ὁμολογίας
1336 4050 1411 4124 ὑμῶν
1421 4050 1456 4115 είς
1467 4046 1498 4106 τὸ
1511 4047 1671 4128 εὐαγγέλιον,
1688 4046 1735 4106 καί
1745 4046 1830 4107 ἁπλό-

248 4160 359 4213 omnes,
379 4149 408 4198 et
423 4147 454 4198 r'n
468 4142 596 4218 ipsorum
616 4140 815 4197 obsecratione
827 4159 881 4218 pro
895 4139 993 4211 vobis,
1048 4167 1109 4215 ςητι
1125 4145 1172 4214 τῆς
1193 4138 1330 4205 κοινωνίας
1352 4141 1400 4211 τῆς
1418 4142 1454 4206 εἰς
1477 4136 1572 4207 αὐτοὺς
1597 4140 1643 4199 καί
1659 4142 1696 4208 είς
1708 4139 1830 4213 πάντας,

249 4231 480 4290 desiderantium
493 4250 557 4289 uos.
573 4226 673 4292 Viden'
691 4228 819 4288 illumin
847 4230 994 4311 gratiarum
1050 4234 1152 4295 καί“
1119 4257 1152 4312 τῃ
1168 4234 1254 4291 αύτῶν
1268 4229 1356 4302 δεήσει
1370 4229 1437 4310 ὑπὲρ
1452 4234 1525 4308 ύμῶν
1538 4230 1732 4292 ἐπιποθούντων
1749 4237 1829 4312 ὑμᾶς.

249 4320 381 4380 actionem
394 4319 524 4397 desinere,
535 4335 561 4382 et
580 4320 608 4380 iu
624 4321 676 4380 Dei
689 4320 838 4398 laudem;
808 4343 857 4380 ·1n
872 4321 995 4401 frequen-
1013 4349 1032 4395 p
1051 4325 1135 4407 Ορᾷς
1148 4325 1228 4391 εἶς’
1205 4321 1375 4403 ευχαριστίαν
1389 4322 1571 4401 ἀναλυομένην
1585 4322 1678 4395 αὐτὴν,
1696 4323 1743 4383 καί
1758 4315 1831 4386 α’ίνον

250 4428 289 4476 tes
309 4436 401 4475 eorum
419 4416 596 4497 precationes,
620 4437 668 4495 qm
662 4417 815 4477 beneficia
827 4432 995 4499 acceperunt
1050 4442 1096 4478 του
1079 4419 1202 4489 Θεου,
1218 4415 1264 4474 καὶ
1280 4422 1397 4495 συνεχεῖς
1419 4413 1544 4495 ευχδις
1509 4438 1561 4474 των
1580 4439 1607 4474 ευ
1592 4404 1769 4492 'meldorum
1785 4416 1831 4477 καί

251 4508 279 4569 in
299 4508 487 4570 ferventiorem
514 4508 677 4568 caritatem.⁰
699 4510 888 4571 sacrificemus
909 4531 994 4590 ergo,
1052 4507 1239 4592 θερμοτέραν’
1224 4507 1347 4587 αγάπην;
1363 4504 1478 4584 Θύωμεν
1494 4505 1589 4579 τοίνυν,
1601 4507 1750 4586 ἀγαπητοι
1761 4506 1832 4567 θύω-

285 4667 387 4720 ¹’Suvil
401 4677 428 4722 rt
439 4691 521 4741 χωροο
531 4675 652 4727 attam
623 4678 692 4722 mr.
1063 4663 1150 4732 priscis
1161 4662 1339 4732 (ιίιιγεοιιοιινι
1348 4661 1564 4728 exemplaribus
1544 4685 1619 4717 ιιαιο
1608 4663 1671 4714 uhic
1689 4663 1830 4731 legebatur

283 4743 353 4796 Atii
370 4755 492 4815 ὶγχίωμεν-
510 4745 587 4797 Paulo
600 4759 658 4812 post
670 4746 756 4797 llorel
773 4760 953 4820 μετεωρότερον.
934 4747 1014 4800 rSa-
1061 4746 1136 4797 Certe
1149 4742 1228 4810 liquet
1249 4741 1297 4792 hoe
1310 4739 1368 4792 loeo
1380 4740 1461 4792 oleum
1475 4741 1595 4808 intelligi,
1615 4754 1641 4792 et
1658 4740 1724 4794 hanc
1741 4742 1833 4794 lectio·

251 4822 295 4874 vil.
309 4829 455 4896 ὑψηλότερον.
1065 4840 1122 4873 nem
1134 4820 1175 4871 hic
1187 4820 1385 4887 Clrrysostomua
1397 4815 1523 4882 adhibuit,
1536 4837 1579 4887 qut
1572 4819 1668 4871 'altera
1677 4818 1738 4871 alibi
1751 4823 1833 4873 utitur

284 4904 398 4957 “diroru-
418 4909 484 4969 θέλω,
497 4911 535 4958 καί
553 4909 602 4971 ουχὶ
621 4911 705 4958 tumul
724 4901 818 4956 Oleum
834 4904 904 4967 volo,
918 4918 942 4957 et
961 4924 1013 4956 non
1063 4900 1104 4951 ulu
1114 4898 1199 4951 dernr
1202 4896 1325 4949 erreordra
1337 4898 1428 4965 agitur
1439 4895 1719 4964 utndStagiriumlq
1695 4902 1704 4949 t
1725 4901 1832 4967 Τοσι,,ί

251 4981 415 5051 snert‘ficr'wn.
436 4982 474 5031 Ex
496 4978 660 5032 similitudine
683 4997 771 5032 vocem
794 4990 857 5037 elren
874 4987 1014 5035 misericor·
1062 4997 1087 5046 p
1102 4981 1159 5040 ίθθ,
1180 4989 1206 5027 ct
1223 4976 1299 5039 atum
1312 4975 1355 5026 sed
1374 4978 1467 5044 quini
1451 4974 1492 5028 lre
1505 4985 1546 5031 sl
1531 5000 1579 5031 αυιο
1596 4978 1679 5028 oleum
1690 4976 1724 5028 ael
1741 4981 1833 5031 seriem

250 5061 332 5123 diam,
344 5068 396 5114 σις’
382 5067 456 5115 strato
445 5058 549 5112 solcum
556 5077 632 5126 ,quan
642 5058 819 5128 chrysostomi
839 5073 953 5128 ternpore
969 5079 1013 5115 eo-
1061 5074 1098 5107 su
1094 5075 1132 5106 uu
1145 5052 1299 5123 aptabatur,
1312 5053 1378 5105 hunc
1390 5067 1510 5121 sequutus
1521 5066 1558 5106 est
1573 5054 1717 5108 lectionem.
1736 5060 1769 5109 ln
1779 5060 1834 5110 lle

250 5134 308 5187 ‹lcm
332 5136 408 5188 modo
436 5135 681 5203 pronuntiabantur,
703 5137 816 5202 lactum,
843 5150 871 5189 ut
897 5138 1012 5206 quendam
1059 5135 1126 5187 braeo
1144 5146 1229 5184 aunem
1246 5132 1336 5200 legitur
1354 5140 1453 5196 tmn
1471 5142 1592 5198 ww),
1606 5137 1668 5201 quin
1685 5138 1833 5188 misericor-

249 5218 399 5283 exemplaria
416 5218 502 5269 Greca
521 5215 561 5266 hic
574 5225 649 5270 ι”λαιον
663 5214 798 5282 haherent,
812 5229 837 5268 et
853 5216 968 5272 fortassis
988 5223 1013 5273 in
1059 5223 1127 5273 diurn
1142 5221 1220 5274 nolui.
