3750 5940
49 460 54 479 .
83 430 212 483 cxxxv.
239 407 287 483 oi.
315 432 457 485 imru.
490 356 498 365 ·
790 411 863 515 579

50 582 169 624 .·non
188 584 224 627 en
242 564 400 643 duodecim,
416 563 465 626 sed
482 564 603 625 onam
620 586 657 627 ex
675 567 859 651 septuaginta.

50 700 61 713 .
114 658 396 742 Jemenimpotrntes
407 656 859 741 sedutnmirnmessepemuesm,

50 791 62 804 .
114 768 177 808 cum
196 749 320 811 libertate
337 760 513 825 emerunt,
533 760 561 808 et
576 749 660 813 sunus
681 764 856 813 citaverunt.

50 876 60 911 r
113 842 248 905 tenedos
259 843 356 924 igitur,
367 865 382 903 a
394 842 483 903 Pilato
500 842 615 923 gratiam
637 842 716 924 petit,
727 842 777 905 ille
793 864 858 907 onn-

51 967 60 1001 ι
112 933 194 996 cedit
209 936 267 996 Cur
277 936 350 996 eninr
361 956 415 996 non
424 935 548 996 Miscet?
560 936 635 996 Turn
649 933 702 1017 ipsi
714 955 790 1018 epm
799 956 859 999 mn·

51 1034 59 1094 Ι
112 1048 179 1087 num
193 1027 321 1090 adhibuit
333 1029 414 1089 etium
424 1027 590 1090 Nicodemus
605 1050 612 1086 ε
624 1040 652 1088 et
664 1028 859 1109 magnificen-

51 1135 60 1189 5
110 1119 225 1200 peliunt.
239 1118 336 1181 Adhuc
353 1120 424 1181 enim
442 1119 523 1179 iilum
538 1141 590 1202 pro
602 1140 672 1202 puro
684 1119 858 1182 hominebu-

52 1242 58 1278 s
110 1213 218 1274 hebent.
234 1213 271 1273 Et
281 1228 402 1275 ammoto
411 1215 501 1274 [erunt
511 1213 680 1296 hujusmodi,
689 1235 752 1295 que
762 1215 857 1277 mexi-

52 1357 58 1386 ‚
111 1327 153 1366 ure
170 1306 272 1388 possint
288 1327 386 1389 eorpus
401 1305 533 1367 diuturno
551 1319 673 1389 tempore
690 1327 856 1385 nnmerum,

52 1439 58 1452 .
75 1408 94 1455 u
111 1418 145 1458 ne
163 1398 245 1460 citius
263 1399 292 1460 in
306 1398 506 1480 corruptionem
527 1412 620 1479 vergat
631 1422 638 1456 ι
649 1420 704 1479 quo
715 1398 856 1461 indintbe-

53 1531 57 1544 ·
111 1505 155 1551 tur
166 1491 229 1552 illos
241 1513 294 1552 non
311 1511 440 1572 magnum
453 1491 641 1573 quidpitunde
659 1491 719 1574 ipso
738 1492 853 1572 sentireJ

53 1637 57 1659 ‚
108 1597 224 1644 attamen
234 1584 353 1644 multum
363 1604 481 1645 amorem
495 1604 551 1666 pre
564 1583 732 1644 referebant
744 1586 856 1647 Gtuan

53 1712 59 1743 .
110 1689 164 1736 tem
173 1697 253 1737 nemo
264 1698 300 1737 ex
315 1675 459 1737 duodecim
470 1675 592 1751 nocoesit,
603 1696 657 1735 non
668 1676 856 1756 Joennes,uon

54 1800 57 1836 :
109 1768 214 1845 Petrus,
229 1789 282 1829 non
295 1768 366 1828 alius
377 1767 514 1850 quispiam
525 1788 561 1826 ex
574 1764 789 1847 insignioribus?
801 1770 856 1830 Ne·

54 1895 56 1915 .
108 1882 161 1941 que
181 1862 233 1922 hoc
247 1861 364 1923 occultet
377 1860 537 1943 discipulus.
550 1860 620 1919 Nem
633 1859 732 1940 siquis
744 1859 856 1938 dixerit,

54 2010 57 2020 ,
108 1953 144 2013 ob
154 1966 257 2013 metum
272 1952 443 2031 Jodaeorum,
458 1952 488 2012 hi
502 1971 609 2032 qnoque
625 1950 758 2013 emebant
771 1976 779 2011 ε
792 1974 856 2015 nun

55 2088 57 2108 .
108 2045 153 2105 hic
162 2059 229 2122 erat,
242 2045 343 2125 inquit,
356 2045 559 2106 Absconditur
568 2046 605 2103 ob
614 2057 724 2105 metum
734 2044 856 2107 Judoeo·

108 2160 182 2198 rum.
197 2140 253 2199 Nec
269 2135 383 2216 dixeris,
396 2136 436 2199 sic
453 2136 547 2198 secisse
555 2136 631 2217 prod
643 2150 855 2217 euntemnerent3

107 2228 155 2290 sed
167 2231 225 2312 ipse
240 2251 347 2311 qnoque
365 2243 487 2290 metuens
498 2228 745 2292 emersit-domne·
763 2243 857 2291 sutem

107 2323 155 2401 qui
167 2322 290 2384 adicem
307 2337 335 2384 et
352 2323 534 2405 exspirantem
549 2321 665 2402 vident,
678 2322 749 2383 nihii
758 2322 856 2406 hujus·

73 2444 91 2490 g
109 2414 183 2475 modi
202 2415 274 2475 iecit.
290 2414 367 2489 Quid
383 2436 448 2496 ergo
467 2413 633 2475 dicendum?
654 2413 728 2477 Mihi
744 2415 857 2479 videtur

107 2529 170 2567 enm
195 2505 857 2588 exinsignioribusririsfuismtexiuueris

108 2612 199 2660 sumtu
209 2599 307 2679 liquet,
318 2613 345 2660 et
360 2598 450 2660 Pilato
465 2611 561 2659 notum
573 2598 658 2659 inisse
671 2622 678 2657 ε
689 2614 856 2683 qrmpropter

107 2693 137 2753 id
149 2692 316 2773 impetravit,
331 2692 475 2773 ipsumque
487 2689 623 2773 sepelivit,
637 2711 690 2751 non
702 2704 733 2751 ut
741 2690 855 2753 dumne·

107 2799 177 2861 tum,
188 2783 236 2845 scd
254 2797 284 2842 ut
296 2804 354 2843 mos
370 2797 426 2842 erat
442 2781 545 2845 Judaeis
562 2783 676 2865 sqseiire
694 2782 786 2845 virum
798 2804 855 2845 mn-

107 2874 432 2957 gnumetadmirtndum.

62 3236 102 3338 ’ἶ
146 3250 175 3308 d.
197 3250 269 3310 Cum
284 3262 376 3309 nutem
389 3261 510 3329 tempore
527 3246 767 3328 tergerenturffllo
782 3250 855 3312 enirn

107 3342 175 3401 hore
184 3363 253 3401 nona
266 3355 385 3418 mortuo,
398 3339 495 3400 deinde
504 3339 539 3401 iis
549 3339 668 3401 Pilatum
678 3340 853 3420 adeuntibus,

108 3447 134 3495 et
143 3455 240 3514 corpus
250 3432 441 3508 auferentibus,
450 3430 581 3492 credibile
590 3445 648 3493 erat
658 3454 799 3515 vespmnt
807 3434 856 3495 ad-

107 3541 250 3588 venturam
266 3547 331 3601 esse,
344 3547 397 3605 quo
413 3545 466 3585 non
481 3524 579 3585 iicebit
592 3525 699 3607 operui
709 3532 736 3605 ),
751 3526 780 3587 in
793 3548 856 3610 pro·

109 3620 184 3682 ximo
202 3633 375 3680 monumento
388 3638 486 3700 eorpus
496 3617 647 3700 deponunt.
663 3617 856 3701 Dispensrtum

107 3726 147 3774 est
167 3713 256 3794 ipsum
275 3711 374 3793 deponi
396 3710 425 3771 in
451 3731 522 3773 novo
545 3725 736 3789 monumento,
754 3714 783 3773 in
800 3735 855 3794 quo

107 3829 185 3868 nemo
205 3807 343 3889 depositus
367 3819 428 3866 ante
445 3806 533 3866 fueret
551 3830 558 3864 ε
576 3821 608 3866 ut
627 3827 681 3867 non
703 3806 857 3869 “ederem

106 3901 221 3961 alterum
235 3898 423 3974 resurrexisse,
438 3897 487 3977 qui
500 3918 564 3958 cum
577 3898 626 3959 illo
638 3897 777 3980 depositus
788 3899 856 3961 suis·

106 4013 158 4073 set;
174 4012 200 4056 ct
208 4011 238 4055 nt
248 3993 376 4075 discipuli
385 3994 466 4053 facile
478 4007 586 4075 possent
597 4014 629 4055 eu
640 3994 744 4072 venire,
756 4008 785 4055 et
793 4016 856 4076 qua

106 4103 247 4151 evenerant
267 4101 395 4169 spectaro,
409 4105 473 4146 cum
489 4086 596 4148 vicinus
614 4099 683 4146 esset
698 4086 794 4167 loen,
810 4103 856 4151 nt·

107 4205 160 4264 que
176 4195 256 4241 testes
267 4178 469 4239 resurrectionis
488 4177 653 4255 torent,non
675 4177 717 4238 illi
736 4192 854 4257 tantum,

107 4277 155 4337 sed
170 4274 251 4335 etiam
264 4272 378 4333 inimici.
394 4272 464 4332 Nam
477 4271 550 4351 quod
568 4270 707 4351 signacula
719 4271 748 4333 in
764 4273 855 4355 sepul·

107 4391 152 4429 cro
164 4367 251 4450 posita
264 4365 375 4443 fuerint,
385 4363 512 4443 quodque
532 4361 658 4425 custodes
671 4362 773 4425 milites
782 4385 856 4426 nste-

71 4475 89 4523 Β
104 4463 209 4536 derint,
224 4459 256 4520 id
273 4470 344 4519 certe
367 4455 551 4519 testimonium
569 4455 715 4538 sepulture
732 4471 808 4518 eruta
821 4458 855 4519 il·

105 4557 159 4615 lam
170 4552 243 4614 enim
252 4572 306 4613 non
318 4550 408 4609 minus
419 4569 502 4628 quem
512 4549 736 4610 resurrectionem
748 4549 779 4610 in
791 4570 854 4610 oon·

106 4651 173 4710 sesso
192 4669 250 4708 esse
276 4644 401 4705 Christus
424 4642 542 4704 curavit.
566 4638 632 4705 Ideo
652 4641 783 4725 discipuli
805 4645 854 4704 nd-

106 4741 219 4802 modum
232 4736 340 4799 student
353 4732 523 4816 comprobari
534 4747 658 4795 mortem.
670 4734 742 4796 Nam
764 4756 853 4796 resur·

106 4833 251 4894 rectionem
272 4842 359 4891 totum
376 4847 488 4907 sequens
511 4840 618 4909 tempus
629 4827 852 4888 confirmaturum

106 4936 262 4997 erst31nors
274 4939 339 4979 vero
357 4917 380 4977 si
394 4916 509 4977 obscure
530 4934 579 4975 neu
593 4935 705 4997 prorsus
714 4915 853 4976 menifesta

92 5098 135 5166 [Id
155 5093 271 5148 anostris
283 5109 383 5162 quoque
401 5088 484 5143 codd.
501 5083 641 5140 exhibitum
653 5089 791 5154 recepimus
807 5106 854 5155 pro

91 5176 189 5230 Moscili
209 5174 344 5242 scriptura.
359 5171 471 5239 Respicit
485 5170 551 5221 enim
565 5167 762 5237 chrysostomus
776 5182 853 5219 unum

91 5254 248 5322 tesiphon]
