3750 5940
25 474 43 519 a
522 528 525 532 A
694 464 823 516 srurtr.

5 613 44 651 ιι
68 589 206 673 ρειειιίιι,
230 601 331 649 mutata
357 601 397 649 est
424 588 564 665 ιιιετεῖιθι,
586 609 635 649 nec
659 591 712 649 ‘am
767 586 841 647 ίτιί
876 583 963 645 ινιπό
1016 582 1218 655 ,θλλέύθίως
1237 578 1361 667 παρθένοι

2 670 87 752 plius
103 669 230 730 meretrix
248 669 312 746 fuit,
327 667 373 728 sed
394 670 521 728 continuo
541 611 711 748 virginebo-
768 692 788 747 μ
849 689 890 748 ρσ.
902 668 960 726 xes
972 662 1104 744 σασαγδιρ
1116 663 1179 725 καθ’
1190 662 1361 736 ίσντλνθυια

0 749 69 809 'or
92 750 161 808 tacu
187 761 236 808 est.
262 746 373 807 Etenim
395 746 490 808 sedens
513 746 644 808 adversm
667 768 710 807 se·
767 747 905 818 εσπῖσατο,
919 745 964 804 καὶ
977 747 1074 817 ίαοτλν
1088 742 1361 824 κατακρίνουσαῖλιγ

0 859 19 881 »ι
34 858 48 880 ιι
65 827 200 909 judicium
212 827 342 899 exercuit,
359 840 385 887 et
398 827 513 908 seipsam
532 826 711 887 condemnans
767 825 929 904 ἁμαρτωλῷ,
943 823 1015 901 οίμοι
1027 829 1061 904 τῇ
1072 821 1180 904 ἀσώτῳ,
1191 822 1243 890 ίως
1251 821 1323 890 τίνος
1333 824 1361 880 αθ

0 908 40 967 it
64 930 71 964 ι
91 906 143 967 Hei
165 907 234 966 mibi
253 905 409 987 peccatrici,
426 905 471 966 bei
491 905 560 965 mibi
582 905 710 987 perditae,
766 901 1089 984 τῶνκακιῗινςτίούλογίζ
1125 902 1361 983 αιτὴντύπλαγχνί

5 1006 108 1066 ousque
120 984 229 1046 tandem
240 1007 256 1045 a
268 986 347 1045 malis
364 1005 473 1045 menon
490 986 648 1066 sejungam?
662 1005 711 1044 cur
765 982 805 1042 ότι
819 982 854 1042 δι’
866 982 914 1059 ἐμὲ
923 981 972 1055 την
982 983 1074 1042 πλανω
1143 1006 1168 1055 ν,
1181 986 1219 1049 ὡς
1229 980 1361 1061 πρόθατοι

1 1086 19 1124 u
32 1064 122 1145 cogito
134 1078 233 1144 quanta
247 1064 282 1124 sit
298 1063 483 1124 misericordia
496 1064 559 1138 Dei,
570 1084 634 1124 cum
646 1084 710 1145 pro-
728 1068 747 1115 1)
764 1086 798 1122 πε
817 1062 933 1144 ιίρχεται
946 1065 960 1120 θ
973 1061 1121 1135 Δεσπότης.
1136 1061 1181 1121 Δι’
1192 1059 1241 1138 apt
1251 1059 1304 1142 γὰρ
1313 1061 1361 1139 obp

13 1165 80 1204 rme
89 1158 227 1235 tamquam
239 1163 319 1214 ovem
329 1157 470 1217 errantem,
482 1164 574 1205 ornnes
586 1144 645 1202 vias
658 1143 710 1202 cir-
765 1085 814 1201 καί
830 1140 945 1213 κατέόη·
965 1142 999 1200 δι’
1022 1140 1069 1219 ἐμὲ
1092 1144 1132 1222 τῷ
1152 1141 1310 1221 ἁμαρτωλῷ
1322 1140 1361 1199 m

2 1237 74 1283 meat
86 1221 710 1303 DomtnusdPtuptermesiquidentinclinavit
766 1223 899 1281 berctrid
921 1218 1006 1288 διδούς
1028 1220 1129 1302 τροφὴν
1151 1219 1229 1301 πόσῃ
1247 1218 1338 1299 σαρκί.

1 1302 45 1361 los
55 1316 81 1363 et
90 1300 240 1379 deseendit,
250 1321 314 1361 cum
326 1315 465 1383 peccatore
474 1302 608 1363 Pharisaeo
618 1303 709 1360 cibum
766 1301 918 1382 ἁμαρτωλῷ
930 1302 945 1358 δ
959 1299 1159 1382 ἀναμάρτητος·
1172 1297 1309 1381 τραπέζης
1323 1320 1361 1376 με

0 1411 1 1434 ι
15 1382 60 1453 it,
74 1382 124 1474 epti
141 1378 189 1474 dat
206 1402 295 1472 meam
312 1381 385 1440 omni
406 1382 491 1442 carni.
505 1381 710 1475 Appropinquat
766 1404 814 1475 τας
833 1378 952 1460 τρίρων,
976 1358 1022 1438 καλ
1035 1378 1192 1439 κατόκιιται
1206 1378 1253 1437 tet
1266 1377 1318 1449 τὴν
1335 1379 1361 1457 γῑ

6 1489 15 1512 ι
46 1474 110 1539 tort,
119 1481 264 1552 quromnrs
276 1480 373 1551 expers
387 1473 426 1520 est
438 1474 539 1553 μεττερ
553 1481 669 1520 :mense
678 1460 710 1551 fit
766 1458 903 1542 λερθιόίμ
930 1458 1139 1537 βασταζόμενος,
1166 1457 1212 1519 καί
1236 1455 1361 1539 χαρίζετο

2 1554 37 1599 rtr
88 1561 112 1616 s,
124 1562 172 1619 qur
181 1559 275 1600 omnes
286 1552 370 1598 nutrit
381 1563 388 1596 ε
400 1553 426 1598 et
440 1553 511 1619 jacet
522 1560 551 1599 rn
564 1552 648 1614 terra,
661 1560 709 1619 qur
766 1539 934 1618 ἁμαρτωλοῖς
952 1536 987 1596 rb
1006 1560 1050 1639 γει
1186 1542 1241 1598 τῶν
1265 1538 1361 1617 &popu

0 1648 27 1685 ,ι’
104 1619 210 1679 dubim
232 1631 362 1697 gestatur,
381 1632 407 1677 et
421 1618 605 1698 perratoribus
624 1619 710 1678 omni·
764 1620 814 1677 πδν
827 1617 950 1695 ομόναις
969 1618 1014 1677 Θα
1064 1561 1171 1700 effi
1183 1640 1244 1696 μοι,
1257 1616 1361 1695 πρόσιλί

31 1697 211 1781 chirographa
228 1711 398 1779 peccatomm
411 1698 482 1757 ultro
492 1698 617 1779 largitur.
634 1698 710 1770 Quid
765 1696 881 1765 δικαίους
895 1701 991 1768 σῶσαι,
1005 1640 1074 1757 uile
1086 1695 1269 1780 ἁμαρτωλούς.
1290 1695 1361 1756 Καλι

1 1778 115 1843 ἀιιιιιυιιι
131 1777 290 1858 exspectas?
307 1775 384 1836 nude
400 1777 489 1838 anima
506 1799 576 1855 rnen,
590 1777 687 1838 accede
701 1801 708 1834 ε
765 1801 813 1849 σης
827 1779 905 1849 αὐτῆς
916 1822 924 1850 ,
937 1774 1011 1844 εύθθς
1025 1779 1055 1835 ἐκ
1067 1779 1116 1847 τῆς
1126 1775 1261 1856 τραπέζης
1278 1780 1326 1835 τοῒι
1339 1774 1361 1835 Χ

1 1858 108 1918 ιιιέιιίῑ
122 1870 152 1917 ut
168 1856 258 1918 salros
270 1857 368 1917 faceret
378 1856 476 1938 justos,
487 1855 534 1917 sed
549 1870 707 1938 peccatores.
765 1856 808 1914 δία
819 1855 1011 1939 συγγωρήσιως
1024 1846 1102 1928 ἦλθεν
1116 1855 1161 1915 ἐπ’
1175 1855 1275 1927 αὐτὴν,
1291 1852 1361 1926 cler

0 1968 10 1987 2·
48 1959 111 1997 cum
131 1936 177 1997 illa
190 1935 313 2012 dixisset,
331 1937 589 1998 continuoamensa
607 1936 708 1997 Christi
765 1935 819 1994 νυνὶ
833 1936 860 1996 δὲ
874 1934 1011 2074 σώρρσνα·
1032 1934 1081 2007 τὴν
1097 1933 1162 1995 ποτὶ
1176 1937 1256 2016 θῆρα,
1275 1932 1361 1993 mett

21 2038 54 2076 us
66 2016 133 2077 odor
149 2016 325 2097 indulgentiae
340 2016 375 2076 ad
397 2014 563 2077 meretricem
575 2017 707 2099 peruenit,
764 2013 814 2086 τὴν
835 2014 900 2075 ποτὲ
933 2013 1013 2086 ούλην
1031 2019 1081 2086 τῆς
1096 2010 1361 2092 θμαρτίας,νθνδίί

1 2098 32 2155 in
53 2094 270 2173 incontinentem,
287 2117 366 2157 nuuc-
382 2110 502 2175 costam
525 2096 592 2157 clim
614 2097 709 2173 seram,
728 2110 745 2155 Ε
766 2094 911 2174 μετανοίᾳ·
938 2092 988 2164 τὴν
1009 2092 1074 2154 ποτὲ
1098 2092 1218 2175 πόρνην,
1239 2090 1361 2153 νῦνδδσ

1 2176 233 2251 incovem301im
253 2196 360 2236 servam
376 2177 490 2257 pcccati,
508 2196 580 2237 nunu
595 2175 708 2236 liberam
765 2185 851 2235 στᾶσα
870 2179 918 2247 τῆς
937 2172 1102 2253 ἀντιλήψεως
1119 2171 1251 2256 προθύμῳ
1268 2175 1361 2271 rim

2 2255 137 2327 nitentia;
162 2255 228 2315 olim
248 2254 425 2329 meretricem,
446 2276 519 2315 nuuc
538 2268 650 2315 castam.
674 2256 710 2315 Et
765 2255 831 2333 πρὸς
843 2252 937 2313 αὐτόν·
953 2252 1227 2325 Καίίδωθσαίπίιῆς
1239 2256 1361 2333 τραπιζης

7 2356 40 2394 ns
63 2334 281 2416 apprehensionis
302 2333 507 2415 promtitudine,
530 2334 620 2394 animo
636 2334 711 2394 venit
765 2357 825 2405 την,
839 2337 886 2393 οὐκ
899 2331 1035 2404 ίζήτηστν,
1051 2336 1115 2405 ebeni
1126 2329 1278 2404 limeseia,
1291 2330 1361 2412 ψιγίσ

1 2414 110 2505 ipsum,
121 2436 153 2473 ac
162 2434 271 2474 cernens
281 2414 429 2473 Dominum
436 2412 509 2495 apud
516 2420 647 2490 mensam,
657 2435 709 2474 non
766 2413 811 2472 τδν
833 2413 913 2494 όρτον
929 2416 977 2484 τῆς
997 2415 1066 2482 ζωῆς
1079 2412 1139 2471 όλον
1150 2411 1317 2490 περιίλαθεν.
1332 2400 1361 2471 Ἥ

14 2493 44 2552 'rt
59 2492 153 2569 micas,
165 2507 195 2552 ut
206 2493 367 2567 Chananaea,
380 2492 429 2552 sed
441 2491 530 2573 ipsum
541 2493 603 2553 vite
614 2515 709 2574 punem
766 2492 828 2552 ναία
846 2492 907 2573 περί
925 2491 1053 2571 θυγατρὸς
1073 2489 1292 2568 δαιμονιζσμένης
1311 2512 1361 2569 παρ

26 2593 55 2631 ιιι
69 2573 209 2654 complexa
225 2586 272 2632 est.
290 2574 358 2633 Nam
372 2573 525 2631 Chananaea
536 2571 648 2651 quidem
661 2595 710 2665 pro
726 2599 751 2635 ιο
766 2571 834 2632 κύνα
855 2570 951 2643 ἑαυτὴν
976 2568 1130 2640 ἀκούσασα,
1174 2570 1232 2650 ιχία
1244 2569 1361 2648 utros

1 2652 24 2710 'a
35 2673 50 2710 a
60 2651 194 2711 demonio
205 2666 301 2713 vexata
313 2651 484 2735 precabatur,
494 2664 520 2711 et
529 2673 591 2712 urm
604 2652 710 2713 audiret
730 2656 748 2700 Λ
766 2650 794 2712 δὲ
804 2654 833 2711 ού
847 2650 977 2730 θυγατέρα
989 2651 1126 2726 δαιμονιζο
1161 2673 1210 2720 νην
1222 2639 1302 2731 εἶχεν,
1315 2650 1361 2709 ἀλλ

5 2731 51 2807 ris,
74 2745 104 2790 ut
127 2729 210 2791 miras
231 2731 288 2791 acci
373 2730 475 2807 liceret,
493 2730 601 2813 petebat
623 2756 630 2789 ι
653 2732 712 2792 baec
766 2730 978 2809 δαιμονιζόμενον
999 2738 1057 2797 ταῖς
1080 2728 1241 2806 ἀσελγείαις.
1270 2728 1361 2789 ’λλλί

1 2824 57 2871 tem
66 2832 120 2871 non
131 2810 217 2871 filiam
227 2811 298 2871 habe
333 2808 712 2880 ῖιιίαιιιιυιιεοίιιεεευιιι,ετιί
765 2811 937 2870 ἐπὶςπάντων
960 2808 1077 2889 ἔκραζεν·
1091 2807 1200 2879 ἐλέησόν
1224 2831 1270 2887 με,
1295 2806 1361 2869 ulll

7 2912 55 2950 um
68 2912 100 2950 eo
133 2891 214 2969 rusb
230 2890 410 2972 impudicitiis
424 2890 571 2949 clueosum.
587 2895 627 2951 Ae
640 2892 712 2952 cha·
765 2890 849 2968 πόρνη
871 2891 901 2949 σθ
923 2913 940 2948 κ
957 2888 1040 2966 αυγὴν
1061 2892 1179 2968 ἀφῆκεν,
1202 2891 1262 2949 ἀλλ’
1284 2889 1361 2948 ttuu

9 2992 59 3031 aea
71 2992 117 3063 qur
138 2990 181 3030 ern
189 2990 280 3030 coram
288 2969 415 3031 omnibus
421 2969 555 3029 clamabat
567 2993 573 3027 ι
584 2971 712 3031 Miserere
767 2960 835 3029 οἶδεν
850 2972 885 3037 ὡς
898 2911 975 3041 Θαίς,
986 2972 1089 3046 σιγῶσα
1101 2970 1140 3048 τῷ
1154 2967 1279 3047 στόματι,
1294 2972 1361 3048 τῇιιι

2 3049 31 3128 i,
46 3050 88 3111 sih
104 3049 211 3129 David3
226 3050 353 3111 meretrix
372 3062 463 3109 autem
485 3070 519 3109 ne
540 3070 633 3109 vocem
650 3052 712 3132 qui·
767 3052 805 3129 τῷ
819 3049 866 3115 τὰς
883 3047 991 3128 καρδίας
1004 3049 1100 3109 εἰδότι·
1120 3047 1166 3108 καί
1178 3047 1361 3108 κλαίουσαιιττ

0 3158 22 3181 ,ιι
43 3129 176 3208 mittebat,
189 3128 238 3189 sed
251 3150 314 3188 eum
330 3128 414 3213 probe
427 3129 506 3188 sciret
520 3130 609 3189 Deum
621 3131 713 3191 omnia
767 3127 865 3197 πόδας,
880 3131 927 3187 καὶ
940 3126 1008 3187 οὕτω
1021 3127 1066 3187 τδν
1084 3128 1225 3199 Δεσπότην
1245 3130 1282 3195 είς
1294 3148 1361 3205 eupit

5 3229 55 3285 sse,
73 3223 164 3269 tacens
185 3231 239 3284 ore,
253 3206 332 3268 corde
348 3208 512 3287 loquebatur
523 3208 558 3283 ei,
571 3209 618 3289 qui
632 3206 712 3270 corda
767 3232 837 3284 γκεν.
863 3206 934 3267 Ἀλλ’
954 3206 1066 3282 ἤθελον,
1091 3208 1214 3288 ἀδελφοί,
1238 3208 1361 3289 ἐρευνῆσαι

1 3289 55 3361 nit,
74 3301 100 3346 et
118 3289 227 3368 plorans
246 3287 453 3348 deosculabatur
490 3287 560 3364 edes,
577 3302 657 3368 atque
675 3290 711 3349 ita
768 3288 868 3360 ἐκείνης
890 3285 937 3353 τδις
950 3285 1064 3367 φρένας,
1087 3288 1133 3346 καί
1149 3294 1257 3365 μαθεῖν,
1271 3290 1326 3352 πῶς
1337 3285 1361 3343 ἐδ

13 3365 421 3428 minumadcommiserationem
431 3310 545 3427 indixit.
555 3366 711 3446 Enimvero,
767 3371 781 3424 θ
797 3366 923 3448 Χριστὸς,
944 3367 1058 3435 καὶπῶς
1077 3366 1256 3446 ἐνελαμψετῇ
1273 3370 1361 3425 ἓσκοειι

0 3460 72 3522 tres,
84 3445 271 3525 investiganda
291 3447 368 3507 nobis
387 3460 436 3525 est,
451 3447 472 3506 si
487 3446 571 3523 lubet,
583 3447 712 3527 sapientis
768 3446 822 3505 Καὶ
845 3444 897 3526 γδιρ
926 3448 1048 3517 ἀληθῶς,
1077 3443 1165 3513 καθὼς
1194 3444 1361 3529 προεφήτευσε

4 3525 44 3583 'us
58 3546 140 3600 mens,
155 3540 185 3584 ut
195 3524 339 3602 discamus,
351 3526 487 3605 quomodo
500 3525 576 3586 illam
589 3526 626 3585 ita
636 3549 712 3587 exce·
768 3525 874 3604 Ὡραῖος
888 3525 980 3585 κάλλει
994 3523 1067 3605 παρὰ
1081 3524 1140 3593 τοὺς
1150 3525 1221 3593 cleb<
1235 3530 1288 3583 τῶν
1300 3527 1361 3605 ύνθρι

1 3605 39 3663 rit
48 3604 183 3680 Christus,
192 3619 219 3664 et
227 3604 608 3697 quomodotenebrisobsessae
616 3608 712 3667 animae
769 3629 837 3684 ριος·
860 3605 905 3663 καί
925 3607 954 3664 ού
977 3607 1054 3682 μόνον
1076 3609 1188 3686 ὡραῖος,
1217 3602 1348 3665 ἀλλὰκαὶ

2 3684 101 3743 uxerit.
114 3686 185 3745 Vere
200 3706 283 3763 enirn,
303 3700 333 3745 ut
346 3684 476 3766 praedixit
488 3684 588 3761 David,
599 3687 725 3767 Specie-⁴
769 3685 889 3763 ἐραστής.
917 3684 1026 3757 Ταύτην
1038 3684 1090 3765 γὰρ
1103 3686 1149 3744 καί
1162 3686 1226 3765 πρὶν
1239 3688 1357 3744 εἰσελθεῖν

1 3786 18 3823 s
23 3766 131 3846 forma
139 3786 201 3845 μισ
215 3766 277 3824 illis
295 3768 446 3824 bominum
457 3764 590 3824 Dominus
607 3789 614 3823 t
628 3787 713 3845 neque
768 3763 941 3840 ἐπεγίνωσκεν
952 3764 1065 3844 ἔχουσαν
1075 3767 1163 3844 ψυχῆς
1176 3768 1277 3842 ἀγαθῆς
1285 3762 1361 3842 προτί

12 3865 59 3902 um
69 3844 268 3925 speciosus‚sed
280 3859 306 3903 et
319 3844 500 3925 speciosorum
511 3858 622 3905 amator.
636 3846 719 3905 Hanc·
769 3848 791 3904 εἰ
810 3845 896 3916 δοκεῖ,
908 3843 953 3902 καί
964 3850 1010 3903 τοῦ
1031 3849 1110 3924 ῥητοῦ
1125 3849 1169 3902 τοῦ
1187 3846 1351 3922 εὐαγγελικοθ

1 3923 55 3999 im,
63 3925 222 4004 priusquam
235 3923 269 3983 ad
284 3924 375 4005 ipsum
389 3923 584 4003 ingrederetur,
599 3926 651 3985 ‘am
664 3947 711 3984 no·
769 3923 950 4000 ’λνακειμένου
970 3928 1017 3982 τοῦ
1037 3925 1126 3996 Ἰησοῦ
1147 3926 1173 3982 ἐν
1193 3929 1226 3995 τῆ
1239 3923 1309 3982 οἰκία
1320 3926 1359 3981 τού

1 4051 3 4060 ,
19 4003 155 4084 atuptima
163 4003 407 4063 meuteacconsilio
416 4004 584 4064 instructam.
593 3947 711 4079 lterum,
731 4012 748 4056 B
768 4002 831 4083 γυνή
845 4027 884 4069 τις
898 4002 1054 4083 ἁμαρτωλὸς
1064 4005 1134 4082 ἔνι-ᾔ
1147 3990 1224 4062 πόλει
1237 3988 1361 4074 victoriaci

6 4080 121 4157 diamus,
134 4081 157 4142 si
174 4081 292 4158 videtur,
307 4082 366 4164 ipsa
381 4082 521 4163 Evangelii
536 4083 627 4144 verba.
643 4085 712 4146 Cum
769 4081 850 4164 μύρον
864 4082 1026 4158 πολύτιμον,
1041 4085 1194 4141 εἰσελθοῦσα
1208 4082 1313 4163 ἤλειρεν
1326 4081 1361 4140 uit

15 4163 136 4221 umberet
146 4165 224 4224 Jesus
240 4163 268 4221 in
281 4161 362 4221 domo
378 4162 517 4238 Pharisaei,
530 4163 628 4222 mulier
639 4184 712 4243 quae-
769 4164 824 4236 δας,
837 4162 947 4229 καὶτοῖς
960 4162 1086 4243 δάκρυσιν
1098 4161 1202 4243 ἔθρεχε,
1213 4161 1258 4220 καὶ
1270 4169 1325 4227 ταῖς
1333 4164 1360 4241 θρ

8 4241 74 4323 min
84 4241 194 4300 civitate
206 4241 341 4333 peccatrix
351 4241 468 4301 audivit.
482 4241 519 4301 Et
529 4263 591 4302 eum
600 4244 712 4324 cepisset
770 4241 880 4320 Μεγάλη
900 4242 999 4312 σπουδὴ
1020 4243 1162 4321 γυναικὸς,
1185 4242 1269 4321 μέγας
1289 4240 1361 4319 δρόμο

0 4334 137 4400 tgucntum
153 4334 309 4401 pretiosum,
323 4320 541 4402 ingressa,pedcs
555 4321 614 4401 ejus
630 4343 712 4400 unge·
770 4321 871 4399 μεγαλη
890 4320 1041 4402 προαίρεσις
1061 4324 1148 4420 ραι-γῆς
1167 4321 1293 4380 κινδύνων
1311 4320 1361 4379 urta

8 4412 26 4474 t,
41 4413 66 4457 et
76 4400 204 4481 lacrymis
217 4401 330 4479 rigabat,
343 4401 500 4481 capillisque
513 4402 641 4539 terpebat.
654 4404 712 4461 Ma·
767 4403 893 4479 λαγῆναι·
913 4400 1012 4472 ἤκουσε
1035 4424 1080 4458 και
1100 4389 1241 4470 ἔσπευσεν,
1261 4399 1343 4471 ὤθησε
1359 4424 1361 4433 ⁴

0 4499 55 4535 um
66 4479 188 4537 studium
204 4480 334 4554 mulieris,
346 4500 460 4559 magnus
473 4479 508 4539 ad
521 4502 550 4540 sa
563 4495 635 4540 utem
651 4503 712 4540 our·
767 4485 803 4546 εἰς
822 4478 870 4552 τὴν
889 4480 1038 4557 μετάνοιαν,
1057 4478 1172 4556 λέγουσα
1188 4486 1273 4538 ταῦτα
1292 4483 1318 4538 όν
1335 4479 1361 4536 al

21 4577 137 4634 ,magna
156 4560 288 4617 contentio
305 4559 409 4634 animae,
424 4560 650 4641 quaesepericulo
668 4583 713 4620 ex·
766 4559 910 4642 ἁμαρτωλδ,
926 4559 971 4618 καὶ
986 4559 1134 4641 τρισαθλία,
1152 4559 1179 4617 τί
1202 4557 1352 4637 ἀναμένειςς

11 4661 17 4688 ι
29 4636 66 4694 're
77 4637 151 4716 cupit
163 4660 170 4691 :
183 4636 268 4696 audiit
278 4652 303 4695 ct
312 4641 473 4720 properavit,
483 4639 519 4699 ad
527 4639 712 4720 poenitentiam
767 4639 835 4698 Ἰδοὺ
849 4642 895 4697 νῦν
907 4637 996 4716 καιρδς
1008 4638 1208 4718 εὐπρόσδεκτος,
1223 4638 1277 4699 tuot
1289 4640 1358 4707 νύνη

9 4715 93 4775 ‘mum
102 4715 377 4796 appulithaecsccum
385 4732 510 4799 reputans
523 4742 529 4776 :
541 4720 711 4800 Opcrcatrix
766 4717 832 4796 ρίας.
857 4717 925 4777 Ἰδού
938 4722 951 4776 ὁ
964 4717 1062 4798 καιρὸς,
1078 4717 1105 4776 δν
1117 4718 1228 4791 ἐζήτεις,
1240 4718 1361 4798 ἔρθασει·

7 4795 62 4854 ima
79 4809 170 4874 terque
190 4794 294 4870 misera,
317 4798 383 4876 quid
404 4799 560 4878 exspectas?
574 4799 642 4876 quid
653 4821 710 4859 sus-
765 4821 821 4857 στιν
839 4802 853 4856 ὁ
869 4797 936 4856 λύων
957 4797 1002 4856 καὶ
1019 4796 1152 4880 καθαίρων
1170 4799 1216 4858 καὶ
1228 4795 1361 4876 ἀποσμήγι

1 4896 53 4935 nso
69 4874 160 4934 animo
180 4873 291 4934 differs?
306 4879 384 4936 Ecce
403 4899 481 4936 nune
495 4892 605 4959 tempus
625 4899 708 4939 aece-
763 4877 885 4954 ripere·
911 4876 1024 4956 πόρεστι
1048 4878 1079 4936 τὸ
1103 4877 1200 4958 μύρον·
1226 4877 1306 4959 μέχρι
1326 4864 1361 4935 τίν

5 4957 88 5026 bile,
119 4974 184 5014 ecoe
209 4974 286 5014 nttnc
302 4957 363 5015 dics
378 4957 491 5018 solutis.
506 4956 574 5017 Ecce
587 4971 708 5050 tempus,
762 4981 813 5023 νεις
827 4961 865 5036 τῷ
881 4955 999 5037 βορθόρῳ
1011 4956 1099 5036 καλιῇ
1116 4957 1250 5038 δυσωδίας
1266 4958 1357 5017 ἄπελθε

6 5038 40 5095 od
53 5033 199 5113 qtraerebas,
214 5032 324 5094 advenit
339 5056 417 5095 :ecce
429 5036 505 5096 adest
522 5037 568 5117 qui
588 5039 667 5097 solvit
683 5052 708 5097 et
762 5037 807 5095 καὶ
824 5035 876 5117 γὰρ
895 5036 971 5102 αὐτὸς
992 5035 1036 5095 διδι
1055 5035 1084 5097 σθ
1099 5027 1187 5108 ἦλθεν.
1207 5035 1285 5119 Ἄρες
1302 5037 1361 5096 τδιιι

22 5238 59 5289 Δί.
71 5246 195 5306 «iuguletur.
