3750 5940
250 480 255 490 .
317 449 350 496 tu
376 450 642 509 exaurartoupu
669 451 882 500 vuuunuuon
908 453 1034 501 caucis.
1399 435 1467 530 873

63 572 153 652 ἐτίρου
164 572 301 652 όρείλσντα
312 573 469 634 δικάσασθαι
481 574 526 632 ini
536 581 582 635 τοῦ
595 577 670 653 βασι·
723 573 816 652 mittit,
833 589 940 635 resecat.
957 576 1002 634 Tu
1021 575 1157 636 bominem
1179 578 1293 656 quaeris,
1307 579 1355 658 qui
1377 599 1469 640 eoram

61 652 85 711 ιδ
98 651 136 731 μὴ
158 652 271 712 καδολου
284 655 379 732 εὑρεῖν.
395 652 515 721 Πολλοὺς
525 654 577 733 γάρ
591 652 669 713 ἀτώ-
722 674 784 733 rege
798 674 860 713 eum
873 653 927 714 alio
939 649 1138 735 disceptaturus
1149 655 1198 734 sit,
1216 678 1264 716 nec
1282 657 1406 718 invenire
1555 713 1559 723 .

61 734 144 791 ιδικεῖν
158 729 328 812 αἱρουμένων.
343 730 395 790 Διδ
407 736 491 791 ταῦτα
502 736 516 791 ό
529 732 671 813 φιλάγαθος
688 751 707 796 n
726 745 772 791 tes.
783 733 887 793 Multos
905 733 978 793 euim
994 733 1114 815 perdidit
1128 734 1176 814 qui
1186 735 1254 796 alios
1264 737 1361 817 injuste
1371 681 1469 797 tediis

61 813 135 892 ιρεῖδε
145 811 178 870 τὰ
192 811 293 892 δάκρυα
312 808 427 876 καὶτοὺς
446 810 607 890 στεναγμοὺς
617 816 669 870 τῶν
724 812 831 871 vellent.
845 811 1057 892 Ideo-benignus
1072 816 1153 881 Deus,
1171 835 1228 873 uon·
1242 815 1366 897 despexit
1380 817 1470 899 laery-

61 915 84 950 ιν
102 889 148 949 καὶ
166 889 245 950 δσίων
261 888 328 972 ὑπὲρ
348 893 428 949 αὐτοῦ
447 913 486 949 πα
538 889 670 950 αλοόντων
724 906 818 951 maset
830 892 945 971 gemitus
958 892 1330 955 sacerdotumetsanctorum
1348 917 1468 970 suorum,

61 969 169 1029 ιιόινδιόι
188 975 235 1028 τοῦ
255 969 391 1050 πρυρήτου
410 967 537 1044 Ἡααου,
558 969 672 1070 Κρίνατε
723 969 771 1048 qui
809 992 839 1030 ro
859 993 889 1030 ea
911 993 941 1030 re
956 971 1047 1053 ipsum
1059 975 1254 1053 precabantur,
1270 975 1316 1054 qui
1335 974 1407 1034 dixit
1441 998 1470 1035 er

61 1049 80 1108 ti
92 1048 250 1109 δικαιώοατε
262 1049 360 1131 χήραν,
374 1047 420 1107 καὶ
428 1048 516 1119 δεῦτε,
527 1049 572 1109 καὶ
583 1052 671 1109 οιαλε-
724 1068 774 1128 pro
790 992 812 1108 b

62 1129 113 1189 λλδι
134 1127 297 1187 καὶτούτων
321 1132 374 1187 τῶν
397 1129 481 1206 εὐχῶν
504 1129 671 1197 εἰσακούσας,
725 1131 759 1186 ω’
780 1149 860 1201 uam,
878 1142 907 1189 et
924 1135 1034 1203 venite,
1049 1144 1078 1191 et
1095 1133 1326 1214 disceptemuss
1377 1155 1470 1194 eomm
1483 1124 1519 1170 ¹⁸·

61 1208 76 1266 δι
93 1207 158 1287 ὑπὲρ
172 1207 309 1286 ἄνθρωπον
322 1205 463 1289 παρανομή
551 1207 672 1289 συνεχώ-
709 1262 713 1269 ,
726 1206 862 1267 exauditis
871 1209 1006 1290 precibus,
1018 1223 1044 1269 et
1055 1209 1130 1270 illius
1140 1211 1252 1286 seelera,
1262 1234 1323 1291 quae
1332 1213 1470 1275 homiuem

61 1293 87 1367 τῇ
107 1286 257 1367 Ἐκκλησία
271 1287 316 1347 τὸν
331 1288 426 1345 οἰκεῖον
438 1229 546 1364 κόάαμδλ,
559 1287 605 1346 καὶ
623 1285 671 1359 τὴν
727 1288 898 1367 superabant,
920 1286 1097 1365 condonavit,
1112 1304 1136 1348 et
1149 1290 1277 1372 Ecclesiae
1295 1314 1375 1352 suum
1388 1314 1470 1372 ,orna-

71 1372 123 1426 τῶν
138 1367 219 1447 ἁγίων
233 1365 277 1426 καί
289 1370 393 1426 σειττῶν
408 1365 515 1425 εἰκόνων
529 1365 672 1446 ἀπένειμε,
727 1378 799 1442 tum,
817 1381 844 1426 et
862 1381 1015 1427 sanctarum
1035 1369 1302 1449 venerandarumque
1320 1371 1471 1450 imaginum

61 1455 94 1513 οῖς
115 1447 263 1527 εἰλικρινῶς
282 1451 459 1526 προσκυνοῦσι
471 1445 517 1504 καὶ
531 1469 672 1507 κατασπα-
725 1443 849 1505 decorem
861 1446 988 1519 restituit,
1004 1448 1082 1507 nobis
1103 1469 1135 1507 ue
1148 1449 1195 1527 qui
1212 1449 1273 1508 illas
1289 1450 1391 1510 sincere
1405 1450 1471 1510 eoli-

61 1525 125 1599 τὰς,
136 1525 182 1585 καὶ
191 1525 226 1585 εδ
235 1531 292 1585 θεῖα
302 1522 514 1606 ταραγγίλματα
529 1528 608 1585 αὐτοῦ
619 1549 672 1607 qo·
726 1544 786 1583 mus
806 1538 899 1585 etam
918 1525 1056 1602 lectimur,
1072 1470 1200 1607 illiusque
1221 1528 1316 1590 diviua
1337 1544 1471 1611 praecepta

61 1605 158 1744 ρίρηνην
171 1603 305 1685 σταθηρδιν
316 1604 361 1664 καὶ
375 1603 543 1685 συγχώρησιν
556 1609 608 1664 τῶν
622 1627 671 1663 πε-
725 1623 879 1680 servamus,
930 1620 1001 1665 mam
1016 1627 1109 1686 paoem
1132 1620 1159 1665 et
1183 1609 1366 1668 remissionem
1378 1630 1471 1690 pecca·

99 1708 134 1743 ων
145 1687 204 1743 καθ’
220 1684 334 1754 ἑκάστην
349 1683 541 1763 impetraretur
560 1686 632 1766 αὐτῷ
653 1688 671 1755 ἡ
726 1695 817 1743 torum
836 1684 958 1763 quotidie
981 1685 1102 1745 coneedit
1113 1708 1120 1742 ι
1132 1685 1197 1777 quia
1211 1687 1264 1769 ipsi
1278 1689 1365 1767 gloria
1378 1703 1407 1759 ct
1419 1689 1470 1747 im·

61 1763 228 1865 ,κράτοςκραὶ
240 1769 258 1836 ἡ
271 1761 393 1915 quque
404 1766 421 1834 ἡ
431 1762 622 1842 πρυσκόνησις,
636 1767 672 1831 εἷς
725 1761 843 1843 perium,
854 1764 941 1825 bonor
953 1777 979 1824 ct
995 1764 1126 1842 adoratio,
1142 1785 1169 1825 m
1187 1768 1286 1827 saecula
1299 1768 1470 1827 saeculorum.

61 1866 135 1910 ςτων
151 1866 261 1903 αωινων.
306 1866 367 1920 μν.

516 2225 923 2355 MONITUM
958 2125 961 2129 *

307 2501 361 2575 ΙΝ
401 2500 736 2596 SEQUEN'I’EM
774 2500 1089 2577 SERMONEM.

61 2728 80 2766 n
94 2705 198 2764 minimi
213 2704 293 2785 pretii
305 2705 468 2786 opuseulum
482 2706 556 2787 typis
568 2705 634 2766 dare
648 2726 680 2765 ne
696 2705 889 2785 cogitassemus
902 2706 1021 2787 quidem,
1032 2706 1085 2767 uisi
1099 2706 1220 2768 Savilins
1244 2706 1320 2787 prior
1333 2705 1471 2784 edidisset,

62 2815 92 2860 ut
104 2801 187 2859 multa
196 2800 250 2859 alia
264 2799 385 2880 ejusdem
397 2801 500 2874 farinae,
509 2800 606 2881 primis
617 2801 680 2860 solis
692 2800 781 2860 allatis
790 2801 960 2881 singulorum
972 2801 1072 2877 verbis,
1081 2801 1299 2882 praetermiserat,
1323 2801 1374 2861 boe
1392 2801 1474 2862 etiam

70 2896 220 2975 relinquere
232 2894 337 2972 debuit,
351 2909 382 2954 ut
392 2895 558 2956 existimabit
570 2894 644 2955 haud
653 2895 737 2956 dubie
747 2897 871 2975 quisquis
884 2910 972 2956 mente
986 2910 1012 2956 et
1022 2895 1152 2979 κριτηρίῳ
1166 2895 1279 2956 vaiebit.

61 3273 137 3346 ςτλν
155 3273 255 3353 όψωσιν
270 3277 315 3332 τοῦ
331 3271 419 3351 τιμίου
433 3277 555 3352 σταυροῦ.
684 3269 720 3368 ²³³
810 3269 1081 3330 InExaltationem
1089 3269 1267 3328 veneraretur
1281 3248 1392 3329 Crttct'si
1462 3320 1464 3325 .

61 3459 83 3517 tu
94 3463 111 3532 ἡ
123 3460 176 3518 άπὸ
188 3460 241 3517 τῶν
249 3457 374 3539 χειρόνων
389 3457 471 3518 tried
480 3457 617 3538 κρείττονα
627 3481 676 3535 με·
770 3452 867 3514 Omnis
879 3451 994 3513 mutatio
1005 3451 1169 3534 apejott'ltus
1179 3452 1215 3512 ad
1225 3453 1335 3514 meliora
1350 3473 1477 3534 magnam

61 3537 141 3611 ιίστην
152 3537 239 3618 peplo
253 3537 299 3597 καλ
314 3536 472 3621 εὒρροσόνην
486 3541 524 3618 τῷ
539 3538 608 3615 γίνει
623 3540 674 3596 τῶν
729 3532 852 3592 letitiam
871 3547 897 3592 et
916 3531 1047 3612 gaudium
1060 3532 1136 3591 affert
1152 3533 1242 3612 generi
1257 3534 1386 3594 humano.
1402 3536 1476 3596 Solet

61 3608 255 3698 κατεργάζεται.
267 3614 617 3697 Πίρυκεγδιρήἄνθρωπίνη
628 3615 675 3696 ρό·
730 3612 802 3672 enim
822 3612 941 3672 bumana
960 3625 1057 3670 natura
1078 3632 1182 3692 semper
1199 3612 1236 3672 ad
1252 3608 1364 3673 meliora
1383 3613 1473 3696 adipi-

61 3698 166 3756 ιττόνων
178 3695 320 3778 ὀρεγομίνη
331 3697 372 3756 del
383 3695 503 3755 σπεύδειν
511 3695 555 3755 ἐπὶ
565 3695 612 3769 τὴν
623 3700 674 3754 τῶν
728 3691 856 3773 piscenda
878 3691 953 3752 ferri.
974 3690 1021 3751 Sic
1039 3690 1099 3749 laeta
1115 3691 1307 3772 navigantibus
1323 3708 1388 3753 csta
1403 3707 1474 3754 tem·

61 3777 221 3857 κατάληψιν.
241 3775 322 3835 Οὕτω
335 3782 397 3856 γοῦν
409 3775 485 3848 ἡδεῖα
505 3785 560 3842 τοῖς
579 3774 675 3834 πλόου·
764 3786 832 3831 state
841 3771 878 3832 ad
888 3784 1043 3831 serenumet
1055 3770 1231 3850 tranquillum
1238 3773 1336 3832 celum
1346 3774 1459 3832 mutatio
1465 3799 1473 3850 3

63 3861 158 3932 ιριῶνος
177 3859 213 3922 είς
226 3855 312 3915 εὐδίαν
326 3856 372 3914 καλ
385 3853 502 3936 γαλήνην
514 3854 674 3933 μετάδοσις·
740 3860 807 3910 aetts
820 3851 972 3911 viatoribus
987 3871 1002 3908 a
1015 3849 1205 3928 defatigatione
1218 3849 1254 3908 ad
1270 3851 1387 3928 quietem
1399 3866 1474 3912 tran-

61 3935 76 3994 ιλ
89 3945 143 4001 τοῖς
159 3934 293 4015 δδοτόροις
318 3939 336 4006 ἡ
357 3937 388 3994 ἐκ
405 3935 526 4013 καμάτου
546 3936 587 3994 ἐπ’
608 3934 674 3993 ἀνά-
729 3930 816 4007 situs,
832 3929 923 3991 suavis
942 3927 1127 3999 moerentibus,
1150 3929 1287 3988 atristitia
1301 3931 1328 3988 iu
1361 3930 1475 3990 audium

61 4015 117 4092 γίοι·
129 4018 205 4087 ἡδεῖα
221 4015 247 4073 δὲ
268 4015 314 4074 καὶ
335 4025 389 4082 τοῖς
411 4013 584 4092 λυπουμένοις
601 4017 618 4084 ἡ
645 4015 675 4070 ἐκ
729 4009 883 4085 oonrersi03
898 4009 1009 4067 suavior
1030 4007 1109 4085 aegris
1127 4007 1249 4066 sanitatis
1262 4029 1294 4066 ac
1309 3950 1475 4070 valetudinis

65 4097 101 4161 εἰς
124 4092 283 4175 εὐρροσόνην
295 4095 447 4171 μετάθεσις·
457 4091 572 4174 ἠδυτίρα
587 4091 614 4151 δὲ
629 4092 674 4151 καί
729 4087 850 4162 reditus;
864 4087 953 4146 dulcis
965 4086 1131 4146 bellantibus
1146 4086 1222 4167 pacis
1229 4100 1258 4159 ct
1272 4087 1398 4147 amicitia·
1410 4111 1473 4149 cou-

61 4180 108 4246 ινὴ
123 4174 150 4242 ἐξ
162 4174 295 4241 ἀσθενείας
310 4177 347 4241 εἰς
359 4172 459 4251 ὑγίειαν
474 4172 519 4232 καὶ
530 4171 674 4255 εὐρωστίαν
727 4167 830 4226 ciliatio
844 4180 870 4226 et
884 4165 1068 4242 confirmatio,
1091 4164 1199 4225 dulcior
1220 4180 1312 4226 autem
1330 4191 1345 4226 a
1358 4170 1475 4230 tenebris

64 4254 140 4324 ἡδεῖα
154 4252 183 4312 st
198 4253 243 4313 καί
257 4264 311 4321 τοῖς
323 4252 461 4330 πολεμίοις
475 4257 493 4324 ἡ
508 4251 561 4312 ἀπὸ
578 4251 625 4332 ἔχθ
645 4275 675 4318 ας
692 4275 709 4321 13
727 4260 753 4306 et
766 4259 842 4306 nocte
856 4245 892 4305 ad
905 4246 979 4306 diem
992 4265 1121 4305 accessus.
1133 4246 1281 4326 Omnisque
1293 4263 1385 4323 actus,
1400 4263 1429 4308 ut
1438 4251 1475 4309 ita

61 4331 101 4392 καί
121 4333 228 4414 εἰρήνην
240 4333 395 4412 βεάαίωσις·
412 4331 526 4412 ἠδυτίρα
543 4331 570 4390 et
591 4276 673 4402 eain
727 4327 827 4402 dicam,
840 4325 1012 4399 suaviorem,
1031 4346 1093 4384 cum
1115 4325 1232 4385 utilitate
1251 4328 1420 4407 conjunctus.
1431 4330 1477 4390 Sic

60 4411 141 4479 ιότους
160 4413 205 4472 καλ
221 4418 268 4484 τῆς
281 4411 372 4479 νυκτὸς
389 4415 426 4480 εἰς
439 4411 488 4484 τὴν
501 4410 604 4492 ἡμέραν
623 4435 674 4488 με·
728 4407 818 4486 itaque
835 4405 961 4467 uidemus
983 4404 1101 4463 fructum
1114 4405 1191 4464 nobis
1206 4428 1221 4465 a
1236 4407 1294 4465 Deo
1304 4427 1476 4487 concessum,

61 4492 111 4552 Καὶ
124 4503 199 4552 πᾶσα
210 4492 303 4572 πρᾶξις
314 4538 321 4565 ,
341 4496 377 4560 ὡς
391 4491 461 4552 ίστιν
474 4494 569 4560 eineis,
582 4490 675 4562 ἡδυτέ-
728 4508 763 4546 ex
775 4486 922 4545 mutatione
932 4482 1055 4543 letitiam
1069 4505 1171 4563 parere.
1186 4487 1365 4546 Frumentum
1376 4489 1477 4572 quippo

61 4597 79 4642 p
94 4571 229 4653 ἐργασίαν,
241 4573 304 4632 όταν
316 4573 406 4652 όρελος
419 4570 487 4650 μετὰ
502 4578 557 4637 τοῖς
582 4575 676 4629 ποθοῦ-
729 4565 809 4625 dulce
829 4578 884 4641 est,
904 4563 950 4625 sed
974 4585 1037 4622 eum
1059 4562 1151 4622 labore
1174 4564 1304 4646 injectum
1322 4567 1476 4644 interram,

61 4652 246 4731 ἰπεργάζηται.
273 4651 353 4711 Οὕτω
368 4657 430 4731 γοῦν
442 4655 544 4731 δρῶμεν
559 4650 604 4709 καλ
626 4649 676 4719 τὴν
731 4644 943 4726 multiplicatum
960 4642 1097 4702 dulciusa
1153 4657 1209 4721 ret,
1224 4645 1272 4705 ubi
1293 4667 1355 4708 cum
1378 4650 1478 4729 gaudio

61 4732 185 4808 εδομένην
196 4736 259 4809 ἡμῖν
270 4731 425 4804 ἀπόλαυσιν,
439 4736 472 4811 τῇ
486 4727 676 4809 μεταόολῇτὴν
732 4725 842 4785 uberius
854 4723 891 4784 ad
905 4723 1064 4814 alimentum
1084 4665 1119 4781 all
1142 4723 1241 4784 ibetur.
1264 4727 1358 4786 Unum
1378 4729 1479 4811 quippe

74 4815 140 4887 ἡμῖν
162 4835 202 4870 ιια
220 4810 357 4892 εγομένην.
375 4812 453 4876 Σῖτος
469 4809 516 4888 μὲν
531 4809 582 4889 γάρ
605 4812 677 4868 ἕσσιν
714 4859 717 4862 ⁴
732 4825 847 4885 granum
861 4818 910 4880 est,
924 4801 997 4881 quod
1010 4823 1038 4861 ιιι
1052 4817 1186 4862 incertum
1193 4805 1304 4885 jacitur.
1320 4807 1366 4866 Sie
1376 4821 1401 4866 et
1415 4809 1480 4882 vitis

67 4913 74 4927 ·
89 4893 127 4956 εἰς
142 4890 169 4948 δὲ
186 4835 234 4960 alp
248 4896 298 4968 γῆν
314 4889 382 4968 perir
406 4889 489 4950 κόπου
512 4887 677 4948 καταόαλλό-
732 4883 886 4945 suaviorem
905 4883 984 4943 nobis
1004 4881 1107 4974 praebet
1127 4885 1316 4945 recreationem
1329 4907 1364 4945 ex
1376 4888 1480 4947 sntctus

61 4968 346 5048 τολυπλασιαζόμενυς,
359 4968 482 5051 ἠδότερσς
495 4968 678 5027 ἀναδείκνυται
733 4963 891 5041 mutatione,
906 4961 973 5022 dum
993 4983 1028 5021 ex
1045 4961 1118 5042 lagno
1135 4977 1230 5043 potum
1252 4965 1329 5023 affert
1340 4966 1481 5045 :palmites

62 5056 173 5129 ςχαρδίς
188 5051 226 5116 εἰς
239 5051 339 5121 πλῆθος
356 5055 454 5130 τρορῆς
468 5046 677 5127 λαμόανόγιενος.
733 5044 779 5124 (γυί
801 5064 834 5124 pe
850 5056 876 5102 et
898 5042 963 5101 lolia
985 5041 1114 5103 acerrima
1130 5042 1159 5102 vi
1178 5057 1240 5104 sunt
1261 5042 1386 5124 predita,
1400 5045 1436 5105 ita
1452 5061 1481 5104 ut

61 5150 74 5208 ρ
91 5130 148 5187 ἐστι
159 5133 198 5210 τῷ
209 5128 299 5210 σπόρῳ
310 5128 404 5195 κόκκος
417 5133 455 5195 εἰς
466 5127 577 5200 α’δηλίαν
589 5126 679 5209 ριττό-
733 5145 766 5184 ne
776 5066 916 5203 degustari
934 5120 1046 5203 quidem
1063 5121 1184 5203 possint,
1201 5144 1255 5183 uva
1268 5136 1359 5183 autem
1373 5145 1432 5204 quae
1446 5147 1480 5184 ex

61 5232 84 5265 ω
102 5206 148 5266 καί
168 5208 243 5287 φάσις
268 5207 388 5287 ἄμπελον
404 5207 534 5288 ηδυτίραν
546 5211 611 5286 ἡμῖν
625 5229 679 5264 πο·
734 5202 828 5264 eodem
843 5202 918 5283 ligno
932 5222 995 5263 eum
1007 5200 1167 5283 palmitibus
1181 5217 1207 5262 et
1219 5201 1292 5262 foliis
1303 5201 1405 5282 prodit,
1420 5219 1481 5264 tan-

70 5322 227 5362 tomrm.
1326 5289 1363 5355 57

813 1063 883 1109 etam
897 1050 994 1110 lsaiam
1009 1074 1016 1108 ι
1029 1053 1169 1113 Judt'eate
1179 1055 1303 1133 pupillo,
1320 1057 1356 1113 de
1372 1077 1388 1113 e
1436 1059 1470 1115 'te
1480 1063 1538 1108 1⁸⁶1·
1551 1070 1568 1105 ¹·
1584 1075 1619 1120 tt
