3750 5940
62 412 201 461 sutsno.
786 392 856 488 755

114 535 170 613 tiae,
185 535 326 598 radiorum·
338 537 469 598 scintillas
482 537 542 596 auri
559 537 588 597 iu
601 537 713 599 modum
725 539 858 621 fulgentes

61 615 64 623 '
115 614 188 674 nube
198 616 318 708 corporis
327 617 455 677 obvelans
466 641 473 674 ε
486 637 529 692 nc,
543 616 565 675 si
579 639 640 677 eum
651 619 765 679 intuitus
776 620 858 679 luerit

114 694 206 773 homo,
226 719 316 756 vuum
333 697 449 756 amittat¹
465 697 620 776 Ingreditur
631 697 743 758 domum
760 699 858 763 Phari-
867 720 955 767 tracta,
970 720 1008 769 ιε,

115 776 160 834 saei
173 779 267 836 Pastor
287 777 416 849 caelestis3
435 777 577 856 nonaginta
598 779 696 838 nouem
716 777 814 839 ovibus
829 781 856 839 in
870 795 906 827 ¹²·

116 856 253 915 montibus
267 857 412 934 derelictis,
429 856 581 946 ingreditur
594 857 710 933 adeam,
722 879 783 937 quae
794 879 859 940 per-

117 934 201 993 ierat:
217 936 246 995 in
267 936 338 997 ovile
361 958 440 995 suum
462 934 632 1015 ingreditur,
654 937 788 1018 pastorem
806 957 859 999 suo

116 1016 234 1094 corpmis
247 1037 317 1097 agno
338 1015 510 1075 abscondens.
523 1016 584 1074 Non
608 1016 735 1075 baculum
756 1030 858 1097 gestat,

116 1113 170 1151 nou
186 1096 230 1152 vir
249 1117 293 1154 am
310 1096 345 1155 ob
366 1117 483 1154 errorem
498 1093 617 1176 priorem
638 1096 808 1155 minantem:
825 1119 859 1157 ne

60 1205 67 1218 ·
114 1116 301 1252 pertenelacta
321 1189 347 1234 et
360 1195 538 1256 expavescens
556 1174 615 1235 ovis
630 1196 724 1234 rursus
742 1176 778 1234 ab
791 1177 858 1238 ovili

61 1277 63 1296 ·
115 1273 165 1310 suo
177 1253 278 1313 resiliat
294 1278 301 1312 ε
315 1276 410 1314 verum
422 1253 574 1332 ingreditur
585 1252 697 1313 domum
710 1254 858 1333 Pharisaei,

61 1360 62 1372 t
81 1339 100 1387 Ι)
116 1352 168 1390 non
186 1346 217 1390 ut
234 1336 324 1412 Deus,
340 1355 392 1393 non
411 1348 442 1391 ut
453 1335 531 1407 Rex,
546 1353 600 1393 non
613 1347 643 1392 ut
656 1335 703 1394 Sol
724 1335 857 1414 ustitia,

114 1410 161 1469 scd
176 1426 206 1470 ut
223 1412 303 1472 homo
326 1413 362 1473 ad
382 1413 518 1472 hominem
527 1457 536 1488 ,
553 1426 584 1470 ut
596 1433 682 1493 agnus
694 1355 730 1472 ad
743 1434 854 1495 agnum.

114 1491 204 1549 Simul
217 1512 278 1551 cum
289 1492 338 1551 illo
349 1492 476 1569 vescitur,
484 1492 566 1551 simul
580 1491 709 1574 pascitur,
720 1493 802 1554 simul
815 1516 858 1555 sc·

113 1568 176 1641 det,
192 1571 342 1649 ingreditur
352 1571 450 1646 simul,
460 1572 593 1632 recumbit
607 1593 668 1631 curn
678 1593 726 1644 eo,
744 1574 791 1653 qui
801 1577 860 1656 jam
940 1586 943 1591 '

114 1649 246 1708 ceciderat
262 1652 288 1710 in
303 1665 461 1732 peccatum:
475 1664 517 1725 ut,
530 1651 598 1709 dnm
612 1672 673 1710 cum
689 1651 737 1711 illo
754 1674 859 1713 recum·
896 1650 898 1654 ’

113 1729 165 1805 bit,
179 1751 241 1788 enm
253 1730 299 1809 qui
307 1731 365 1810 jam
376 1730 517 1805 ceciderat,
532 1730 614 1789 simul
629 1731 724 1812 erigat.
741 1731 777 1792 Et
796 1753 859 1794 cum

114 1808 246 1888 ingressus
260 1824 338 1884 esset,
351 1831 403 1870 non
418 1824 456 1870 est
468 1810 620 1892 baptizatus
633 1810 781 1871 seeundum
791 1833 857 1872 con-

114 1888 281 1948 suetudinem
303 1889 512 1949 Pharisaeorum.
534 1891 592 1948 lloc
616 1904 706 1949 autem
732 1889 800 1951 duas
823 1893 859 1952 ub

113 1989 205 2027 cansas
218 1969 351 2028 iaciebat:
366 1983 395 2028 ut
409 1970 454 2028 ovi
469 1983 603 2050 pastorem
616 1969 770 2049 alloquendi
783 1992 859 2030 occa·

112 2048 212 2107 sionem
227 2050 368 2129 praeberct,
382 2049 498 2128 itemque
510 2060 541 2107 ut
553 2048 696 2110 Juda‘icam
707 2048 858 2110 doctrinam

112 2142 256 2200 everteret,
275 2150 307 2187 ac
320 2128 488 2209 spiritualem
506 2127 646 2187 stabiliret.
667 2128 748 2191 Vidit
769 2129 858 2207 enim,

112 2206 211 2285 inquit,
228 2207 389 2283 Pharisaeus,
399 2221 425 2266 et
434 2207 548 2266 miratus
561 2221 610 2284 est,
621 2229 706 2286 quare
717 2205 795 2289 prius
809 2209 859 2269 ba-

112 2288 226 2376 ptimtus
245 2309 298 2346 non
316 2301 401 2361 essct;
417 2309 469 2346 non
482 2286 596 2345 laudans
617 2286 781 2366 Magistrum
790 2333 799 2362 ,
810 2288 859 2349 sed

112 2366 184 2425 illud
203 2367 211 2423 i
232 2388 328 2426 notans
344 2367 417 2445 quod
433 2366 534 2425 factum
555 2379 612 2424 erat
627 2388 635 2422 τ
653 2387 705 2426 non
724 2366 858 2444 laudans,

79 2455 97 2499 Ε
113 2446 159 2504 scd
171 2388 307 2526 judicans.
320 2450 359 2504 Ac
368 2445 463 2505 videre
476 2459 543 2515 crat,
556 2444 735 2521 dilectissimi,
749 2448 859 2507 Creato-

111 2546 168 2585 rem
181 2525 360 2584 animantinm
375 2539 519 2584 acneatura
533 2524 692 2595 'indicatum
702 2539 729 2584 et
741 2525 859 2606 figulum

111 2605 195 2664 aluto
209 2620 366 2664 correctum.
382 2605 440 2663 lloc
459 2546 597 2663 accidebat
617 2604 763 2681 Pharisaeo,
785 2605 859 2684 quod

111 2685 196 2744 oculis
210 2685 300 2743 cordis
309 2683 422 2743 occultis
438 2705 490 2744 non
508 2685 657 2742 intueretur
668 2706 739 2759 erim,
754 2685 803 2763 qtri
819 2685 858 2744 in·

111 2765 193 2822 terius
201 2765 384 2842 angelicorum
394 2762 521 2821 ordinum
532 2763 656 2844 princeps
664 2777 730 2821 crat.
741 2764 770 2823 Si
785 2763 857 2824 enim

110 2864 172 2902 eum
184 2844 375 2923 conspexisset,
391 2841 431 2900 illi
445 2841 481 2900 ad
498 2863 582 2921 genua
595 2842 756 2921 provolutus
769 2857 856 2919 essct,

110 2924 220 3000 ejusque
239 2922 320 3002 pedes
341 2921 470 3002 lacrymis
491 2921 649 3000 proluisset,
673 2942 705 2980 ac
724 2921 855 2982 dixissetr

111 3005 259 3081 Propitius
268 3015 328 3060 esto
337 3003 409 3058 uuili
417 3004 572 3080 peccatori.
583 2999 629 3060 sic
641 3001 780 3059 enimcum
791 3002 855 3061 alla·
866 3015 913 3059 tue
928 3011 962 3058 ι8.
970 3015 1006 3059 13.

110 3095 153 3139 tus
169 3083 300 3140 esset:Tu
311 3080 411 3156 omnia,
426 3093 560 3138 comante
573 3093 856 3155 nonessent,utessent
864 3075 1005 3183 &gl-3²⁶·

109 3160 219 3218 effecisti
228 3184 234 3217 :
244 3174 290 3219 tuo
305 3160 389 3218 verbo
401 3158 566 3218 caelifirmati
577 3172 650 3235 sunt,
661 3173 688 3218 et
700 3158 796 3241 spiritu
807 3174 855 3221 tuo
914 3171 919 3182 '

109 3240 222 3299 virtutes
245 3262 338 3298 eorum
355 3239 540 3298 constiterunt.
557 3240 602 3298 Tu
623 3259 768 3319 congregas
783 3239 854 3301 sicut

109 3319 136 3376 in
146 3333 231 3377 ntrern
242 3341 324 3398 aquas
335 3320 427 3393 maris,
436 3339 537 3398 ponens
546 3317 573 3376 in
584 3317 717 3377 thesauris
727 3319 853 3400 abyssos:

66 3432 101 3469 m
110 3420 199 3456 eoram
212 3413 238 3456 te
247 3412 319 3457 tutus
331 3399 403 3457 orbis
416 3411 549 3456 terrarum
558 3397 722 3478 pertimescit
730 3419 761 3458 ac
772 3399 853 3478 fugit.

74 3490 93 3534 Α
111 3481 215 3538 Verum
230 3500 292 3542 eum
308 3477 378 3536 nihil
392 3477 490 3535 borum
503 3490 550 3535 aut
570 3477 728 3556 cogitasset,
744 3492 790 3537 arrt
810 3478 854 3536 di·

109 3558 202 3632 xisset,
216 3557 363 3616 Dominum
375 3556 526 3638 judicabat.
544 3556 588 3615 llli
603 3578 667 3616 vero
681 3578 743 3616 cum
759 3557 854 3618 Dumi-

109 3659 158 3695 nns
170 3637 335 3696 occasionem
356 3636 513 3709 ›raebrrisset,
528 3635 598 3694 sient
620 3637 804 3709 Samaritanae,
820 3660 854 3697 ex
864 3653 932 3696 roan.
944 3649 969 3711 4.
980 3666 1009 3713 9,

108 3738 138 3775 eo
149 3717 222 3795 quod
231 3738 328 3795 aquam
339 3660 373 3774 ab
385 3715 430 3774 illa
441 3716 598 3796 postulavit,
608 3717 738 3774 caelestem
749 3717 784 3774 ab
795 3718 853 3798 ipso

109 3819 206 3874 aquam
222 3795 329 3876 petendi
341 3817 431 3854 ansam
447 3794 531 3853 dedit.
544 3794 643 3873 Incipit
657 3795 747 3873 itaque
758 3797 853 3855 Domi-

108 3898 158 3933 nus
170 3898 249 3933 ocem
263 3875 361 3933 sensim
382 3888 551 3947 convertere,
568 3887 648 3948 atque
658 3874 693 3931 ab
714 3893 803 3934 errore
815 3877 851 3936 ad

107 3956 246 4013 veritatem
262 3955 347 4035 ipsam
362 3975 441 4011 mann
462 3952 569 4010 ducere.
584 3953 673 4010 turae
689 3953 761 4011 cnim
776 3975 831 4013 uos
840 4002 849 4028 ,
864 3970 1002 4033 tucrisp.

106 4037 253 4092 Plrarisoei
262 4079 271 4105 ,
290 4035 369 4114 quod
381 4034 492 4112 deforis
504 4044 544 4090 est
566 4031 668 4089 calicis
688 4045 716 4090 et
737 4036 831 4091 catini
839 4081 849 4108 ,

106 4114 277 4180 mirozlaum
314 4113 373 4170 ruod
385 4124 483 4170 aretem
499 4115 578 4168 intus
592 4123 652 4181 est,
669 4111 788 4190 plenum
807 4128 851 4173 est

105 4196 213 4271 rupino
224 4206 249 4250 et
259 4135 340 4251 dolo:
356 4191 407 4249 hoc
417 4203 465 4261 est,
480 4192 538 4251 Vos
547 4187 658 4267 quidem
671 4210 743 4249 nunc
753 4211 852 4273 corpus

106 4270 259 4342 enuntiatis,
280 4270 383 4329 animas
395 4283 485 4329 autem
503 4267 668 4328 deformatis.
687 4269 748 4341 Quo
761 4285 853 4332 autem

106 4366 184 4431 pacto
197 4365 224 4409 tc
238 4349 391 4424 delectabit,
410 4349 457 4407 etsi
479 4369 590 4406 arricum
610 4347 690 4406 fuerit
704 4351 849 4430 poculum,

105 4454 167 4489 cum
187 4431 318 4489 letiferam
340 4429 367 4487 in
387 4451 415 4488 se
433 4428 566 4488 contineat
584 4427 741 4508 potionem!
757 4430 853 4491 Nonne

106 4512 170 4568 tales
184 4524 246 4568 sunt
263 4509 425 4583 meretrices,
441 4530 501 4587 quae
517 4507 598 4566 facies
613 4529 674 4566 suas
688 4508 793 4569 lluridis
807 4532 852 4571 oo-

105 4588 449 4670 loribnspingnnt,animas
458 4592 522 4646 vero
529 4586 760 4668 pcrdrrntlannon
771 4590 852 4665 enim,

70 4685 86 4729 tt
104 4670 170 4727 dun]
179 4669 338 4750 purpurisso
348 4669 440 4727 vultus
449 4689 512 4726 suos
520 4666 698 4742 rubefaciunt,
708 4667 852 4747 imaginem

106 4749 251 4807 errarudarn
267 4749 335 4826 ejus,
350 4769 410 4826 quae
429 4760 573 4827 exceptura
596 4760 635 4805 est
650 4747 721 4826 illas,
737 4749 853 4808 flammae

105 4773 199 4906 digitis
213 4829 268 4886 suis
282 4828 468 4885 fabricantur?
484 4847 544 4885 cum
564 4848 607 4884 eas
621 4826 712 4906 potius
721 4841 854 4908 oporteret

107 4909 187 4967 corda
201 4931 247 4966 sna
263 4909 325 4966 lesu
341 4906 470 4986 sanguine
483 4927 633 4987 aspergere,
645 4906 687 4965 vel
707 4928 782 4966 roseo
799 4930 852 4988 po-

109 4989 162 5046 tins
175 4988 262 5045 colore
272 4986 385 5066 tingere,
400 5005 431 5044 ac
442 4985 539 5066 spiritu
552 5006 598 5043 sna
616 4984 696 5044 corda
710 4984 853 5046 dealbare:

109 5082 138 5125 ut
153 5067 248 5126 llorida
268 5065 368 5155 species
381 5065 477 5123 animm
496 5065 630 5143 refulgens
646 5077 783 5143 tamqnam
794 5087 854 5124 rusa

108 5148 242 5227 permixta
254 5146 319 5203 lilris
330 5158 479 5226 appareret.
496 5147 557 5206 Jam
571 5165 634 5202 vero
646 5144 726 5202 facies
737 5166 801 5204 suas
811 5145 854 5205 iu·

108 5228 257 5305 demutant,
276 5239 305 5284 ut
313 5226 445 5306 juvenum
457 5223 561 5284 animos
573 5223 606 5282 ad
620 5222 750 5282 insaniam
763 5245 856 5285 areen-
