3750 5940
13 386 37 457 6
138 449 140 452 ,
557 439 560 443 -
606 473 607 476 Ἴ
677 410 761 481 ,ειυιι

1 532 153 616 pediebant,
168 534 215 614 qui
228 534 319 615 ipsum
347 533 527 613 flagellabant,
550 531 599 611 qui
626 531 708 614 pelle-

0 612 166 710 ut-Atteude
178 639 184 672 ι
198 628 253 675 tota
265 613 414 674 difficultas
427 610 516 701 soluta
529 626 577 672 eet.

723 707 743 754 Ε
760 720 761 726 ι

263 1328 274 1343 ν’

6 1336 35 1396 l.
65 1332 195 1394 Animum
219 1329 363 1469 diligenter
393 1330 542 1409 adhibete,
569 1346 600 1393 ut
620 1332 711 1393 sciatis

8 1445 21 1466 ιι
41 1413 88 1493 qui
101 1412 260 1494 loquebatur
283 1411 416 1488 aborasoe,
427 1426 454 1471 et
466 1412 582 1472 Paulum
593 1413 712 1472 bumana
760 1412 761 1464 Ϊ

21 1515 77 1554 «um
87 1514 157 1554 esse:
167 1495 311 1570 Postquam
322 1491 394 1550 euim
409 1491 533 1552 Christus
548 1492 711 1566 ascenderat,

18 1572 228 1634 medicationem
247 1570 463 1650 legationemque
475 1573 632 1654 preclaram
646 1572 712 1653 ipsis
723 1607 748 1645 ω

0 1651 123 1714 ·‘derat
140 1655 211 1713 Nam
233 1650 358 1710 Christus
379 1651 484 1730 legatus
502 1673 519 1711 a
541 1653 620 1712 Patre
638 1653 748 1714 ueniti

16 1753 83 1809 nos,
98 1732 198 1792 missus
210 1744 241 1789 ut
254 1751 349 1811 pacem
361 1732 439 1791 nobis
455 1733 635 1792 annuntiaret.
651 1732 712 1791 Bel·

4 1842 17 1865 ιι
37 1813 110 1872 enim
125 1827 182 1872 erat
193 1810 262 1870 inter
275 1809 397 1870 homines
420 1825 446 1870 et
459 1813 568 1889 Deum3
587 1811 713 1891 misitque

0 1906 97 1970 atum,
115 1912 169 1951 non
184 1911 304 1963 servum,
315 1888 482 1950 sedFilium.
498 1892 522 1949 0
538 1913 631 1951 curam
645 1913 712 1972 pro-

3 1972 170 2050 ·eutiamque
192 1968 296 2050 legati!
313 1990 330 2029 o
350 1970 543 2052 benignitatem
560 1971 709 2033 mittentis!

18 2080 31 2103 ιι
49 2051 129 2111 audis
144 2050 292 2111 mittentem
307 2060 333 2107 et
350 2050 478 2127 missum,
492 2072 525 2111 ne
539 2050 713 2111 mutationem

3 2160 14 2182 ι
43 2144 138 2213 putea,
152 2129 200 2190 sed
219 2129 410 2195 incarnationis
426 2130 602 2190 oeconomiam
617 2130 712 2209 cogita.

7 2210 84 2271 iamsi
93 2211 166 2270 enim
178 2208 320 2269 nobiscum
332 2223 411 2285 esset,
424 2210 504 2269 etiam
519 2210 593 2291 apud
608 2212 715 2269 Patrem

0 2305 33 2350 -ι
47 2290 82 2350 Ει
100 2289 200 2349 Paulus
214 2288 271 2347 aitz
285 2290 346 2348 Pro
359 2290 477 2348 Christo
488 2291 635 2370 legatione
636 2293 715 2371 fun·

0 2399 2 2414 ι
30 2391 76 2448 ur,
89 2381 241 2450 tarnqucm
256 2368 321 2425 Deo
334 2369 508 2428 exhortante
518 2391 572 2448 per
584 2390 655 2428 nos:
671 2391 715 2428 re-

5 2450 169 2509 ncib'amini
178 2449 252 2507 Deo.
267 2446 321 2505 Pro
344 2447 452 2505 Christo
471 2449 602 2527 legatione
621 2449 715 2527 funge-

0 2529 27 2578 ,tt
41 2529 111 2590 Sanc
121 2526 243 2607 quidem.
261 2524 297 2584 Et
309 2525 378 2584 ubil
411 2539 472 2586 atus
483 2528 540 2586 est?
554 2527 638 2586 Abiit.
653 2529 715 2600 Quo

1 2607 57 2669 iit?
81 2606 125 2667 ad
139 2610 254 2668 Patrem.
266 2602 378 2677 Quare?
417 2627 445 2665 es
465 2606 609 2687 stupendas
624 2607 715 2666 obser

1 2715 12 2747 ι.
28 2689 61 2749 ln
80 2686 207 2747 humenis
227 2684 342 2764 negotiis
355 2706 417 2744 cum
432 2705 497 2764 gens
511 2687 582 2766 genti
603 2686 715 2765 legatio-

10 2796 23 2818 ιι
45 2766 142 2844 mittit,
155 2767 260 2847 legatus
281 2784 316 2824 ex
328 2762 471 2843 legationis
483 2766 543 2846 lege
551 2811 561 2843 ,
575 2766 716 2826 securitate

15 2846 85 2923 'tur3
99 2845 204 2925 siquid
222 2844 328 2924 legatus
346 2844 484 2926 patiatur,
502 2866 631 2926 magnum
646 2846 716 2906 inter

0 2940 59 2988 ates
82 2926 144 2986 illas
163 2924 267 2985 bellum
291 2939 422 2984 movetur.
436 2925 534 2985 Contra
557 2947 619 2985 vero
642 2926 716 3006 apud

2 3036 6 3057 ·-
37 3037 66 3065 ιι.
80 3005 164 3067 Venit
176 3027 192 3065 a
206 3005 286 3063 Patre
305 3004 341 3064 ad
361 3004 482 3065 homines
496 3007 612 3084 Legatos
624 3028 631 3061 ε
645 3006 715 3065 occi·
732 3013 749 3060 B

29 3100 88 3160 eet,
102 3099 219 3164 tuncque
239 3096 338 3143 statuta
347 3106 406 3175 pax
419 3084 480 3143 luit.
501 3088 606 3148 Verum
621 3086 715 3165 Legati

1 3186 39 3226 tna
62 3167 152 3225 lerunt
166 3178 192 3224 et
207 3163 277 3224 dona
300 3164 441 3244 recipiunt.
455 3163 531 3238 Quid
545 3165 628 3243 ergo?
641 3165 715 3244 quod

5 3267 70 3305 num
87 3245 178 3304 attulit
192 3244 277 3318 mibi,
292 3257 317 3301 ct
331 3243 404 3323 quod
417 3244 519 3303 donum
534 3244 715 3325 stupendum?

16 3325 164 3417 stupendus
178 3337 217 3382 cst
230 3326 356 3402 Legatos,
371 3324 408 3382 ita
427 3338 470 3383 stu
491 3323 590 3383 endum
603 3324 714 3383 donum.

6 3426 134 3483 nguinem
145 3424 225 3463 suum
241 3402 314 3463 venit
324 3402 426 3461 donum
437 3347 560 3481 attinens,
575 3419 601 3463 et
618 3426 715 3465 corius

2 3506 49 3543 um
70 3483 182 3565 perinde
200 3483 274 3541 venit
298 3481 412 3541 asserens
437 3483 547 3542 donum.
566 3427 678 3562 Ecquod
699 3507 715 3544 a

4 3591 7 3598 ι
34 3565 137 3622 donum
160 3584 222 3621 acce
242 3561 281 3620 rt?
304 3562 408 3620 Fidem.
438 3563 538 3641 Ecquis
562 3564 630 3621 mihi
651 3564 715 3623 fidei

1 3643 84 3702 atiam
103 3641 201 3702 dedit?
216 3585 324 3700 ilredidi
343 3662 410 3719 ego,
426 3641 472 3699 ille
492 3641 606 3719 gratiam
627 3642 712 3719 dedit,

9 3722 111 3782 micitia
134 3722 221 3781 soluta
242 3733 290 3780 est.
303 3719 402 3780 Viden'
424 3742 515 3779 rerum
535 3723 715 3782 facilitatem?

3 3803 59 3861 ·en'
76 3801 269 3862 conciliationis
284 3800 468 3860 celeritatem?
479 3803 595 3879 Legatus
609 3804 715 3862 eumad

1 3896 74 3942 ntem
86 3881 199 3955 venerit,
212 3902 264 3940 uon
275 3879 403 3959 dignatur
413 3882 545 3940 forensem
556 3882 599 3941 vol
614 3905 666 3962 pau
677 3905 714 3941 ie

13 3992 18 4018 t
38 3962 159 4041 alloqui3
176 3959 223 4021 sed
237 3961 327 4019 statim
340 3959 375 4019 ad
386 3982 475 4039 regem
487 3960 648 4040 ingreditur.
664 3906 715 4021 llic

0 4056 85 4115 atus
110 4041 182 4101 venit
193 4087 203 4118 ,
223 4053 249 4099 et
271 4041 362 4099 statim
382 4040 546 4100 meretricem
559 4042 714 4118 alloquutus

9 4167 18 4197 ,
33 4122 183 4194 latronem,
203 4142 331 4199 magum,
346 4120 532 4199 publicanum.
551 4118 649 4181 Viden'
664 4124 713 4179 Lc-

1 4202 23 4260 ti
38 4201 253 4260 humanitatem?
264 4201 325 4259 Nou
335 4200 370 4258 ad
386 4221 469 4258 unum
480 4212 526 4258 aut
537 4200 652 4258 altorum
666 4223 712 4259 ve·

19 4280 90 4353 ,sed
108 4280 144 4339 ad
162 4300 331 4340 communem
354 4293 494 4354 naturam;
510 4281 634 4369 venitque
654 4288 748 4339 meos.

2 4375 79 4418 ·utus
100 4361 272 4435 vestimento;
295 4380 328 4418 ne
348 4359 451 4417 sicum
476 4358 547 4417 nuda
571 4358 713 4418 divinitate

1 4440 94 4516 nisset,
111 4440 230 4520 praedam
242 4439 369 4516 abigeret.
377 4438 430 4496 Sed
441 4439 515 4497 veuit
528 4437 565 4496 ad
577 4439 713 4498 bominem

12 4519 101 4577 homo.
117 4520 172 4578 Ubi
194 4540 257 4597 ergo
271 4519 344 4578 vonit
355 4564 363 4591 ,
376 4518 509 4598 primitias
523 4532 626 4577 nostras
647 4542 712 4579 evc-

13 4612 64 4672 ‚et
85 4599 186 4657 vocatis
207 4598 350 4678 apostolis,
371 4598 530 4676 legationem
545 4598 611 4678 ipsis
625 4598 713 4658 tradi-

21 4678 212 4755 :Legationom
228 4678 348 4757 accipite.
364 4677 515 4750 Quomodo,
531 4699 632 4755 quaeso,
653 4700 714 4758 pos·

10 4785 23 4810 ιι
32 4758 86 4816 us?
98 4757 233 4836 Accipite
242 4759 380 4835 Spiritum
393 4771 538 4816 sanctum.
554 4758 599 4815 Tu
611 4759 715 4816 occisus

9 4882 17 4913 ,
41 4837 117 4895 nobis
138 4858 203 4896 vero
227 4836 292 4914 quid
317 4836 473 4916 patiendum
493 4838 557 4895 est?
579 4837 716 4917 Accipite

0 4922 108 4977 iritum
119 4930 263 4987 sanctum,
274 4929 308 4991 et,
317 4919 382 4995 Ego
393 4919 545 4975 vobiscum
567 4938 631 4975 suin
644 4942 652 4972 :
669 4939 715 4976 vo

30 5020 95 5074 um,
110 4997 174 5076 quia
189 4995 321 5074 legatione
335 4996 451 5074 lung0r5
467 5018 551 5074 nequc
572 4998 643 5056 cuim
667 5019 715 5058 vos

5 5201 15 5226 ¹
33 5186 193 5252 [ιγκόπτοιιτας
205 5180 313 5249 conjecit
327 5180 417 5247 Sutil]
