3750 5940
47 453 100 502 ux.
130 453 186 501 nu.
213 425 260 501 ai.
289 448 334 500 nt.
755 425 824 498 353

82 597 137 635 csse
151 590 292 656 capturum
312 583 395 651 (narn
411 576 433 635 si
442 575 607 656 judicarem,
617 575 689 655 juste
701 594 749 634 vos
762 595 826 632 con·

82 667 247 742 demuarem)
263 692 269 725 ι
284 682 311 727 at
324 690 395 727 nuno
415 681 520 748 tempus
531 667 630 748 judieii
647 678 757 726 nonest.
772 666 827 724 Fu·

84 774 175 819 turum
189 781 296 839 quoque
314 760 450 841 judicium
476 758 641 835 subindicat,
663 779 725 817 eum
745 756 824 835 dicit,

88 853 164 930 Quia
172 854 251 913 solus
259 874 317 911 non
329 855 459 928 sum,sed
469 864 554 934 egoet
562 856 613 933 qui
624 853 703 910 misit
714 872 759 909 me
767 852 827 908 Pa-

86 958 138 1004 ter.
148 945 200 1004 ttic
207 968 288 1026 porro
298 946 397 1023 innuit,
410 943 501 1005 non'se
511 945 600 1003 solum
608 944 680 1025 ipsos
687 941 827 1018 damnare,

86 1037 228 1097 sedetiam
250 1040 368 1097 Patrem.
394 1037 499 1097 Deinde
517 1038 569 1095 hoc
584 1035 635 1094 sub
650 1034 747 1093 umbra
763 1055 829 1112 qua·

87 1129 150 1188 dnm
160 1130 243 1208 dixit,
260 1131 287 1189 in
308 1131 346 1189 rei
369 1129 553 1189 testimonium
565 1127 695 1187 inducens
708 1149 714 1182 :
727 1127 776 1184 tt.
793 1128 832 1184 Iu

89 1223 151 1302 Iege
163 1237 261 1284 autem
273 1238 374 1284 vestra
386 1229 523 1305 scriptum
536 1237 589 1295 est,
603 1224 727 1281 duorum
741 1220 832 1278 homi·

90 1337 159 1373 uum
172 1320 367 1375 testimonium
379 1339 482 1377 oerum
497 1339 569 1378 esse.

52 1416 70 1463 c
129 1410 156 1466 5.
173 1409 249 1483 Quid
264 1410 309 1468 hic
319 1409 438 1469 dixerint
451 1410 595 1469 heretici?
610 1407 684 1480 Quid
698 1407 761 1487 plus
782 1405 831 1465 ha-
865 1417 986 1491 lterettfo·

89 1501 160 1575 beat,
176 1523 258 1579 quam
274 1502 406 1579 homines,
434 1503 456 1562 si
470 1503 522 1562 hoc
546 1502 649 1561 dictum
673 1499 892 1596 simpliciterffi'g¹
921 1485 986 1540 ⁰¹³¹*

89 1593 275 1674 accipiamus?
288 1595 369 1675 Apud
389 1595 510 1654 hominos
525 1594 598 1654 enim
611 1594 671 1653 ideo
684 1592 737 1652 hoc
750 1606 832 1652 statu·
891 1580 897 1592 ¹

91 1699 149 1743 tum
161 1685 223 1763 suit,
239 1687 303 1764 quia
319 1708 396 1746 nemo
411 1687 483 1746 solus
496 1701 535 1746 est
546 1685 600 1744 fide
620 1685 719 1765 dignus
735 1708 741 1741 :
761 1683 835 1765 apud

92 1780 179 1836 Deum
196 1793 285 1837 autem
307 1779 443 1857 quomodo
458 1780 508 1838 hoo
528 1793 598 1838 stare
622 1777 764 1859 potuerit?
779 1779 837 1836 Cur

92 1869 197 1928 dictum
219 1885 268 1946 est,
285 1873 367 1930 Duo?
381 1893 447 1930 num
463 1871 527 1949 quia
547 1871 602 1930 duo
616 1884 690 1947 sunt,
713 1871 757 1929 vel
773 1870 836 1947 quia

94 1963 215 2021 homiues
229 1978 300 2037 sunt,
312 1963 519 2023 idcosuntduo?
530 1964 559 2023 Si
571 1964 636 2042 quia
647 1964 703 2022 duo
712 1972 838 2041 sunt,cur

95 2078 146 2116 rum
152 2055 272 2135 confugit
285 2056 320 2115 ad
335 2059 475 2135 Joannem,
487 2078 535 2117 nec
543 2056 627 2133 dixit,
641 2056 839 2116 Testimonium

95 2170 143 2228 rgo
159 2147 288 2228 perhibeo
300 2147 335 2207 dc
348 2149 461 2230 meipso,
477 2149 601 2231 perhibet
615 2169 721 2227 quoque
742 2148 777 2207 de
798 2170 841 2208 me

96 2239 229 2301 Joannes?
250 2261 299 2298 our
312 2262 364 2300 non
379 2242 575 2323 tad-angelum?
589 2262 638 2300 cur
652 2262 704 2300 non
727 2239 763 2299 ad
778 2261 841 2322 pro-

97 2332 210 2411 phetas?
225 2353 287 2390 nam
309 2347 432 2392 sexcenta
445 2333 496 2392 alia
512 2334 632 2415 proferre
652 2345 756 2413 poterat
769 2331 842 2390 testi·

61 2429 80 2474 l·
100 2423 197 2482 monia.
224 2425 277 2483 Sed
300 2447 352 2483 non
374 2426 426 2484 hoc
455 2439 561 2485 tantum
590 2425 650 2487 vult
677 2425 840 2506 significare,

100 2520 173 2597 quod
193 2521 249 2579 duo
270 2521 340 2595 sint;
356 2520 403 2581 sed
428 2522 508 2582 ctiam
527 2523 602 2602 quod
628 2545 662 2583 cx
683 2522 777 2582 eadem
790 2523 844 2581 sint

99 2609 257 2668 substantia.
268 2612 315 2668 to.
333 2614 445 2670 Dicunt
457 2616 484 2671 ei
497 2636 505 2667 :
522 2613 594 2690 Quis
604 2625 647 2671 est
658 2615 750 2671 Pater
764 2618 845 2671 tuus?

47 2733 49 2741 ν
101 2704 259 2781 Respondit
270 2705 356 2763 lesus
370 2728 378 2759 :
392 2706 494 2785 Neque
516 2727 561 2762 me
572 2708 663 2775 scitis,
682 2726 774 2785 neque
784 2706 845 2764 Pa-

47 2814 49 2853 :
103 2807 173 2851 trem
186 2816 290 2852 metatu.
308 2796 376 2853 Cum
399 2796 470 2854 cuim
484 2797 596 2855 scientes
610 2811 748 2874 tamquam
767 2796 845 2856 inscii

47 2927 49 2937 .
103 2889 319 2965 interrrogarent,
340 2889 415 2965 quasi
439 2902 568 2948 tentantes
590 2910 663 2966 cum,
679 2909 712 2947 ne
737 2910 847 2969 respou-

47 3017 50 3028 »
102 2980 176 3038 sione
190 2980 297 3057 quidem
311 2981 518 3062 illosdignatur.
532 2982 595 3041 idco
609 2983 708 3041 clarius
719 2982 847 3065 deinceps

47 3089 49 3112 ¹
102 3071 269 3150 liberiusque
283 3073 414 3152 loquitur,
433 3088 514 3152 atquc
527 3095 561 3133 cx
583 3074 667 3154 signis
689 3095 776 3154 exque
795 3074 847 3136 do-

47 3202 51 3225 »
104 3168 189 3226 ctrina
204 3168 372 3247 sequentium
388 3192 416 3229 se
430 3170 612 3229 testimonium
633 3170 751 3252 accipit,
775 3171 849 3250 quod

47 3283 50 3291 *
68 3265 86 3312 n
101 3261 159 3340 jam
171 3259 259 3318 crucis
273 3274 379 3341 tempus
392 3262 551 3321 immineret.
565 3262 640 3332 Scio,
657 3261 755 3342 inquit,
771 3264 850 3322 unde

47 3389 51 3412 t
106 3357 245 3411 venerim.
259 3353 341 3427 Quod
356 3353 417 3412 illos
437 3376 489 3413 non
504 3353 586 3414 valde
599 3354 703 3432 movit,
724 3376 786 3414 cum
799 3355 848 3415 ad-

47 3442 51 3491 ἱ
104 3443 175 3503 didit
189 3459 289 3520 niuem,
310 3448 373 3525 Quo
399 3468 449 3527 ego
475 3448 565 3519 vado,
587 3446 672 3527 magis
685 3446 746 3506 illos
760 3461 849 3507 exter-

47 3551 52 3583 t
105 3537 171 3610 ruit,
185 3538 262 3616 quusi
277 3561 329 3598 non
350 3553 417 3598 esset
435 3539 462 3598 iu
479 3552 564 3597 morte
576 3560 776 3620 permansurus.
795 3539 853 3600 Sed'

47 3652 50 3662 ·
104 3651 152 3687 cur
162 3652 214 3689 non
224 3631 306 3710 dixit,
327 3635 399 3692 Deus
412 3654 473 3691 sum
481 3656 490 3709 3
506 3631 564 3709 scd,
574 3631 641 3690 Seio
653 3633 731 3691 uude
742 3636 845 3690 venio?

47 3745 52 3754 ·
104 3721 219 3811 Semper
241 3723 355 3783 humilia
383 3723 546 3782 sublimibus
574 3721 723 3798 admiscet,
742 3736 767 3780 et
790 3722 848 3781 haec

47 3846 52 3873 r
104 3821 184 3879 ctiam
196 3817 371 3879 suboccultat.
388 3817 457 3875 Cum
468 3814 582 3874 dixisset
593 3814 676 3892 enim,
690 3816 754 3895 Ego
769 3818 848 3873 testi-

47 3928 51 3938 '
105 3918 233 3972 tuoruum
246 3913 381 3991 perhibeo
395 3910 432 3967 de
452 3912 569 3987 meipsa,
585 3906 665 3985 idque
679 3904 847 3981 ostendisset,

47 4021 95 4068 'soe
105 4005 139 4065 ad
147 4005 291 4064 humiliora
300 4001 388 4079 venit,
404 4021 435 4059 ac
446 3999 468 4058 si
479 3999 601 4072 dixisset,
615 3997 702 4057 Scioa
715 4018 769 4076 quo
782 3996 847 4056 mis-

47 4103 52 4144 i
68 4089 86 4132 A
104 4122 149 4158 sus
163 4099 224 4170 sim,
238 4095 308 4155 etad
320 4116 400 4173 quem
412 4092 520 4151 vadam.
533 4091 578 4149 Sic
590 4111 641 4149 non
654 4103 774 4170 poterant
784 4110 846 4148 urn-

47 4205 51 4215 '
104 4191 243 4263 tradiccre,
256 4209 317 4244 curu
332 4186 468 4261 audirent,
485 4183 563 4240 abeo
574 4181 686 4240 missum
696 4203 760 4257 esse,
772 4195 797 4240 et
810 4181 847 4241 ad

47 4308 50 4331 ¹
105 4304 165 4344 curn
191 4281 299 4341 reru-ti.
326 4278 401 4337 Nihil
423 4275 503 4351 enim,
528 4274 626 4352 iuquit,
648 4274 708 4333 salsi
719 4274 848 4355 loquutus

47 4377 52 4410 ²
105 4400 173 4437 sum.
196 4374 262 4433 Inde
273 4372 345 4450 ueni,
359 4370 424 4429 illuc
440 4367 566 4448 remigro,
582 4366 618 4427 ad
627 4389 723 4428 verum
746 4370 845 4428 Deum.

47 4492 52 4503 ·
107 4473 163 4528 t'os
176 4480 265 4525 autem
280 4467 366 4523 Deum
381 4484 433 4522 nou
446 4461 529 4520 nostis
542 4485 548 4517 :
562 4459 622 4519 idco
632 4459 779 4520 secundum
791 4482 848 4520 car·

47 4573 54 4582 '
107 4558 314 4640 ucmjudicatis.
328 4559 398 4616 Nam
419 4568 478 4636 post
494 4566 532 4613 tot
546 4553 639 4613 audita
658 4552 758 4614 iudicia
769 4568 795 4613 et
806 4576 849 4613 ar-

47 4654 55 4688 ¹
108 4667 232 4733 gumenta
245 4651 333 4710 adime
357 4647 457 4722 dicitis,
467 4648 535 4706 Nou
547 4659 589 4706 est
604 4666 693 4705 verus
707 4670 714 4703 ε
729 4659 756 4705 ct
771 4647 851 4726 Moy-

47 4730 55 4787 i
108 4769 152 4805 scu
182 4745 236 4803 fide
255 4743 370 4822 dignum
389 4739 506 4822 putatis,
526 4752 552 4799 et
575 4737 609 4798 de
630 4737 691 4798 aliis
718 4752 744 4797 ct
769 4738 804 4797 de
824 4760 853 4797 se

48 4878 54 4890 ·
108 4840 275 4916 loquentem,
288 4835 426 4894 Christum
439 4854 503 4893 vero
525 4853 578 4891 nou
595 4831 668 4890 item.
683 4831 741 4890 Hoc
753 4844 792 4890 est
811 4851 853 4889 se·

47 4958 53 4991 r
109 4930 229 4988 ‹urrrdum
265 4948 372 4986 carnem
404 4924 537 5005 judicare.
567 4924 630 5003 Ego
661 4936 759 4981 autem
794 4940 853 4979 non

97 5132 126 5178 sit
141 5146 167 5177 ca
178 5126 240 5176 alter
252 5123 329 5189 Cod]

130 5223 139 5243 ³
159 5203 205 5254 ttit
217 5211 240 5256 e)
251 5213 294 5270 γὰρ
305 5207 372 5256 εἶπον.
