3750 5940
51 456 211 505 osnouos
237 457 363 507 seruo.
769 435 836 509 621

102 579 221 640 membra
244 579 312 639 mihi
335 579 477 660 optabilia,
499 579 609 660 ipsaque
636 582 734 641 caelesti
756 583 843 663 glorio

100 658 179 740 longe
192 658 310 719 meliora.
322 659 377 732 Qui
388 679 450 719 cum
460 657 561 718 fiducia
604 659 698 720 iritum
708 661 736 720 iu
747 683 843 722 manus

101 739 210 799 Domini
224 737 375 815 tradidisti,
389 737 437 817 qui
451 739 576 798 continue
632 738 725 816 mino,
736 740 844 822 ipsique

98 817 263 899 desponsatae
276 817 402 878 Ecclesiae
413 838 519 878 summa
531 839 594 877 cum
607 819 692 878 animi
705 820 844 881 alacritate

99 897 234 959 inseruisti
239 921 248 975 3
263 898 375 957 Domini
389 918 495 973 amans,
509 911 631 977 recteque
649 899 766 958 Domino
784 921 842 959 ser·

99 978 185 1054 viem,
206 977 311 1059 Spiritu
328 978 444 1054 fervens,
464 991 494 1036 tu
510 976 631 1037 omnium
647 977 758 1037 Domini
770 977 843 1038 lidus

98 1056 244 1137 apostolus.
259 1056 431 1117 beatissimus
441 1078 504 1118 vero
515 1056 625 1129 Paulus,
635 1056 679 1115 cui
689 1072 769 1138 caput
780 1079 842 1118 ense
850 1065 981 1124 Martyrium

98 1137 240 1215 praecisum
254 1150 304 1213 est,
317 1136 361 1196 vir
373 1136 450 1214 cujus
460 1136 552 1195 laudes
564 1135 655 1195 verbis
667 1136 784 1217 exprimi
796 1158 841 1196 ne·
850 1127 873 1170 ⁸·
888 1128 960 1171 ΜΗ·

99 1228 208 1291 queunt.
223 1218 259 1273 At
272 1214 424 1295 cujusmodi
436 1215 506 1274 ensis
519 1213 595 1274 illius
608 1228 711 1293 guttur,
725 1214 842 1276 domini·

99 1315 172 1370 cum,
188 1294 310 1372 inquam,
330 1295 538 1353 instrumentum
555 1294 621 1353 caelo
639 1294 841 1376 suspiciendum

98 1387 124 1432 et
138 1388 213 1433 terrae
226 1374 393 1433 tremendum
407 1373 546 1454 pervasit?
579 1373 647 1433 ualis
659 1373 734 1434 loeus
749 1388 839 1453 tuum,
895 1388 994 1434 trinen-

100 1452 195 1529 Paule,
207 1453 365 1532 sanguinem
375 1452 489 1533 excepit,
501 1451 549 1530 qui
558 1394 663 1512 lacteus
672 1454 800 1535 apparuit
814 1455 840 1515 in
850 1452 897 1496 ¹⁰¹³
939 1453 997 1495 ³⁰⁸³·

99 1533 157 1611 ejus
179 1546 252 1593 veste
273 1532 321 1611 qui
341 1546 368 1592 te
380 1531 529 1614 percussit?
562 1531 590 1590 ui
605 1531 715 1612 quidem
732 1534 842 1613 sanguis
851 1531 891 1620 ξιξ·
901 1529 997 1621 ‘22:ssss

66 1626 84 1672 b
100 1611 272 1670 barbaricum
288 1612 363 1671 illius
378 1611 499 1671 animum
512 1552 628 1671 roddens
640 1613 720 1672 melle
730 1611 842 1673 dulcio·
852 1653 940 1682 rorum.

100 1712 168 1768 rem,
191 1705 220 1750 ut
234 1691 243 1749 i
264 1712 293 1750 se
307 1713 361 1751 una
377 1712 440 1750 cum
453 1689 533 1750 sociis
544 1689 581 1750 ad
594 1690 677 1751 fidem
692 1690 843 1752 traducere·

101 1785 154 1843 tur,
169 1771 206 1830 ita
265 1770 339 1831 ecit?
354 1771 397 1831 Sit
418 1769 486 1829 mibi
506 1769 590 1830 instar
612 1792 715 1831 coronae
736 1770 845 1851 gladius

100 1849 156 1909 ille.
173 1851 200 1908 ls
218 1849 253 1909 tri
275 1850 331 1909 inta
341 1864 367 1910 et
381 1853 501 1929 quinque
511 1870 605 1925 annos,
619 1871 725 1909 summa
737 1849 773 1910 ad
785 1872 842 1911 ser·

100 1927 228 1988 siendum
239 1871 387 2002 alacritate,
403 1929 520 1989 Domino
534 1929 708 2009 mancipavit.
723 1931 844 1990 Perfecto
853 1945 913 1989 AEun
944 1944 996 1992 bot

99 2007 215 2086 denique
236 2022 295 2068 octo
318 2022 344 2068 et
366 2008 504 2088 sexaginta
525 2029 658 2068 annorum
670 2008 734 2071 vita
749 2009 926 2087 cursu,¹'⁸¹¹¹i·

100 2109 180 2165 quem
222 2109 252 2147 ro
277 2088 373 2168 pietate
397 2086 551 2147 institutum
577 2101 708 2165 tenuerat,
750 2089 844 2149 uievit.

102 2165 188 2228 Vobis
259 2181 300 2227 tas
324 2181 425 2229 vestras
449 2187 529 2227 voces
550 2167 672 2228 vicissim
696 2110 844 2228 reddimus.

103 2247 238 2307 Gaudete
252 2251 285 2305 in
304 2249 434 2306 Domr'rw
447 2266 560 2327 semper
571 2271 580 2304 .·
593 2246 694 2326 absque
707 2246 844 2307 internus-
856 2261 960 2322 Philipp.
971 2258 996 2321 4.

100 2326 175 2385 sione
188 2347 238 2407 pro
255 2325 332 2385 nobis
344 2339 418 2386 orate
431 2348 437 2382 :
498 2324 670 2386 romissiones
682 2340 786 2387 vestrm
798 2349 846 2388 ex·
855 2320 879 2383 l·
973 2382 985 2408 Γ

101 2405 181 2485 plete.
205 2405 361 2466 Succlamas
384 2405 467 2479 enim,
536 2418 563 2465 te
577 2406 665 2484 Petro,
680 2384 997 2490 ncdoens22·²l“⁸·³·

101 2484 222 2544 Studcbo
235 2499 296 2566 post
310 2506 401 2544 meum
413 2484 520 2544 obitum
534 2486 693 2545 memoriam
707 2485 789 2546 rasni
803 2486 844 2546 sa-
856 2458 959 2552 2i'nm.
976 2518 997 2552 ι,

101 2585 167 2623 cere.
183 2564 234 2624 Est
295 2586 312 2623 o
332 2565 427 2624 beatus
451 2567 546 2623 Petrus
559 2565 695 2656 apostolus
715 2565 816 2625 Christi
829 2587 846 2625 a
859 2569 896 2617 ¹⁵·

101 2642 247 2703 Betbsa'r'da
300 2644 411 2720 alilaeae,
432 2643 479 2702 ubi
501 2644 635 2703 Dominus
659 2656 748 2705 noster
767 2647 846 2706 Jesus

102 2722 226 2784 Christus
241 2723 358 2804 plurima
372 2722 504 2782 miracula
522 2738 648 2803 operatus
660 2737 700 2783 est
712 2747 719 2780 r
730 2721 802 2783 unde
819 2737 847 2785 ot
923 2738 998 2783 Patri·

102 2802 195 2883 Philip
216 2824 247 2861 us
256 2802 358 2883 prodiit
370 2802 480 2861 :beatus
492 2823 557 2862 vero
566 2802 667 2862 Paulus
676 2824 711 2863 ex
720 2803 788 2862 urbe
800 2803 846 2862 Ci·
861 2800 998 2858 principium

67 2906 85 2952 E
101 2879 171 2940 liciae
189 2826 286 2942 lanso.
307 2880 487 2942 Obdormiere
503 2894 594 2940 autem
611 2881 692 2941 ambo
705 2881 733 2940 in
747 2862 966 2966 magnafflwb'

103 2961 170 3019 urbe
181 2962 266 3021 Roma
276 2959 510 3038 veteri,vigesimo
518 2979 588 3019 nono
597 2958 642 3020 die
649 2959 748 3021 mensis
757 2961 844 3040 lunii,
854 2955 927 3028 Acria
933 2985 995 3045 ¹39·

102 3039 153 3098 sub
164 3040 201 3099 ini
221 3040 333 3099 uissimo
342 3042 507 3119 Imperatore
516 3039 843 3100 Neroneemediosubla·
875 3045 999 3121 Diamq-

102 3118 133 3194 ti,
145 3133 172 3178 et
182 3063 220 3178 ad
227 3119 349 3179 omnium
362 3117 510 3177 Dominum
520 3120 600 3196 atque
612 3119 774 3198 magistrum
782 3120 845 3200 plu·
854 3115 906 3213 *ἵζ’
918 3110 997 3213 υἵῗω·

101 3198 178 3257 rimis
197 3199 277 3258 rebus
297 3197 503 3279 praeclarissime
520 3196 602 3276 gestis
618 3198 741 3279 profecti.
759 3179 876 3260 Omne⁶¹
905 3185 917 3213 ⁸
943 3185 959 3215 ¹'

101 3277 190 3356 itaque
203 3278 337 3355 studium,
353 3275 498 3351 carissimi,
514 3275 692 3337 adhibeamus
709 3293 847 3358 precantes

102 3357 248 3417 omniumr
280 3379 323 3417 ern
342 3357 482 3416 Christum
495 3357 586 3415 Deum
598 3370 731 3437 nostrum,
744 3358 785 3417 uti
798 3379 848 3419 uos

102 3458 152 3517 pro
162 3458 211 3496 suo
221 3379 412 3497 inhumanum
424 3456 508 3516 genus
521 3456 612 3496 amore
624 3434 722 3517 dignos
733 3435 846 3514 mddat3

100 3517 148 3594 qui
161 3516 297 3652 possimus
312 3517 423 3576 illorum
436 3514 629 3574 traditionibus
642 3529 723 3596 atque
743 3516 846 3577 doctri·

102 3595 144 3654 nis
176 3595 278 3655 eliciter
291 3595 429 3669 insistere,
442 3607 474 3653 ut
488 3614 684 3674 consequamur
696 3596 848 3656 misericor-

101 3674 176 3734 diam
198 3695 289 3734 ooram
308 3672 439 3736 tribunali
457 3672 622 3754 ipsiuszper
633 3696 725 3765 quem,
743 3689 768 3735 et
786 3697 848 3735 cum

101 3774 166 3831 quo,
179 3754 237 3812 Deo
246 3768 272 3813 et
283 3754 358 3814 Patri
373 3754 468 3829 bonor,
483 3773 546 3812 cum
560 3755 728 3814 sanctissimo
741 3768 768 3812 et
776 3755 848 3835 opti-

101 3854 145 3892 mo
159 3847 185 3892 et
197 3833 308 3895 vivifico
321 3833 439 3914 Spiritu,
454 3852 527 3892 nunc
541 3845 568 3891 et
581 3853 695 3913 semper,
710 3832 739 3892 in
750 3833 849 3893 saeurla

101 3911 272 3972 saeculorum.
289 3916 385 3972 Amen.

89 4126 125 4170 szl
137 4127 197 4184 ἡμᾶς
208 4121 282 4187 κύριος
299 4123 311 4171 b
323 4124 371 4177 Orbe
386 4129 434 4177 sets
446 4120 580 4187 rapotone
593 4122 631 4169 καὶ
641 4127 690 4175 ταῖς
700 4119 851 4176 διδασκαλίαις

89 4203 162 4250 αὐτῶν
180 4204 293 4263 ὶμμένιιν,
312 4203 347 4248 [να
366 4200 471 4261 λάθωμεν
488 4199 525 4248 διὰ
540 4208 584 4249 τῶν
603 4202 673 4261 ἁγέων
691 4199 765 4248 αὐτῶν
780 4199 850 4262 ὠχῦν
904 4266 907 4271 ,

89 4282 151 4329 dlrov
167 4283 293 4345 ἔμπροσθεν
306 4280 346 4328 τοῦ
357 4282 463 4342 βήματος
477 4279 518 4328 τοῦ
535 4279 633 4345 Χριστοῦ
650 4277 703 4339 μεθ’
714 4274 741 4325 οὗ
756 4284 789 4340 τῷ
804 4294 850 4327 πα·

89 4362 142 4422 apl,
155 4363 204 4402 etc.

62 4804 85 4916 ’Δΐ
163 4807 263 4868 Sermo
273 4810 306 4866 ιἰι
320 4815 438 4866 sanctos
452 4804 604 4864 duodecim
618 4803 789 4884 Apostolos.

144 4992 243 5053 Merito
255 4991 337 5051 etiarn
354 4988 436 5051 hodie
451 4990 478 5050 in
498 4988 617 5049 adventu
631 4988 752 5071 Spiritus
767 4988 851 5047 sancti

104 5094 201 5154 sagena
216 5073 274 5132 baec
292 5071 458 5154 piscatorum
476 5069 588 5151 impleta
609 5083 659 5146 est,
673 5067 741 5128 dum
759 5087 807 5126 nos
823 5065 852 5125 in
