3750 5940
291 451 324 499 ltt
353 451 454 500 tutuo
478 449 677 512 ananciten,
706 450 797 512 QUOD
823 450 1008 518 nicaenus,
1036 454 1113 501 ETC·

49 595 69 651 ιρ
84 575 172 639 αὐτοῖς
183 577 197 632 ό
207 572 301 641 πόθος·
316 573 360 642 οθς
373 573 401 633 δὲ
412 575 449 653 μή
464 574 555 646 ἔδησεν
569 580 583 634 ό
599 573 685 642 πόθος,

49 650 157 719 ολλάκις
181 657 198 723 ἡ
221 652 338 732 ἀνάγκη·
358 653 403 713 καλ
424 655 603 734 προσάγονται
621 654 687 731 μετλ

50 757 63 799 ς
77 734 101 790 οἱ
112 730 201 791 πιστοί
211 736 255 813 τῷ4
265 736 368 812 βασιλεῖ
378 737 426 805 τῆς
437 732 528 806 δόξης,
542 738 566 793 ol
582 731 630 812 μὲν
641 756 687 790 πι-

49 835 52 867 :
71 811 237 891 morplurius,
253 817 278 873 ol
296 812 324 872 δὲ
341 812 427 882 diolci
447 814 492 873 καλ
511 811 688 890 ἀντιλέγοντες

70 895 117 961 τῆς
141 891 281 965 ἀληθείας,
306 891 526 971 προσελεόσονται
555 891 687 968 δεδεμένοι

49 994 78 1062 ιις
93 971 227 1074 σιδηραῖςγ
246 972 292 1031 καλ
314 976 339 1031 οἱ
395 997 408 1030 ν
423 971 527 1032 ἔσονται
542 976 568 1033 ἐν
583 975 621 1075 τΙῷ
634 971 686 1031 τά·

49 1049 686 1211 insaturabiliter:

49 1207 686 1371 li‘ii‘iliiliddi‘'‘iim'‘'il‘iieiffi

49 1311 144 1450 ,τριζοῦ
160 1313 307 1446 teostitae,
326 1312 549 1449 όόήλόάρῶθυίιὲν
571 1371 609 1429 δεῖ
623 1371 686 1450 pnl-

56 1446 148 1526 τάγμα
159 1449 212 1505 τῶν
224 1447 411 1520 πιστευόντων,
421 1448 586 1528 χαμαιπετὲς
598 1449 626 1509 dl
640 1448 685 1509 καλ

49 1532 70 1587 όν
86 1525 296 1587 ὑποπιπτόντων.
310 1525 449 1588 deducito
460 1533 475 1587 δ
487 1528 608 1608 ψαλμδς,
623 1533 686 1609 ἀρο-

49 1633 66 1676 ις
78 1612 286 1689 προσκυνοῦντας
305 1609 358 1667 τῶν
372 1606 588 1682 ὑποπιπτόντων,
601 1607 684 1689 λέγει·

1314 441 1325 455 ‘
1411 427 1483 500 835

738 570 838 632 fiducia
854 574 963 658 repleti,
980 575 1021 636 illi
1032 597 1097 637 vero
1113 575 1234 655 inglorii,
1248 575 1295 654 qui
1309 573 1483 635 contradixe-

739 664 803 710 runt
817 652 900 713 verbo
915 654 1049 731 veritatis,
1065 655 1191 716 accedent
1204 655 1286 714 vincti
1308 654 1485 735 compedibus

738 730 882 791 ferreiszct
901 733 944 792 illi
964 735 1074 872 (pridem
1098 749 1176 794 crunt
1199 735 1226 794 io
1248 734 1342 794 ordine
1363 733 1483 794 adoran·

739 809 810 870 tium
830 810 858 870 iu
881 811 952 888 alto;
988 815 997 873 i
1021 835 1085 875 vero
1107 815 1135 875 iu
1155 813 1250 874 ordine
1277 811 1431 872 cadentium
1456 815 1485 873 in

738 889 913 969 profundum.
935 893 1013 954 Sicut
1032 895 1106 954 enim
1128 895 1155 954 in
1179 893 1344 973 imaginibus
1363 893 1485 973 superior

740 981 780 1027 est
792 968 909 1031 circulus
932 972 1116 1050 adorantium,
1143 974 1256 1033 inferior
1279 993 1344 1032 vero
1366 972 1484 1032 circulus

739 1047 938 1109 barbarorum:
961 1052 1000 1112 sic
1025 1067 1051 1112 et
1077 1053 1104 1112 in
1127 1074 1209 1136 regno
1234 1051 1336 1111 Christi
1360 1051 1484 1132 superior

738 1128 879 1217 apparebit
898 1129 966 1191 ordo
988 1132 1167 1210 credentium,
1191 1132 1302 1192 inferior
1315 1151 1378 1191 vero
1390 1146 1417 1191 et
1432 1131 1484 1190 Ιιιι-Ι

738 1226 777 1265 mr
792 1228 885 1289 repens
904 1209 971 1270 ordo
988 1211 1153 1272 cadentium.
1178 1212 1244 1273 ldeo
1263 1211 1388 1272 Psalmus
1411 1210 1481 1271 ado-

737 1299 825 1346 rantes
837 1309 854 1346 a
868 1287 1026 1351 cadentibus
1038 1291 1206 1371 distinguens
1219 1292 1273 1351 ait:
1283 1294 1482 1351 Reminiscen·
1494 1300 1560 1345 Psat.
1570 1314 1608 1346 τι.

737 1376 787 1424 tur
797 1378 825 1425 et
833 1383 1037 1429 convertentur
1047 1372 1089 1431 nd
1096 1373 1258 1434 Dominum
1270 1371 1483 1451 universijines
1495 1360 1532 1408 ²⁸·
1554 1375 1593 1422 ²9·

740 1456 824 1504 terroe
836 1459 882 1505 :et
895 1449 1062 1510 adorabunt
1073 1454 1105 1510 in
1116 1464 1272 1532 conspectu
1284 1454 1349 1530 ejus
1362 1454 1483 1510 univer-

739 1526 918 1606 scefamilioe
927 1533 1068 1608 gentium,
1083 1535 1224 1611 quoniam
1237 1532 1361 1589 Domini
1380 1543 1424 1590 est
1438 1551 1485 1589 re-

738 1623 839 1682 gnum,
860 1619 890 1665 et
911 1611 981 1699 ipse·
996 1610 1195 1670 dominabitur
1215 1614 1363 1692 gentium
1377 1608 1485 1687 qnando

49 1710 130 1758 ονται,
155 1685 201 1744 καὶ
229 1687 469 1769 ἐπιστραρήοονται
496 1687 561 1769 πρὸς
590 1686 685 1770 Κύριοι
703 1704 721 1750 ις
739 1681 912 1745 adorantium
922 1686 1048 1747 ordrrmm
1058 1690 1188 1766 ostendit;
1199 1687 1485 1770 quandodecadenti-

49 1815 50 1823 ,
67 1765 169 1844 πέρατα
182 1769 230 1837 τῆς
245 1769 308 1846 γῆς,
321 1768 367 1826 καλ
379 1766 605 1847 προσκυνήσουσιν
621 1766 686 1827 ἐνώ-

49 1853 161 1907 umen
172 1848 199 1904 αἱ
212 1868 267 1905 πατ
286 1847 323 1905 tal
338 1852 391 1907 τῶν
405 1849 497 1918 ἐθνῶν,
508 1846 549 1906 ότι
568 1854 615 1908 τοῦ
630 1850 686 1908 Κυ-

49 1923 150 1996 σιλεία,
160 1923 205 1983 καλ
220 1870 298 1991 αὗτδς
321 1925 441 1994 δεσπόζει
456 1929 509 1984 τῶν
526 1927 621 1985 ἐθνῶν·
642 1926 685 1988 ότε

70 2002 281 2086 προσκυνούντων
296 2004 344 2077 τήν
358 2005 431 2075 τάξιν
456 2002 561 2078 ἔδειξεν,
575 2005 618 2065 dre
642 2007 687 2066 ἐπὶ

49 2083 181 2145 ιιπτόντων
196 2082 344 2164 ἐπήγαγεν·
361 2082 492 2144 ’eudem
506 2087 585 2145 αὐτοῦ
599 2109 685 2169 προσ-

48 2188 57 2223 ι
75 2162 172 2229 πάντες
195 2165 218 2223 οἱ
237 2163 439 2232 καταόαίνοντες
459 2167 495 2230 είς
508 2168 567 2242 γῆν.
582 2167 647 2234 Πῶς
659 2166 688 2227 δέ

49 2243 127 2322 τάγμα
146 2247 198 2302 τῶν
217 2247 317 2303 πιστῶν
332 2243 474 2325 ἀνώτερον,
487 2240 552 2303 Ὅτι
576 2246 624 2305 οὐκ
644 2248 687 2306 ἐπὶ

49 2322 112 2382 recol
128 2321 284 2394 στήσονται,
299 2324 357 2382 ἀλλ’
377 2327 404 2383 ἐν
419 2327 457 2404 τῷ
474 2322 532 2402 ἀέρι
551 2325 688 2407 συμπάρε-

49 2402 234 2483 συνδορυρόροι
247 2410 293 2463 τοῦ
302 2402 426 2481 μεγίστω
442 2400 569 2480 βήματος.
583 2406 624 2464 Οὐ
636 2403 688 2486 γδιρ

49 2486 89 2540 τό]
101 2484 171 2541 Θεοῦ
184 2481 229 2541 tut
243 2486 291 2561 γῆς
305 2482 448 2561 πήγνυται,
468 2481 527 2541 ἀλλ’
543 2488 560 2556 ή
575 2507 610 2562 γη
622 2487 688 2544 ὑπο-

49 2567 68 2621 ἰν
81 2562 168 2620 ποδῶν
182 2561 274 2635 αὐτοῦ,
290 2561 359 2622 ώστε
374 2561 474 2628 πάντας
487 2560 534 2638 μὲν
549 2552 688 2632 εἶναιτοὺς

49 2663 99 2707 ιους
115 2640 205 2714 κάτω,
217 2639 272 2700 ἀνω
291 2640 318 2702 δὲ
335 2641 379 2701 τδν
397 2641 551 2714 δικάζοντα,
566 2643 611 2701 καί
629 2640 688 2711 τοὺς

49 2727 50 2767 ἒ
72 2720 195 2781 δικαστοῦ
220 2719 317 2800 ρίλους.
343 2718 395 2779 Διὰ
414 2724 522 2781 τοῦτοό
545 2721 688 2791 ἀπόστολος

49 2824 74 2867 ος
91 2797 187 2872 δεῖξαι,
198 2797 239 2858 ότι
254 2802 300 2858 οὐκ
320 2800 364 2859 inl
374 2805 423 2879 γῆς
440 2800 583 2874 στήσονται
603 2805 627 2861 ol
644 2824 689 2861 πι-

49 2879 64 2936 ι’
83 2881 110 2938 ἐν
130 2883 168 2960 τῷ
190 2874 249 2960 άίρι
266 2879 477 2958 ἱπαρθήσονται,
492 2879 581 2957 λέγει·
597 2878 690 2960 Ἡμεῖς

49 2958 166 3036 ησόμεθα
174 2960 201 3018 ἐν
213 2956 330 3039 νεφέλαις
338 2962 373 3028 εἰς
379 2958 526 3034 ἀπάντησιν
534 2966 579 3019 τοῦ
593 2960 689 3043 Κυρίου

49 3037 113 3106 ,καί
127 3036 195 3097 οὕτω
208 3038 322 3098 πάντοτε
338 3037 384 3098 σθν
402 3039 492 3123 Κυρίιρ
507 3037 630 3117 ἐσόμεθα.

205 3116 213 3138 Ι

739 1760 791 1823 hus
801 1762 899 1844 adjecit
907 1789 913 1822 :
922 1769 960 1825 ln
968 1782 1122 1848 conspectu
1133 1773 1196 1851 ejus
1207 1771 1314 1829 eadent
1324 1789 1424 1827 omnes
1434 1771 1486 1847 qui
1497 1779 1557 1823 loru.
1565 1795 1587 1822 ι.
1596 1775 1636 1823 3ο.

739 1841 919 1905 descendunt
932 1850 964 1905 in
977 1860 1095 1907 terrum.
1108 1848 1251 1921 Quomodo
1264 1860 1354 1908 autem
1363 1848 1486 1928 superior

740 1933 779 1980 est
792 1920 859 1983 ordo
869 1923 1016 1987 fidelium?
1031 1927 1103 1999 Quia
1117 1949 1170 1989 non
1185 1930 1213 1988 in
1228 1943 1298 1988 terra
1315 1926 1417 2001 fideles,
1438 1927 1486 1986 sed

740 1999 769 2060 in
783 2022 844 2061 aere
859 2003 985 2081 stabunt,
996 2006 1151 2067 maximum
1174 2007 1244 2068 illud
1265 2007 1386 2067 tribunal
1408 2006 1485 2085 quasi

741 2081 868 2142 satellites
896 2084 1130 2146 circumsistentes.
1159 2088 1288 2147 Thronus
1349 2087 1413 2167 ippe
1435 2087 1601 2147 Bellienus.
1618 2114 1637 2144 ι.

741 2180 793 2219 nou
806 2162 833 2220 in
842 2176 912 2222 terra
921 2163 1026 2243 figitur,
1040 2165 1088 2225 sed
1099 2181 1169 2226 terra
1180 2167 1307 2226 estscabc
1330 2188 1376 2227 um
1386 2165 1487 2245 pedum

740 2239 810 2319 ejos;
825 2241 862 2300 ita
878 2255 909 2302 ut
923 2264 1015 2303 omnes
1034 2244 1183 2324 dequibus
1199 2247 1337 2328 judicium
1359 2244 1487 2305 statuitur

741 2317 812 2378 infra
826 2320 891 2399 siut,
907 2343 1022 2403 superne
1031 2345 1097 2384 vero
1107 2326 1198 2387 Juder
1212 2327 1302 2386 sedeat
1316 2346 1379 2384 cum
1391 2325 1488 2384 amicis

741 2398 805 2458 suis.
817 2399 881 2461 ldeo
894 2403 1042 2482 apostolus,
1056 2417 1085 2463 ut
1091 2404 1213 2464 ostendat
1226 2402 1320 2465 fideles
1331 2425 1384 2463 non
1395 2404 1423 2463 in
1435 2417 1487 2464 ter·

740 2498 788 2556 ra,
805 2478 852 2538 sed
867 2481 894 2540 iu
908 2502 969 2541 aere
990 2482 1119 2543 sublimes
1141 2484 1246 2544 futuros
1268 2506 1335 2563 csse,
1357 2483 1486 2545 ait2Nos
1501 2494 1638 2558 eruunt.

741 2572 840 2617 autem
859 2565 1009 2640 rapiemur
1020 2566 1053 2621 in
1069 2566 1194 2623 nubibus
1210 2567 1243 2622 in
1256 2584 1407 2624 occursum
1422 2565 1485 2623 Do·
1501 2561 1536 2607 ¹⁶·

742 2641 815 2696 mini
840 2644 873 2698 in
896 2661 978 2712 aera,
1005 2655 1034 2702 et
1059 2645 1103 2701 sic
1131 2663 1244 2723 semper
1264 2664 1331 2703 cum
1358 2645 1488 2703 Domino

742 2738 857 2778 erimus.

49 3119 104 3197 ἱμοι
113 3121 149 3185 εἰς
161 3142 267 3196 μνημην
277 3119 376 3197 ἤγαγεν
387 3124 404 3191 ἡ
416 3118 523 3201 ἀφορμή
533 3123 580 3191 τῆς
590 3102 735 3204 τόλμηςίῖ
783 3116 811 3176 5.
833 3114 896 3176 llaec
915 3117 983 3177 mihi
999 3118 1027 3178 in
1047 3118 1203 3178 memoriam
1227 3093 1364 3180 revocarit
1383 3121 1488 3181 occasio

49 3197 135 3278 α’χωι,
153 3201 207 3256 τῶν
229 3198 420 3275 τολμησάντων
434 3202 527 3272 εἰπεῖν,
548 3200 690 3279 Δαιμόνιον
744 3195 864 3256 audaciae
875 3196 927 3256 Dei
942 3197 1071 3272 hostium,
1083 3199 1129 3278 qui
1145 3197 1234 3259 dioere
1247 3200 1305 3259 ausi
1319 3214 1403 3274 erant,
1418 3203 1488 3260 Doe·
1498 3212 1567 3254 loon.
1587 3223 1623 3256 ro.

49 3301 123 3375 ωμεν
137 3276 205 3378 μετὰ
225 3282 271 3337 τοῦ
285 3277 380 3343 Aeoli,
395 3277 442 3345 Ὡς
455 3278 522 3340 πολὺ
540 3279 570 3339 τδ
592 3282 692 3352 πλῆθος

49 3379 157 3430 τοτητος
167 3380 228 3435 σου,
242 3356 334 3436 Κύριε.
350 3349 404 3417 Οἷα
416 3360 546 3418 λαλοῦντα
556 3361 618 3419 ιτὸν
632 3361 691 3421 δοῦ-

49 3463 83 3515 ις,
105 3429 148 3497 οἶα
165 3437 342 3519 ρθεγγομίνην
353 3436 401 3510 τήν
416 3442 466 3541 γῆν
481 3438 634 3519 βαστάζεις,
650 3433 692 3501 οἷα

49 3541 102 3584 ιτας
126 3516 195 3576 κατὰ
210 3524 256 3578 σοῦ
269 3515 329 3586 τοὺς
342 3522 488 3601 θεομαχους
505 3522 534 3580 οὐ
559 3521 693 3595 κολάζεις;

50 3597 129 3663 iuxere
142 3601 210 3677 ῥοπῇ
224 3603 271 3658 τοῦ
286 3595 427 3676 νεόματος,
442 3603 489 3658 οὐκ
503 3598 651 3667 ἀναλίσκεις
665 3604 692 3660 ἐν

49 3703 93 3753 τι,
104 3681 152 3737 οὐκ
164 3678 250 3750 ἠδύνω
264 3680 421 3751 ἀπειλῆσαι,
437 3679 485 3736 οὐκ
501 3669 533 3751 ἦν
548 3679 665 3760 περὶτοῦ
678 3685 692 3740 ό

62 3758 210 3839 προφήτου,
220 3757 346 3819 Ἀπειλῶν
358 3756 494 3838 θαλάσσῃ,
506 3759 552 3819 καλ
562 3758 691 3839 ξηραίνων

49 3842 153 3899 ὀσαῦτα
168 3842 326 3918 θεομαχοῢσι
336 3882 344 3911 ,
355 3843 470 3898 τοσαῦτα
478 3842 529 3917 βλα
565 3843 689 3917 ημοῦσιν.

49 3917 173 3998 ικρίνεται
197 3921 211 3976 ό
239 3917 351 4000 Σωτήρ·
369 3920 428 3977 Οὐκ
447 3907 525 3988 ήλθον
556 3942 590 3978 να
611 3919 692 4000 κρίνω

49 4021 84 4071 ον,
95 3999 153 4057 ἀλλ’
167 3995 210 4056 ἵνα
224 3997 303 4057 σώσω
313 3997 358 4056 τδν
372 3996 480 4074 κόσμον.
495 3997 547 4056 Διά
558 4005 634 4059 τοῦτο
646 4000 691 4058 καλ

49 4082 131 4137 ιαλῶν
154 4077 246 4151 αὐτόν,
260 4080 307 4137 οὐκ
324 4079 361 4143 εἰς
382 4076 421 4136 τὀ»
437 4084 525 4157 κρῖναι
547 4077 617 4137 κατὰ
643 4077 692 4150 τήν

59 4155 221 4238 παρουσίαν,
245 4158 302 4216 ἀλλ’
316 4160 353 4224 εἰς
366 4157 397 4216 τδ
412 4160 510 4230 σῶσαι,
530 4156 637 4235 ἔλεγεν·
657 4157 691 4218 Ὁ

745 3279 874 3335 monium
900 3277 997 3336 babet.
1021 3277 1149 3338 Dicamus
1177 3300 1240 3338 com
1263 3279 1378 3354 Davide,
1392 3282 1488 3359 Quam
1498 3285 1538 3378 ξ·
1549 3337 1558 3380 γ

745 3376 855 3436 magua
878 3357 1035 3416 multitudo
1056 3359 1219 3419 dulcedinis
1246 3371 1318 3431 tuae,
1343 3359 1488 3421 Domine!
1499 3352 1565 3443 20⁸¹
1584 3338 1622 3385 ³⁰¹

744 3434 841 3507 Qualia
860 3433 994 3496 dicentem
1013 3458 1121 3496 servum
1145 3439 1253 3512 toleras,
1270 3439 1362 3516 qualia
1376 3440 1488 3518 loquen-

744 3527 798 3581 tem
815 3514 937 3594 liuguam
952 3517 1078 3590 sustines,
1093 3517 1184 3596 qualia
1209 3516 1337 3578 audentes
1355 3534 1446 3579 contra
1463 3535 1490 3580 te

744 3592 868 3654 inimicos
885 3616 939 3655 non
958 3595 1072 3676 plectis?
1093 3619 1144 3657 non
1170 3596 1228 3656 solo
1251 3612 1318 3657 nutu
1343 3601 1488 3672 consumis,

745 3695 798 3734 non
821 3674 878 3734 solo
896 3675 976 3754 jussu
993 3675 1108 3758 perdis,
1134 3698 1186 3736 non
1212 3692 1286 3757 potes
1311 3679 1488 3738 comminari?

746 3775 799 3814 uon
827 3767 867 3814 est
895 3754 970 3836 apud
994 3769 1020 3814 te
1041 3756 1088 3815 ille
1111 3757 1246 3838 prophete
1269 3778 1371 3833 sermo,
1403 3761 1488 3818 Com-

746 3838 962 3907 minansmari,
991 3848 1019 3893 et
1048 3840 1200 3896 exsiccans
1224 3836 1323 3895 illud?
1349 3838 1404 3896 Tot
1432 3860 1599 3918 pu-papm
1619 3882 1638 3914 ,,

765 3913 815 3989 nis,
828 3927 867 3972 tot
877 3912 1054 3994 blasphemiis
1065 3911 1305 3996 Deum'impetrmt.
1313 3915 1368 3975 Sed
1378 3937 1420 3975 res
1456 3939 1487 3976 n·
1497 3926 1521 3988 4.

746 3933 793 4051 det
806 3992 932 4052 Salvator
946 4016 952 4049 :
966 3995 1034 4052 Non
1049 3998 1121 4053 veni
1138 4007 1170 4053 ut
1185 3995 1315 4074 judicem
1332 4015 1381 4053 mu
1424 4017 1483 4066 um,
1495 4034 1554 4079 ,m
1588 4051 1614 4082 ι,

747 4074 799 4132 sed
805 4079 842 4152 'pat
852 4073 968 4132 salvum
976 4073 1097 4153 facium
1114 4075 1264 4133 mundum.
1279 4072 1384 4132 Idcirco
1396 4076 1486 4135 David
1497 4099 1536 4155 ηρ.
1558 4069 1563 4080 '
1618 4070 1624 4082 ⁹

746 4171 845 4212 vocans
857 4151 946 4228 illum,
955 4173 1007 4212 non
1017 4151 1053 4211 ad
1062 4151 1212 4233 judicium,
1226 4166 1257 4211 ut
1270 4151 1298 4211 in
1312 4154 1428 4214 secundo
1438 4155 1487 4215 ad·

49 4238 120 4304 ιςέπλ
133 4240 185 4295 τῶν
200 4235 336 4318 Χερουόθμ
346 4234 490 4316 ἐμφάνηθι,
504 4235 630 4317 ἐξέγειρον
643 4237 691 4310 τήν
710 4253 728 4299 Β
747 4243 839 4307 ventu,
853 4230 902 4291 sed
914 4231 950 4291 ad
972 4231 1085 4291 salutem
1106 4231 1264 4313 parandam,
1275 4231 1384 4292 dicebat
1405 4258 1411 4292 :
1432 4237 1488 4313 Qui
1500 4261 1565 4305 pm,
1577 4277 1614 4325 79-

49 4342 72 4375 ιν
86 4340 149 4390 σου,
162 4314 207 4373 καὶ
219 4315 276 4376 ἐλθὲ
293 4319 330 4383 είς
340 4316 371 4375 τὸ
386 4319 471 4376 σῶσαι
483 4321 569 4393 ἡμᾶς,
589 4319 637 4376 οὐκ
656 4320 693 4385 ale

49 4425 61 4454 ι.
70 4397 104 4455 ‘tl
117 4393 210 4476 πρώτη
224 4394 368 4476 παρουσία,
384 4394 558 4477 σωτηρίας,ή
571 4396 692 4476 δευτέρα,

54 4476 118 4535 Ἐάν
129 4474 220 4554 θέλῃς,
234 4472 315 4554 ἔγνως
329 4475 406 4534 αὐτὸν
416 4476 545 4558 Σωτῆρα·
558 4475 603 4535 ἐὰν
618 4477 693 4536 ἀπιι-

49 4580 87 4622 ως
108 4555 184 4615 αὐτὸν
200 4553 301 4636 κριτήν.
324 4552 474 4637 Προλαόὼν
494 4553 692 4615 κατασκεόασον

49 4636 100 4694 ιλον
112 4639 158 4694 τοῦ
175 4634 311 4712 βασιλέως.
324 4633 388 4693 Ἀπὸ
401 4638 453 4692 τῶν
461 4637 553 4693 κοινῶν
568 4637 694 4714 πραγμά-

49 4720 171 4795 ιχθῶμεν.
195 4716 255 4773 Οὐκ
277 4704 348 4780 οἶδάς
367 4735 440 4780 τινας
463 4716 625 4793 σκιρτῶντας
648 4715 694 4774 καὶ

49 4817 116 4866 στας,
137 4793 180 4853 ότε
197 4795 225 4851 ἓν
239 4792 370 4871 ἀξιώματι
381 4793 426 4851 καὶ
437 4796 580 4873 προαγωγῇ
594 4793 692 4870 γένων-

49 4897 53 4940 ;
72 4877 124 4932 τῶν
138 4874 235 4954 φίλων,
249 4874 296 4953 οὐχ
321 4871 430 4939 ἕκαστος
455 4871 575 4952 χαίρετε,
592 4872 636 4932 ἐὰν
652 4873 693 4946 ίδη

55 4952 183 5035 γνώριμοι
197 4956 273 5012 αὐτοῦ
293 4941 332 5020 ἐἷς
353 4951 438 5032 ἀρχὴν
452 4951 630 5034 προελθόντα,
649 4941 693 5012 καλ

49 5034 133 5093 λοιπόν
153 5030 268 5113 καρποὺς
283 5035 330 5103 τῆς
341 5033 427 5111 φιλίας
441 5031 608 5108 κομίζεσθαι,
625 5031 693 5092 Ἀλλ’

49 5314 100 5380 leg.
116 5314 147 5365 ln
159 5310 236 5366 Satil.
251 5311 303 5364 berc
317 5309 403 5363 mutilo
416 5311 528 5366 deerant.

747 4312 829 4372 sedes
846 4332 931 4392 super
946 4313 1113 4383 Cherubim,
1126 4333 1164 4391 ap
1184 4333 1245 4372 are.
1258 4314 1368 4371 Excita
1386 4328 1489 4394 poten·
1499 4336 1521 4368 2.
1535 4325 1557 4370 3.

748 4395 821 4450 tiam
833 4403 925 4464 tuam,
939 4404 966 4450 et
977 4395 1059 4464 oeni,
1074 4405 1105 4450 ut
1117 4410 1152 4450 sa
1167 4412 1216 4450 ros
1225 4393 1331 4473 facias
1350 4412 1402 4452 nos
1410 4418 1422 4463 ,·
1436 4416 1489 4454 non

749 4469 901 4551 utjudices.
912 4470 1021 4530 Primus
1033 4470 1166 4531 adventus
1186 4470 1291 4549 salutis,
1304 4472 1489 4554 secrrndusju-

748 4550 815 4609 dicii
826 4563 874 4610 cst.
889 4550 919 4612 Si
930 4549 1010 4626 velis,
1025 4550 1095 4610 nosti
1108 4550 1188 4609 illum
1197 4551 1382 4628 Servatorem5
1397 4552 1421 4613 si
1435 4575 1489 4613 oon

750 4630 927 4710 obtemperes,
948 4630 1017 4689 nosti
1032 4630 1111 4689 illum
1131 4629 1265 4691 iudicem.
1281 4634 1322 4693 Te
1357 4632 1414 4692 rius
1435 4636 1490 4693 Re-

749 4709 791 4788 gis
804 4709 922 4770 amicum
932 4709 1020 4769 facito.
1031 4713 1053 4767 Α
1066 4708 1224 4788 vulgaribus
1233 4711 1313 4771 rebus
1355 4734 1489 4772 oceamur.

750 4791 808 4848 Nou
821 4789 890 4850 nosti
899 4788 1030 4869 quosdam
1040 4789 1204 4850 exsultantes
1210 4803 1236 4848 et
1247 4790 1374 4867 letantes,
1382 4792 1491 4869 quando

749 4867 959 4948 videntaliquos
978 4890 1013 4928 er
1036 4868 1131 4928 amicis
1150 4868 1228 4929 addi
1249 4869 1344 4930 nitates
1360 4871 1491 4952 provebi?

750 4969 838 5008 annon
861 4947 963 5028 singrdi
979 4948 1109 5028 gaudetis,
1125 4970 1187 5008 cum
1199 4950 1227 5008 vi
1265 4951 1299 5009 tis
1312 4950 1429 5029 aliquem
1441 4973 1490 5012 vo-

750 5027 793 5087 bis
809 5028 968 5088 familiarem
983 5027 1017 5087 ad
1028 5028 1210 5110 principatum
1220 5028 1317 5090 erebi?
1329 5050 1418 5089 annon
1431 5053 1491 5111 spc-

765 5247 775 5270 o
796 5232 833 5280 lta
855 5229 915 5296 θοις.
928 5229 986 5279 ίίπσ
1006 5240 1032 5280 ct
1049 5229 1177 5296 sequentia
1198 5244 1286 5278 manco
1302 5238 1328 5277 ct
1347 5223 1448 5278 turbata
1466 5232 1491 5279 iu

733 5307 818 5364 siritii
831 5305 908 5360 Edico
919 5319 986 5361 suut.
