3750 5940
53 440 197 493 ιιιιιιι.
223 418 272 491 ιΙ.
302 442 457 492 nxxxvu.
553 402 556 407 ⁵
770 417 837 493 601

98 563 307 645 inquirendum,
322 565 394 625 oltra
406 585 490 645 quiam
503 563 557 647 ipsi
568 562 699 646 pinsitum
713 564 759 625 sit.
770 564 843 638 Quia

97 657 170 718 enim
183 659 280 717 Petrus
300 678 406 740 sempe
418 656 455 718 ad
467 655 535 731 talos
553 655 772 739 interrogationes
792 657 844 716 ter-

98 770 164 812 vens
173 764 350 833 promusque
361 764 427 828 erat,
435 750 571 814 sonorem
578 751 638 832 ejus
647 748 805 832 praecidens,
817 764 845 811 et

97 841 196 902 doeens
205 863 259 903 non
272 864 329 904 esse
341 843 456 905 ulterius
469 842 671 924 inquirendum,
683 841 724 904 sie
733 862 845 926 respon·

98 935 150 996 dit.
173 939 223 998 25.
243 940 328 998 Extis
350 959 418 1020 ergo
440 958 535 998 semro
552 941 609 999 t'rte
623 938 843 1020 interfiatrrs,

99 1028 128 1089 id
138 1044 187 1109 est,
196 1029 354 1112 discipulos,
368 1032 448 1114 quod
457 1031 510 1092 itte
521 1051 582 1091 uon
591 1033 775 1091 moritum&
784 1050 847 1091 nou

99 1122 176 1182 dixis
196 1125 294 1195 lesus,
312 1124 383 1183 Non
395 1114 537 1197 moritum·
550 1123 613 1197 sed,
632 1123 665 1184 Si
682 1122 846 1183 oolo'ertm

100 1236 220 1276 monere
236 1216 328 1276 donec
345 1219 478 1292 ισιιίιιιι,
492 1216 617 1299 quidad
628 1222 679 1275 te?
696 1216 739 1277 Ns
754 1229 845 1298 putes,

100 1307 200 1387 inquit,
219 1328 264 1368 me
282 1329 336 1369 uno
350 1308 432 1370 modo
450 1323 539 1370 restra
550 1307 716 1391 dispennre
730 1306 789 1369 Hoc
799 1327 847 1368 au·

54 1415 156 1478 ,utem
180 1400 312 1478 faciebat,
332 1416 364 1463 ut
382 1401 601 1483 intempestivum
618 1400 699 1461 illum
720 1414 847 1461 moturum

63 1494 229 1574 tattectum
243 1496 357 1556 teneret.
372 1494 446 1571 Quia
466 1494 538 1555 enim
550 1493 626 1555 orbis
645 1508 779 1555 sarnum
800 1514 848 1554 eu-

100 1607 158 1645 ram
175 1588 326 1670 suscepturi
340 1602 429 1667 erant,
443 1608 496 1649 non
515 1587 553 1648 ita
566 1588 689 1670 oopulari
702 1608 750 1648 eos
768 1606 848 1668 opor·

101 1679 174 1739 tebat
185 1703 193 1738 ε
206 1680 339 1761 alioquin,
358 1702 488 1762 magnum
500 1680 566 1741 bina
580 1682 703 1741 futurum
716 1693 774 1741 erat
787 1679 850 1741 orbi

100 1771 302 1835 detrimentum.
324 1775 508 1851 Quamobrem
534 1774 573 1835 ait
601 1773 643 1835 illi
665 1798 673 1834 t
695 1776 774 1857 Opus
796 1773 849 1835 tibi

102 1867 278 1927 commissum
297 1883 357 1943 est,
371 1868 424 1928 hoo
439 1888 521 1940 eura,
534 1865 586 1927 boe
599 1867 698 1949 portior
708 1911 719 1944 ,
738 1874 849 1948 pugna,

100 1959 217 2019 deoerta.
231 1959 307 2033 Quid
323 1960 395 2020 suim
407 1959 527 2020 sinelim
542 1980 606 2020 eum
618 1956 806 2019 hicmarus?
817 1971 848 2018 tu
902 1978 944 2025 so·
946 1990 1002 2021 anes

101 2051 439 2135 oracurusetprovideas.
456 2043 925 2112 HieanibioonsideresvelimBm
898 2041 980 2150 2:⁸¹?
962 2049 1002 2084 ¹⁸¹⁸

102 2170 184 2227 quarn
204 2148 241 2209 sit
257 2149 422 2229 evangelista
438 2170 455 2209 a
471 2149 543 2209 tatu
559 2146 671 2208 alienus.
683 2147 755 2227 Cum
774 2145 848 2206 enim
857 2116 924 2213 rm:
943 2112 1003 2210 itt·-

102 2239 302 2345 discipulorum
315 2241 469 2322 epimonem
484 2253 630 2317 narrasset,
642 2238 718 2299 ittam
728 2237 910 2320 corrigium·

102 2354 180 2410 quast
175 2331 260 2413 'quid
271 2333 399 2393 Christus
411 2332 512 2393 dixerit
531 2352 585 2392 non
599 2330 800 2392 intellexerint:
812 2329 852 2390 ait

67 2429 86 2476 B
104 2425 194 2502 enirn,
206 2427 276 2486 Non
292 2428 371 2487 dixit
388 2428 486 2501 Jesrts,
499 2426 569 2485 Non
581 2428 725 2496 moritum
736 2423 798 2495 sod,
821 2422 853 2485 Si

104 2538 171 2576 eum
184 2517 256 2577 nolo
271 2540 402 2578 monere.
415 2518 464 2578 tt.
479 2520 539 2579 Hie
551 2529 597 2578 est
608 2514 768 2598 discipulus
787 2515 851 2587 tlte,

106 2614 159 2690 qui
180 2614 377 2671 testimonium
394 2613 526 2691 perhibet
549 2611 587 2669 de
606 2610 669 2683 Itis,
693 2621 723 2669 et
739 2608 855 2688 scripsit

107 2704 186 2773 hoec;
204 2717 232 2764 et
253 2708 361 2764 seimus
383 2708 455 2786 quia
474 2724 572 2765 verum
592 2717 636 2763 est
656 2705 855 2763 testimonium

53 2812 55 2825 ι
107 2797 180 2874 ejus.
195 2796 260 2872 Cur,
276 2795 353 2854 nullo
366 2795 421 2854 alio
435 2793 464 2854 id
477 2808 581 2876 agente,
594 2793 641 2853 bio
653 2793 728 2853 solos
739 2791 854 2867 buerit,

107 2900 134 2945 et
157 2886 308 2946 seeundum
329 2886 365 2946 de
383 2886 472 2971 seipso
495 2885 620 2968 perbibet
641 2884 851 2946 testimonium:

53 3006 55 3016 ν
108 2977 269 3058 videturque
279 2978 453 3039 auditoribus
464 2978 626 3039 ooourrere?
640 2998 695 3057 qua
706 2976 743 3037 de
755 2976 855 3036 causa?

53 3086 58 3097 '
108 3072 216 3132 Dicitur
230 3072 363 3151 ultimus,
377 3074 435 3133 Deo
454 3086 579 3133 movente
588 3118 598 3150 ,
613 3070 753 3154 scripsisse
771 3070 856 3145 :ideo

53 3180 56 3188 ·
109 3165 185 3224 illius
197 3164 370 3225 dilectionem
382 3166 535 3244 frequentet·
545 3165 669 3243 exbibet,
680 3162 857 3227 subindicans
893 3206 898 3213 -

53 3261 56 3285 *
111 3260 214 3338 quade
233 3280 313 3319 eausa
333 3258 369 3320 ad
383 3258 557 3319 scribendum
570 3258 704 3343 impulsus
724 3259 771 3320 sit.
791 3258 857 3319 ideo

53 3376 56 3399 ·
111 3351 139 3411 id
161 3353 315 3430 frequenter
334 3366 484 3429 memorat,
502 3365 534 3411 nt
551 3351 607 3411 fide
625 3348 738 3432 dignam
758 3348 858 3413 reddat

53 3458 56 3467 '
111 3444 311 3523 narrationem,
328 3457 355 3505 et
367 3443 491 3504 ostendat
503 3465 533 3505 se
550 3442 613 3504 inde
625 3457 731 3505 motum
750 3438 859 3504 sd'boo
903 3502 906 3507 .

53 3554 57 3563 '
112 3539 225 3599 venisse.
241 3539 330 3615 Novi,
345 3539 445 3619 inquit,
460 3561 525 3599 vera
537 3560 595 3599 esse
608 3560 670 3619 que
681 3538 769 3599 diets:
782 3536 859 3621 qood

53 3668 55 3685 .
74 3643 92 3689 c
111 3632 134 3691 si
150 3633 230 3692 multi
244 3654 298 3693 non
312 3632 441 3711 credaut,
458 3632 524 3692 ltine
537 3633 604 3714 ipsis
616 3630 784 3694 eredendum
804 3646 854 3691 est.

53 3745 57 3772 t
111 3725 215 3786 Unde?
229 3725 275 3786 Ex
295 3748 326 3786 eo
339 3724 412 3805 quod
425 3725 526 3786 deinde
540 3725 652 3786 dieitur.
670 3726 720 3785 25.
741 3724 816 3787 Sunt
828 3739 857 3785 et

53 3871 55 3887 ‚
111 3819 175 3877 alia
193 3820 298 3892 mrtlta,
315 3840 381 3900 quoe
390 3820 471 3900 jecit
484 3821 592 3878 lesus.-
607 3823 713 3901 quaesi
726 3822 857 3879 scriban-

52 3954 58 3964 .
112 3924 160 3970 tur
170 3933 224 3991 per
242 3913 370 3992 singula,
388 3932 442 3970 nec
459 3915 554 3991 ipsum
572 3914 701 3972 ardinor
715 3912 856 3971 murdrum

53 4069 57 4094 ,
111 4027 214 4085 capere
222 4026 281 4078 eos,
292 4009 344 4084 qui
352 4005 498 4064 scribendi
509 4018 587 4080 sunt,
597 4005 695 4066 libros.
705 4003 788 4065 Unde
793 4026 856 4065 oon·

52 4149 57 4181 ,
110 4111 171 4173 stat,
180 4119 224 4157 me
233 4118 287 4156 non
298 4097 333 4156 ad
345 4096 460 4177 gratiam
472 4095 617 4175 loquntom
627 4117 693 4157 esse.
704 4096 761 4170 Qui
771 4096 855 4173 enim,

111 4210 174 4248 cum
187 4203 226 4249 tot
240 4189 296 4249 dici
309 4189 433 4272 possint,
449 4211 483 4249 ne
501 4203 574 4248 tanta
591 4189 704 4268 quidem
716 4188 854 4263 dixerim,

53 4272 56 4294 '
111 4295 210 4360 quanta
228 4281 339 4362 reliqui,
358 4281 407 4342 sed
430 4283 529 4342 horum
549 4280 666 4362 plurima
682 4281 858 4363 praetatnbe·

53 4374 57 4399 '
111 4374 183 4453 rim,
207 4374 332 4437 Juda'ieis
354 4397 418 4436 vero
439 4375 467 4434 in
484 4373 604 4433 medinm
627 4373 717 4433 allatis
738 4372 856 4481 insidiis,

53 4420 335 4573 'lapidationibos,
351 4467 434 4544 odiis,
449 4465 619 4528 contumeliis
622 4466 859 4545 ,oonviciisnan

112 4561 230 4620 faverim
241 4558 377 4640 quomodo
389 4513 469 4637 iilitm
487 4560 684 4621 demoniacum
695 4574 722 4620 et
734 4560 860 4644 deoepto

53 4665 58 4673 '
115 4677 172 4714 rem
186 4669 332 4730 vocarent,
348 4654 440 4735 palam
452 4668 493 4714 est
508 4676 618 4715 menon
630 4653 668 4714 ad
684 4654 801 4735 gratiam
819 4654 860 4715 lo·

53 4756 61 4789 t
79 4735 97 4780 ὓ
116 4762 232 4827 quntum
242 4769 306 4806 esse.
317 4748 387 4806 Nam
400 4746 449 4825 qui
459 4744 491 4807 sd
504 4747 620 4826 gratiam
634 4747 709 4827 loqui
722 4747 860 4821 voluisset,

53 4857 62 4892 >
116 4839 280 4900 contrarium
293 4840 379 4898 facere
391 4839 549 4919 oportebat,
563 4839 693 4920 probrosa
713 4841 858 4918 ooeultare,

53 4552 60 4588 i

102 5074 160 5118 θεοῦ.
173 5062 222 5114 diii
236 5079 293 5113 cum
303 5060 380 5114 Sunii.
394 5046 434 5118 roi
443 5070 544 5133 χριστοῦ.

135 5145 149 5184 b
166 5141 213 5193 Alii
224 5150 340 5209 μέμνηται
354 5147 423 5202 αὐτῆς
434 5151 508 5205 ἀξιόπ-

136 5234 144 5253 ‘
164 5220 209 5273 Alii
221 5227 370 5277 rrtrrsisusra.
