3750 5940
50 471 57 486 .
84 442 189 490 cxxv.
216 417 263 489 ul.
292 442 409 493 cxxiv.
767 412 837 506 507

51 578 186 643 mturum
195 586 257 625 esse.
275 565 379 625 Deinde
388 587 420 624 ne
433 565 580 635 tristentur,
595 563 632 622 ait
642 587 648 619 z
658 565 749 622 Donec
764 558 837 639 apud

61 656 154 716 tiltos
170 656 227 737 ipse
248 658 387 733 manserit,
411 678 460 716 nec
483 655 602 738 Spiritus
627 653 740 725 venerit,
768 650 838 710 nibil

94 770 223 828 magnum
237 750 282 811 rel
297 749 413 809 subbme
434 762 561 830 poterunt
585 747 743 826 intelligere.
773 744 838 803 ttaee

95 863 175 920 porro
188 841 255 901 dicit
266 842 327 902 illos
341 862 494 923 preparans
508 854 539 899 ut
552 861 683 901 secessum
697 860 778 898 suum
793 857 839 916 ge·

98 954 188 991 nerose
198 934 296 1010 lerant,
309 947 402 1014 utpote
415 933 462 1013 qui
472 955 569 1013 magna
579 933 645 1014 ipsis
660 931 731 991 bona
746 929 838 991 couci·

96 1024 212 1083 licturus
225 1040 302 1084 esset.
319 1027 480 1105 Frequenter
493 1048 557 1086 vero
570 1024 739 1085 Paracletum
753 1037 841 1098 vocat,

97 1116 133 1174 ob
144 1138 286 1191 aerumnas,
295 1119 394 1197 quibus
408 1132 472 1177 tunc
482 1119 682 1197 affligebantur.
697 1116 769 1187 Quia
784 1115 842 1194 igi-

98 1222 142 1267 tur
157 1209 199 1268 bis
209 1210 309 1270 auditis
320 1212 509 1285 turbabantur,
530 1211 677 1290 cogitantes
694 1208 841 1283 molestias,

99 1303 169 1361 bella
180 1316 205 1362 et
218 1325 351 1363 secessum
363 1306 431 1385 ejus,
444 1305 509 1364 vide
533 1302 669 1383 quomodo
689 1302 752 1361 illos
777 1301 845 1361 sole-

100 1410 144 1454 tur
158 1397 258 1456 iterum
272 1397 365 1456 dicens
375 1421 381 1455 :
393 1400 443 1456 bi.
461 1400 570 1456 Pacem
588 1398 723 1478 relinquo
738 1398 843 1454 vobis:

100 1508 130 1545 ac
142 1487 165 1546 si
182 1486 295 1561 diceret,
310 1488 386 1560 Quid
399 1488 491 1549 damni
504 1488 583 1549 vobis
598 1487 648 1547 erit
663 1510 680 1547 a
704 1486 847 1568 perturba·

101 1579 219 1639 tionibus
229 1581 336 1656 mundi,
347 1582 370 1640 si
382 1602 476 1662 pacem
488 1603 594 1641 mecum
605 1581 745 1640 babeatis?
755 1582 848 1659 Neque

102 1671 178 1730 cuim
192 1673 254 1732 talis
265 1673 324 1733 baec
335 1695 392 1754 pax
406 1689 453 1732 est.
465 1673 583 1734 Externa
599 1695 653 1754 pax
666 1673 739 1733 enim
758 1674 848 1753 perui-

101 1764 173 1823 ciosa
188 1787 257 1848 saepe
271 1779 350 1826 estet
366 1766 481 1844 inutilis,
496 1767 621 1846 nihilque
644 1766 754 1849 prodest
776 1791 782 1824 ε
798 1787 848 1845 ego

69 1855 86 1900 Β
103 1882 167 1921 vero
180 1860 262 1920 talem
272 1862 350 1923 vobis
364 1861 401 1922 do
411 1884 517 1943 pacem,
529 1875 560 1920 ut
571 1862 647 1922 illam
660 1874 755 1921 mutuo
763 1882 851 1921 serve·

71 1974 75 1984 ¹
104 1954 148 2029 tis,
163 1953 296 2034 quodvos
311 1955 433 2015 lortiores
457 1955 563 2015 efficiet.
583 1952 638 2015 Sed
656 1955 722 2033 quia
741 1976 852 2015 rursum

104 2045 221 2121 dixerat,
233 2049 390 2129 Relinque,
404 2045 478 2126 quod
492 2045 635 2106 residentis
655 2060 721 2121 erat,
737 2046 853 2125 illosque

105 2140 214 2199 turbare
228 2154 342 2221 poterat,
355 2139 417 2199 ideo
429 2161 538 2200 rursum
558 2139 596 2199 ait
612 2163 619 2197 ε
635 2142 705 2199 Non
722 2143 855 2200 turbetur

107 2252 157 2290 cor
170 2244 311 2304 nestrum,
332 2253 425 2313 neque
440 2232 598 2314 formidet.
618 2229 718 2294 Viden’
732 2251 779 2290 eos
792 2252 856 2312 per-

107 2323 156 2381 tim
166 2344 266 2401 amore,
279 2324 380 2404 partim
390 2337 463 2383 metu
475 2323 598 2383 turbatos
611 2323 686 2384 esse?
696 2322 745 2384 28.
757 2322 857 2384 Audi·

108 2418 160 2474 stis
177 2419 249 2496 quic
265 2417 390 2496 egodici
404 2419 500 2488 nobis,
517 2416 600 2475 Vade
613 2417 655 2474 ad
670 2417 805 2488 Patrem,
827 2429 856 2475 et

109 2512 198 2567 venio
209 2510 321 2569 advos.
336 2510 367 2569 Si
379 2510 539 2589 diligeretis
559 2530 616 2586 me,
623 2510 791 2589 gauderetis
800 2513 858 2569 uti·

109 2621 177 2680 que,
192 2605 264 2680 quia
275 2601 407 2660 uadocd
415 2603 537 2659 Patrem
550 2604 640 2681 :quia
656 2603 749 2660 Pater
762 2605 859 2682 major

111 2707 214 2753 meest.
226 2694 262 2752 Et
270 2694 343 2773 quod
352 2693 541 2773 gaudiumboc
551 2693 617 2774 ipsis
625 2693 772 2753 allaturum
779 2696 857 2754 erat?

111 2809 194 2867 quam
215 2787 443 2847 consolationem?

58 2941 59 2948 χ
151 2884 179 2939 i.
193 2880 268 2953 Quid
278 2879 331 2938 sibi
344 2880 403 2940 vult
413 2880 465 2938 hoc
476 2877 606 2938 dictum?
621 2878 765 2940 Nihildum
777 2901 858 2942 nove·

75 2987 93 3034 c
112 2988 172 3032 rant
184 3034 187 3039 ,
199 2974 234 3033 de
256 2974 463 3048 resurrectione,
488 2994 573 3051 neque
590 2972 626 3032 de
647 2973 756 3034 Cbristo
782 2996 857 3051 eam,

111 3088 192 3144 quarn
215 3089 265 3146 par
283 3081 355 3138 erat,
371 3065 524 3145 opinionem
537 3065 672 3125 habebant
683 3090 689 3122 :
702 3072 712 3140 (
724 3067 860 3145 quomodo

111 3161 183 3217 enim
198 3159 367 3233 habuissent,
387 3159 434 3237 qui
456 3179 489 3218 ne
503 3158 623 3217 sciebant
636 3158 747 3238 quidem
767 3160 859 3242 ipsum

111 3273 168 3311 esse
180 3251 416 3310 resurrecturum?
430 3256 440 3325 )
453 3253 560 3310 Patrem
581 3271 646 3310 vero
660 3272 790 3332 magnum
803 3275 859 3314 esse

110 3344 253 3424 putabant.
272 3343 344 3401 Dicit
360 3363 441 3422 ergo:
454 3343 483 3402 Si
498 3343 566 3402 mibi
583 3343 699 3420 timetis,
713 3346 789 3424 quasi
804 3367 858 3406 non

111 3437 215 3495 valeam
226 3457 269 3494 me
283 3434 365 3509 tueri,
380 3455 464 3513 neque
475 3435 612 3495 confiditis
620 3457 663 3495 tue
674 3451 736 3518 post
751 3459 859 3499 crucem

110 3550 126 3586 a
141 3529 220 3588 vobis
231 3550 307 3608 posse
322 3526 410 3586 videri
417 3551 426 3604 5
439 3541 527 3587 tamen
540 3528 679 3588 audientes
693 3551 737 3588 me
750 3529 785 3590 ad
798 3531 857 3590 Pa·

111 3636 179 3682 trem
192 3623 245 3695 ire,
261 3621 377 3701 gaudere
399 3621 507 3681 tandem
521 3621 654 3702 oportuit,
673 3623 738 3701 quia
751 3621 786 3683 ad
800 3646 857 3684 ma-

107 3716 195 3796 jorem
209 3715 293 3791 vado,
312 3715 454 3793 omniaque
474 3715 543 3773 mala
565 3716 634 3774 solvi
659 3731 780 3796 possunt.
800 3721 858 3777 Vos

112 3809 253 3878 audistis,
271 3811 341 3887 quia
357 3827 408 3886 ego
426 3808 489 3864 diri
506 3809 585 3864 vobi.
602 3807 658 3864 Cur
672 3807 722 3866 boc
737 3807 856 3888 adjecit?

112 3902 152 3957 lta
164 3899 245 3977 gestis
258 3899 338 3956 rebus
350 3896 473 3972 consido,
486 3897 573 3976 inquit
583 3942 591 3972 ,
603 3912 634 3956 ut
644 3898 789 3978 predicere
802 3921 855 3960 nou

112 4014 213 4051 verear.
232 3994 281 4052 29.
296 3992 353 4049 lloc
370 4011 448 4068 ergo,
472 4005 498 4049 et
515 4013 574 4068 quae
590 3993 678 4049 sutura
693 4006 768 4070 sunt,
781 3995 856 4053 Dixi

76 4117 95 4163 Β
113 4090 198 4144 vobis
207 4089 378 4164 priusquam
382 4085 467 4164 fiant
475 4129 483 4156 ,
502 4097 532 4142 ut
548 4086 852 4166 cumsactasuerint,

113 4180 237 4237 credatis
249 4222 258 4248 ,
277 4176 339 4254 quia
355 4196 404 4253 ego
418 4197 477 4232 sum
491 4199 497 4230 ι
509 4197 539 4233 ac
554 4175 575 4233 si
587 4175 687 4236 diceret
700 4201 706 4234 :
719 4179 792 4237 Num
804 4179 856 4240 sci-

113 4271 188 4343 retis,
202 4269 251 4326 nisi
263 4289 312 4346 ego
323 4267 459 4325 dicerem?
472 4287 555 4345 neque
564 4267 698 4340 dicerem,
713 4269 765 4330 nisi
775 4272 857 4330 conli-

111 4363 210 4420 derem.
227 4359 326 4420 Viden’
338 4380 486 4417 sermonem
495 4358 649 4419 auditorum
660 4361 750 4444 captui
761 4376 856 4423 attem-

112 4453 258 4536 peratum?
273 4453 342 4510 Nam
365 4472 427 4508 curn
446 4450 531 4525 dicit,
547 4454 685 4525 Putatis,
702 4459 774 4534 quic
797 4477 857 4515 nou
866 4485 952 4530 mm„
968 4483 1005 4530 ,6,

111 4567 227 4628 possum
242 4566 344 4624 rogare
353 4545 492 4615 Patrem,
506 4557 534 4602 et
544 4547 691 4606 exhibebit
701 4551 776 4608 milti
785 4551 856 4609 dcto·
866 4546 906 4596 ⁵³·

113 4642 207 4697 decim
223 4637 350 4716 legiones
373 4636 563 4715 arigelorum?
587 4636 735 4699 secuudum
750 4639 857 4701 audito-

114 4755 175 4791 rum
198 4729 351 4811 opinionem
368 4730 497 4806 loquutus
519 4744 568 4788 cst.
596 4733 681 4791 b'emo
705 4733 791 4807 euim,
808 4736 858 4794 etsi

116 4824 231 4884 insaniat
237 4867 246 4899 ,
256 4822 358 4880 dixerit
368 4843 429 4879 eum
440 4842 492 4880 non
503 4823 620 4902 potuisse
629 4824 680 4883 sibi
690 4827 858 4905 operuimus,

117 4918 163 4977 sed
173 4915 275 4993 angelis
289 4936 357 4995 opus
368 4913 495 4972 babuisse
508 4938 514 4970 :
527 4936 621 4975 verum
635 4916 699 4994 quia
712 4917 791 4975 illurn
804 4937 861 4977 esse

117 5009 252 5068 bornincrn
263 5005 393 5087 putabant
403 5051 411 5080 ,
423 5004 482 5064 ideo
496 5004 582 5080 dixit,
597 5009 756 5066 Duodecim
769 5009 860 5089 legio-

136 5194 149 5231 b
163 5186 273 5252 Quidam
287 5194 374 5241 ἑαιτοῢ.

690 5266 729 5322 54
