3750 5940
58 452 90 501 u.
119 450 213 500 uxta.
241 426 286 500 ol.
316 451 432 501 nxvut.
779 428 851 528 469

104 575 249 654 eredimus,
260 575 289 635 in
300 591 326 637 te
338 598 389 637 non
400 574 543 636 oredimus.
554 577 624 637 Nam
636 574 851 637 infirmioresad·

67 676 86 724 Β
103 667 157 728 hue
170 681 254 728 eant.
271 669 426 752 Discipulos
440 668 511 729 enim
525 667 664 748 alloquens
677 668 716 728 sic
729 667 848 741 dicebat,

104 761 229 820 Creditis
243 765 275 821 in
289 762 395 835 Deum,
408 774 437 822 et
447 766 480 822 in
493 782 539 821 me
555 763 673 821 credite.
690 761 746 821 llos
758 774 849 820 autem
858 780 925 825 toan.
939 779 972 837 rt.
981 794 1000 828 ι,

103 874 166 912 eum
180 853 341 914 infirmiores
361 853 396 914 ad
412 854 471 915 haee
491 852 626 915 audienda
640 853 758 931 videret,
771 853 851 914 aliter

103 945 228 1006 instituit.
250 946 376 1007 Ostendit
388 968 452 1028 ergo
465 967 518 1007 non
531 968 610 1029 posse
623 947 650 1006 in
665 947 772 1007 Patrem
792 968 850 1007 oro-

103 1040 167 1099 dere
183 1062 245 1117 eos,
258 1042 306 1120 qui
326 1063 380 1101 non
399 1042 427 1101 in
445 1063 473 1101 se
491 1041 609 1101 credam.
629 1040 667 1100 Et
681 1061 715 1101 ne
730 1054 808 1122 putes
820 1040 850 1101 id

104 1128 180 1208 quusi
195 1129 229 1189 de
241 1129 349 1190 homine
356 1130 428 1206 dici,
438 1129 530 1191 subdit
543 1129 609 1190 =t5.
626 1131 685 1209 Qui
695 1130 778 1190 uidet
791 1150 847 1203 me,

104 1224 187 1282 videt
200 1245 266 1285 eum
278 1228 329 1306 qui
345 1228 424 1286 misit
444 1245 500 1284 me.
517 1221 592 1296 Quid
607 1223 693 1304 ergo?
704 1242 739 1282 an
753 1243 851 1304 corpus

104 1317 531 1381 ostDeusildinimeNisionem
541 1316 642 1399 quippe
651 1315 794 1377 mentalem
804 1315 852 1376 hie

104 1409 249 1489 significat,
275 1424 301 1470 et
322 1409 386 1469 ltine
411 1408 715 1470 oonsultstantialitatem
739 1406 851 1467 demon·

104 1513 179 1560 strat.
196 1500 232 1560 Et
242 1501 310 1581 quid
322 1502 375 1561 sibi
389 1503 449 1563 vult
463 1500 545 1577 illud,
563 1503 622 1580 Qui
633 1502 726 1560 eredit
739 1504 772 1559 im
784 1507 852 1560 me?

105 1597 145 1652 Ac
159 1593 182 1652 si
197 1593 258 1672 quis
275 1593 387 1672 diceres,
403 1594 458 1667 Qui
478 1613 576 1673 aquam
589 1592 624 1652 de
634 1591 746 1653 llumine
761 1592 852 1667 tollit,

107 1685 208 1744 nonde
222 1687 345 1764 llumine,
363 1687 411 1747 sod
426 1686 461 1746 de
480 1687 554 1745 t'onte
569 1684 674 1766 ancipit.
693 1687 753 1745 ltno
770 1684 850 1744 iustr-

70 1789 88 1838 c
105 1777 176 1836 mius
206 1778 258 1838 hoc
284 1779 439 1860 exemplum
459 1791 498 1838 est
526 1777 561 1837 ad
593 1799 651 1837 rem
676 1777 850 1859 propositam.

105 1871 155 1930 to.
168 1873 234 1951 Ego
248 1871 302 1930 lux
314 1875 347 1929 in
361 1872 501 1931 mundum
515 1873 596 1929 veni.
608 1870 679 1930 Cutn
688 1869 760 1929 enim
772 1870 853 1929 Pater

105 1978 131 2023 et
144 1965 173 2023 in
189 1965 272 2024 veteri
284 1977 311 2024 et
324 1965 353 2023 in
367 1986 437 2026 nora
454 1964 514 2044 lege
527 1964 566 2023 sic
582 1963 745 2045 appelletur,
759 1977 786 2023 et
799 1963 852 2024 ltoe

105 2055 163 2136 ipse
186 2070 278 2116 utatur
297 2057 419 2132 nomine,
443 2054 504 2116 ideo
527 2055 630 2115 Paulus
649 2054 714 2115 hine
739 2054 851 2116 edoctus
861 2068 931 2119 itote.
947 2083 965 2115 ι.
977 2073 1002 2117 3,

105 2147 275 2229 splendorem
289 2162 368 2208 vocat
383 2148 471 2208 illum.
486 2148 602 2207 Multam
616 2160 687 2207 oerte
698 2168 762 2207 eum
772 2149 852 2210 Patre

104 2240 263 2301 allinitatem
277 2241 323 2299 hic
332 2239 459 2317 ostendit,
475 2239 530 2299 imo
541 2238 645 2298 nullam
654 2238 851 2300 differentiam:

105 2357 168 2395 nam
188 2335 271 2394 fidem
290 2335 368 2412 inse,
384 2333 528 2410 noninse,
542 2331 631 2392 sedin
645 2331 725 2391 illum
739 2333 853 2393 transire

104 2427 183 2486 dicit.
199 2428 299 2486 Lucem
313 2447 394 2507 porro
407 2447 435 2486 se
444 2425 563 2500 vocavit,
576 2424 649 2503 quod
662 2424 699 2484 ab
716 2446 806 2485 errore
820 2426 852 2486 li-

106 2519 191 2596 beret,
207 2532 233 2578 et
245 2518 320 2597 quod
342 2517 496 2600 spirituales
518 2517 606 2577 solvat
623 2517 754 2578 tenebras.
764 2517 813 2576 il.
824 2518 855 2579 Si

108 2615 173 2691 quis
189 2631 310 2669 menon
331 2611 470 2684 audierit,
494 2629 547 2690 ego
567 2628 626 2667 nott
637 2609 740 2690 judico
756 2608 852 2668 illum.

109 2704 178 2760 ll'on
195 2706 273 2760 enim
293 2703 366 2760 oeni
386 2713 418 2759 ut
435 2701 567 2780 judicem
588 2701 740 2773 mundum,
755 2702 809 2761 sed
821 2713 855 2762 ttt

73 2807 93 2855 1)
108 2795 271 2876 salvificem
286 2794 437 2852 mundum.
453 2793 494 2851 Ne
507 2804 632 2872 putarent
651 2792 725 2851 euim
744 2814 772 2852 se
791 2813 855 2873 pro-

109 2900 169 2968 pter
187 2886 372 2945 infirmitatem
388 2897 563 2943 oontemtores
580 2882 725 2962 dimisisse,
738 2884 800 2945 ideo
811 2883 855 2943 di·

110 2978 151 3037 xit
167 3002 172 3034 :
188 2980 256 3037 Non
271 2980 342 3037 ueni
355 2989 387 3036 ut
397 2977 527 3058 judicent
546 2975 697 3035 mundum.

150 3439 177 3496 2.
193 3434 297 3495 Deinde
311 3436 417 3497 nehinc
430 3436 565 3516 segniores
575 3437 642 3498 fiant
646 3486 656 3519 ,
669 3437 742 3520 quod
754 3439 856 3503 didice-

109 3530 162 3587 rint
174 3549 235 3588 eum
244 3528 292 3607 qui
301 3528 388 3589 crodit
404 3530 512 3589 salvum
524 3530 598 3607 steri,
612 3531 694 3611 etqui
708 3552 761 3592 non
771 3533 856 3592 credit

108 3621 214 3702 puniri,
242 3620 305 3681 vide
324 3644 406 3701 quarn
430 3623 634 3683 formidolosum
660 3625 715 3685 illis
738 3625 857 3685 tribunal

108 3714 240 3791 minetur,
262 3736 324 3773 cum
343 3715 516 3795 adjicitsili.
541 3719 600 3793 Qui
621 3737 666 3775 me
685 3722 812 3796 spernit,
827 3729 856 3775 et

73 3821 91 3868 E
110 3826 169 3863 non
179 3809 286 3886 accipit
299 3810 393 3866 uerba
403 3828 482 3880 meo,
497 3809 585 3866 habet
596 3812 648 3888 qui
653 3809 765 3889 judicet
777 3828 853 3866 eum

108 3896 137 3956 Si
157 3910 232 3976 patet·
247 3898 380 3956 neminem
391 3898 513 3979 judicat,
537 3911 563 3957 et
584 3911 613 3957 tu
632 3919 685 3956 non
708 3897 805 3957 venisti
826 3911 857 3956 ut

105 3988 211 4068 judices
230 3989 381 4067 mundum,
402 3990 464 4068 quis
481 3990 561 4063 illurn
581 3987 735 4069 judicabit?
755 3991 856 4050 Sermo

109 4102 193 4160 quem
220 4082 359 4160 loquutus
389 4102 473 4153 sum,
500 4085 561 4160 ipse
581 4081 729 4161 judicabit
756 4081 853 4140 illum.

109 4174 182 4248 Quia
201 4174 273 4233 euim
293 4172 419 4232 dicebant
438 4173 519 4232 illum
532 4192 586 4231 non
603 4192 638 4231 ex
656 4173 714 4231 Doo
730 4193 801 4247 esse,
816 4173 856 4232 sic

107 4267 234 4345 loquutus
252 4278 310 4340 est,
324 4278 354 4322 ut
369 4264 486 4324 declaret
499 4261 572 4342 quod
583 4276 648 4323 tune
659 4284 713 4324 non
730 4277 857 4345 poterunt

109 4370 233 4439 poterunt
247 4357 303 4415 lunc
313 4357 417 4432 dicere;
432 4354 488 4428 sed,
496 4353 588 4417 Verba
598 4376 658 4433 quae
673 4375 745 4415 nune
760 4354 856 4435 loquu-

65 4506 101 4544 ΜΟ
109 4464 151 4508 tus
166 4470 243 4523 sum,
257 4446 419 4506 accusatoris
433 4445 520 4505 vicem
532 4458 626 4524 agent,
648 4445 695 4524 qui
713 4445 777 4506 illos
793 4467 855 4506 oon·

72 4564 91 4605 A
109 4541 214 4614 vincet,
226 4552 251 4598 et
261 4559 369 4597 omnem
378 4536 541 4596 defensionis
551 4534 664 4596 modurn
670 4535 781 4598 adimet.
791 4539 856 4599 Ser-

109 4655 156 4692 mo
170 4653 256 4713 quem
272 4632 409 4711 loquutus
424 4650 499 4691 sum.
514 4629 585 4701 Quis
598 4630 759 4691 sermolii).
772 4632 858 4710 Quod

109 4749 128 4785 u
149 4729 272 4804 meipso
298 4743 357 4780 non
378 4726 529 4795 venerim,
554 4726 626 4804 quia
645 4727 698 4803 qui
718 4727 797 4784 misit
812 4745 857 4783 me

110 4823 215 4890 Pater,
232 4816 284 4874 ilie
295 4815 374 4873 dedit
389 4814 462 4872 milti
475 4814 648 4873 mandatum
661 4815 735 4895 quid
742 4815 853 4886 dicam,

128 5019 140 5056 l>
153 5012 240 5080 [Sauli.
252 5022 277 5061 et
288 5008 371 5060 codd.
385 5010 465 5059 nostri
483 5019 549 5062 seiri
566 5033 632 5081 pust,
643 5015 678 5062 ist
688 5014 712 5061 οὐ
724 5020 777 5061 τότε
792 5006 857 5072 (utt’

96 5104 119 5149 ei
132 5106 183 5148 sire
195 5090 259 5142 Cod.
275 5092 341 5153 7093
354 5096 389 5142 ὅτι
401 5094 452 5142 ttt‘
465 5095 489 5142 oi
500 5101 552 5143 siet
567 5087 631 5139 Cod.
649 5084 710 5153 705)
719 5090 857 5146 imoensis.

96 5173 188 5223 Aberat
197 5183 249 5224 ster
260 5170 286 5218 in
298 5165 401 5235 ilenti]

130 5267 139 5291 ¹
152 5247 238 5302 llorel.
253 5257 345 5302 sortire
358 5253 421 5314 ἔργα.
