3750 5940
67 493 221 543 numen.
247 469 296 542 al.
324 493 462 544 cxxxvi.
806 471 876 572 593
902 550 905 555 ,

56 643 67 686 ς
121 616 307 678 resurrexisse.
320 616 385 678 ldeo
400 616 547 678 resurrexit
565 617 641 698 signa
654 618 743 681 crucis
757 618 871 698 habene

60 757 66 770 .
119 722 146 768 ct
169 707 232 773 ideo
252 707 406 768 manducat.
428 708 552 790 Apostoli
573 707 675 791 quippe
691 709 743 770 boc
762 709 872 792 signum

57 803 67 862 i
84 812 103 858 1>
119 820 280 882 magnopere
303 799 490 881 predicabant
513 798 633 861 dieentes
648 825 655 860 ε
673 802 732 881 Qui
751 823 820 867 cum
834 816 1021 880 coacescat.

57 897 67 955 i
119 892 209 952 simui
227 893 470 953 manducavimus
483 905 511 954 et
525 896 660 955 bibimus.
682 894 869 968 Quemadmo-

59 1013 65 1025 ·
118 982 187 1043 dum
197 1005 273 1064 ergo,
284 1005 347 1044 cum
360 984 441 1045 illum
455 998 517 1046 ante
530 1006 638 1046 crumm
652 985 778 1048 videmus
787 1008 871 1070 supra
879 1000 967 1047 narrt.
984 996 1020 1062 ¹4·

57 1104 66 1140 >
119 1073 218 1135 fluctus
227 1075 422 1155 ambulantem,
438 1097 492 1137 non
505 1074 624 1137 dicimus
635 1090 734 1160 carptus
747 1077 818 1139 illud
831 1079 871 1159 al·
880 1063 926 1111 ²⁵·

57 1177 66 1232 i
119 1162 201 1222 terius
210 1184 267 1224 esse
278 1177 392 1241 nature,
410 1164 459 1225 sed
474 1178 570 1226 nesure
587 1189 594 1223 ε
608 1165 659 1244 sic,
679 1187 742 1227 eum
754 1180 818 1251 post
828 1187 871 1228 re·

57 1299 65 1308 .
118 1255 310 1315 surrectionem
326 1254 405 1316 illum
418 1255 543 1318 videmus
561 1255 698 1318 cicatrices
712 1257 869 1340 habentem,

58 1381 64 1412 ,
119 1365 171 1404 non
182 1344 243 1406 ideo
258 1346 462 1428 corruptibilem
477 1347 608 1409 dicemus.
623 1351 737 1432 Propter
749 1349 871 1434 discipu·

58 1473 64 1506 ,
117 1435 178 1497 lum
187 1438 261 1498 enim
276 1438 305 1499 id
319 1439 479 1501 ostenditur.
495 1443 544 1502 50.
559 1442 660 1502 Multa
671 1463 743 1503 erem
754 1443 818 1504 alia
831 1447 871 1505 si·

58 1565 64 1599 ι
116 1554 178 1613 gno
190 1536 270 1616 serit
289 1535 388 1595 lesus.
402 1533 473 1593 Cum
488 1532 562 1593 enim
583 1532 713 1615 pauciora
726 1555 808 1615 pram
821 1535 871 1598 alii

58 1636 64 1690 i
117 1624 163 1685 hic
175 1626 340 1707 evangelista
351 1639 494 1704 narrasset,
508 1623 587 1702 dicit,
596 1646 682 1706 neque
694 1626 763 1688 elios
776 1649 869 1689 omnes

58 1749 62 1772 t
81 1737 100 1785 r
116 1718 207 1778 omnia
215 1719 389 1795 recensuisse,
403 1717 450 1778 sed
460 1732 560 1798 quanta
571 1739 640 1800 opus
652 1731 731 1797 emet,
744 1733 776 1780 ut
787 1719 868 1781 audi-

59 1842 63 1876 ι
116 1826 186 1872 tores
203 1812 239 1873 ed
255 1812 340 1873 fidem
351 1811 545 1894 pertraherent.
560 1813 632 1872 Nam
644 1812 677 1873 Si
689 1816 799 1890 omnia,
817 1813 865 1874 in·
873 1833 943 1881 10...
961 1847 1001 1882 ιι,

59 1936 62 1968 ι
116 1901 185 1983 quit,
200 1907 405 1978 scriberentur,
418 1924 471 1963 nec
480 1908 575 1984 ipsum
585 1907 714 1964 arbitror
724 1905 865 1967 mundum
874 1895 914 1945 ²⁵·

59 2053 61 2065 ,
115 2016 218 2078 capere
227 2018 286 2071 eos,
302 2000 355 2080 qui
367 1997 517 2058 scribendi
529 2009 608 2070 suat,
623 1996 723 2057 libros.

60 2227 61 2232 η
153 2186 181 2242 9.
203 2183 284 2245 Unde
296 2181 388 2265 palam
404 2194 445 2244 est
457 2203 502 2244 eos
515 2179 865 2263 nonjactantiae,sedutili·

68 2330 103 2370 ΒΗ
113 2277 176 2337 tatis
189 2299 270 2338 causa
280 2276 340 2338 hac
350 2277 498 2361 scripsisse.
511 2266 649 2352 Quicnim
663 2275 865 2361 plurapraeten

77 2386 97 2432 Α
112 2369 253 2449 miserunt,
271 2370 407 2450 quomodo
422 2370 480 2431 baec
491 2368 628 2452 jactantia
650 2390 731 2430 causa
743 2370 866 2455 scripsis-

110 2464 243 2524 sende
251 2463 337 2544 igitur
345 2484 398 2524 non
406 2461 497 2524 omnia
507 2461 794 2523 narrarunti'ldaxime
800 2485 865 2546 pro·

109 2569 170 2636 pter
182 2553 385 2615 multitudinem
389 2578 399 2634 3
410 2553 509 2615 deinde
521 2553 573 2613 hoc
581 2574 689 2634 quoque
696 2554 863 2637 cogitabant,

108 2669 170 2706 eum
179 2647 226 2727 qui
236 2647 317 2708 dictis
326 2668 379 2708 non
393 2645 523 2722 crederet,
536 2666 586 2706 nee
592 2646 614 2706 si
620 2646 699 2728 plura
707 2645 863 2709 dicerentur

108 2739 277 2801 crediturum
290 2740 387 2817 fuisse3
400 2739 480 2800 illum
495 2761 560 2801 vero
573 2739 622 2818 qui
634 2738 693 2800 bac
709 2739 862 2821 admiserit,

108 2853 161 2892 nou
171 2832 225 2892 alio
236 2854 304 2915 opus
313 2832 413 2892 habere
423 2829 459 2891 ad
469 2830 552 2890 fidem
561 2830 725 2891 habendam.
735 2832 808 2893 ldibi
815 2856 862 2893 au-

108 2944 162 2989 tem
173 2924 220 2985 bic
229 2924 337 2984 videtur
352 2924 387 2985 de
404 2923 490 3003 signis
503 2936 565 3005 post
587 2923 808 2984 resurrectionem
821 2925 861 2986 lo-

108 3015 157 3094 qui
173 3040 179 3073 ι
194 3016 255 3076 ideo
263 3016 302 3076 ait
315 3040 322 3073 :
335 3019 374 3075 In
389 3028 545 3096 compertu
565 3015 777 3096 discipulorum
785 3021 859 3100 ejus.
902 3074 912 3087 ,

107 3106 184 3168 Sicut
200 3107 273 3167 enim
285 3121 347 3168 ante
367 3105 588 3167 resurrectionem
605 3106 691 3166 multa
714 3110 863 3172 necessaria

107 3199 369 3277 erancutcrederent
379 3198 862 3286 ipsumesseFiliumDeizsicetpost

106 3294 336 3366 resurrectionem,
353 3305 383 3352 ut
395 3312 553 3374 persuasum
568 3289 698 3352 baberent
714 3293 805 3377 ipsum
818 3318 861 3357 re·

69 3413 86 3460 B
106 3384 263 3446 surrexisse.
276 3383 340 3444 Ideo
353 3382 477 3444 addidit:
492 3386 531 3443 [rr
541 3397 695 3464 compertu
704 3386 861 3467 discipulo

107 3499 172 3537 rum
184 3482 257 3560 ejus,
270 3476 336 3555 quia
355 3498 419 3536 cum
438 3475 495 3536 illis
511 3488 616 3535 tantum
632 3490 755 3538 versatus
771 3478 860 3540 luerat

104 3583 165 3650 post
181 3567 412 3629 resurrectionem.
433 3566 498 3627 ldeo
516 3565 645 3628 dicebat:
663 3570 794 3630 Mundus
815 3592 861 3631 me

99 3667 166 3744 jam
186 3684 246 3723 non
264 3663 358 3722 videt.
378 3660 485 3721 Deinde
503 3674 534 3720 ut
550 3659 639 3720 discas
661 3659 860 3744 discipulorum

105 3769 210 3814 tautum
225 3776 305 3814 carisa
315 3752 374 3814 haec
387 3753 457 3814 lacta
471 3752 563 3828 luisse,
581 3752 709 3815 subdidit
727 3778 733 3812 ι
748 3756 798 3814 ot.
819 3759 859 3817 Ut

104 3863 132 3911 et
142 3850 291 3910 credentes
299 3853 397 3908 uitam
404 3861 545 3908 eternam
554 3848 691 3907 babeatis
698 3853 732 3908 irs
740 3855 858 3912 nomine

106 3946 178 4023 ejus,
193 3940 351 4021 generaliter
368 3953 492 4000 naturam
511 3939 662 4018 alloquens,
680 3952 706 3999 et
722 3952 752 3999 ut
765 3955 855 4002 osten·

105 4034 163 4111 dat,
179 4055 232 4093 non
246 4033 301 4108 illi,
314 4033 342 4091 in
356 4053 435 4112 quem
446 4030 575 4108 ereditur,
591 4031 639 4091 sed
652 4031 730 4091 nobis
745 4032 812 4114 ipsis
827 4055 855 4095 se

105 4128 222 4187 manime
231 4124 387 4205 gratificari.
397 4126 436 4183 In
450 4126 568 4182 nomine
581 4125 655 4203 ejus,
672 4122 725 4182 hoc
738 4137 788 4202 est,
806 4148 855 4207 per

105 4241 176 4278 eum.
188 4221 249 4299 lpse
258 4237 375 4296 namque
384 4216 443 4276 vita
451 4228 500 4275 est.
516 4218 545 4272 l.
557 4216 666 4274 Postea
680 4217 852 4298 manifesta·
861 4227 916 4289 erp.
925 4245 973 4275 m.

105 4318 146 4372 vit
165 4332 197 4372 se
217 4310 369 4389 discipulis
393 4310 435 4366 ad
455 4327 538 4367 marc
558 4308 731 4368 Tiberiadis.
750 4307 850 4370 Viden’

103 4405 238 4488 quomodo
252 4426 305 4464 non
320 4403 472 4482 frequenter
483 4422 546 4461 cum
559 4400 614 4460 illis
625 4416 755 4483 versetur,
768 4424 853 4485 neque

65 4519 82 4566 c
101 4501 171 4560 sicot
190 4497 288 4557 antea?
301 4494 434 4578 Apparuit
453 4492 656 4574 enimvespere,
673 4507 700 4555 et
712 4495 849 4576 avolavit3

99 4589 197 4651 deinde
209 4602 269 4671 post
281 4587 339 4646 dies
352 4599 412 4645 octo
429 4585 522 4660 semel,
542 4598 568 4643 et
588 4606 698 4646 rursum
717 4587 849 4678 avolavit3

99 4700 189 4768 postea
211 4682 245 4742 ad
266 4701 350 4757 mare,
372 4693 399 4738 et
420 4699 530 4738 rursum
549 4698 612 4737 curn
633 4679 720 4739 multo
743 4680 848 4741 timore.

100 4775 176 4853 Quid
189 4773 241 4834 sibi
257 4773 318 4833 vult
331 4771 414 4845 illud,
429 4770 659 4852 Mamfcstavit?
675 4770 747 4831 Hinc
767 4771 849 4852 liqui·

98 4870 165 4928 dium
179 4880 228 4939 est,
242 4864 320 4922 illum
332 4860 438 4921 nonnisi
453 4880 488 4919 ex
502 4859 669 4941 indulgentia
683 4861 774 4923 visum
783 4864 849 4923 luis-

99 4984 136 5032 se,
152 4959 214 5039 quia
233 4959 290 5038 jam
309 4951 514 5035 incorruptibile
540 4966 566 5011 et
585 4953 735 5014 immortale
750 4976 848 5036 corpus

112 5166 122 5189 ¹
142 5147 211 5199 Editi
229 5162 273 5205 πῶς
287 5151 391 5198 ἐνταῦθα.
405 5141 550 5207 Suspicatus
562 5139 639 5193 savit.
653 5126 786 5211 legendum
800 5161 845 5209 πῶς

81 5237 162 5281 ταῦτα.
174 5224 260 5278 Codex
277 5239 339 5273 unus
352 5219 438 5271 melius
449 5232 494 5277 πῶς
507 5227 534 5272 ἀν
546 5226 626 5273 ταῦτα.
