3750 5940
369 429 403 477 ιιι
429 427 590 477 touumm
616 424 731 476 uoma.
759 426 859 475 xxru.
887 401 934 473 al.
958 424 1044 473 xxti.
1434 401 1493 475 151

55 577 129 633 ιιμιν
141 557 190 614 τῶ
203 550 303 634 Κυρίω
322 553 549 636 (Κατατρύρησον
564 551 636 634 ι’γθιρ
651 556 697 611 ποθ
753 570 892 631 perquem
901 562 929 611 et
941 569 1004 609 cum
1016 568 1071 628 quo
1091 545 1167 608 Patri
1182 545 1280 626 gloria,
1294 546 1430 628 simulque
1438 568 1500 611 san·

55 645 127 721 ιηαθ,
137 647 187 706 καί
198 644 254 727 θῷη
270 668 313 706 σοι
332 646 367 707 τὰ
377 647 513 724 αἰτηματα
525 650 573 718 τῆς
587 645 745 731 καρδόπηι
755 657 797 704 cto
813 643 938 726 spiritui,
949 643 978 703 iu
990 642 1088 703 saecula
1101 640 1269 704 semorum.
1285 641 1379 703 Amen.

55 739 190 799 ’,καὶτῶν
210 738 613 817 θνταῦθακαίτῶνμιλλόντων
632 741 738 798 ἀπο-Α

55 860 57 875 ι
75 834 202 911 ὶγσθῦν,
221 829 314 912 χάριτι
330 830 376 890 καὶ
411 827 574 913 ιλανθρωπίμ
592 835 639 890 τοῦ
648 833 700 891 Κν-

55 922 168 996 ιΊηαοῦ
181 925 315 1006 Χριστοῦ,
327 925 360 984 δι’
372 854 409 982 od
417 922 462 982 καί
476 925 533 1000 μεθ’
547 915 626 1003 abab
640 925 700 983 Πα-

55 1041 80 1088 ι,
101 1016 163 1095 ἅμα
176 1019 216 1097 τῷ
231 1015 300 1098 θγίηι
315 1014 467 1094 Πνυίματι,
480 1018 516 1085 είς
529 1014 589 1082 τοὺς
603 1018 700 1083 αἰῶνας

55 1132 97 1169 η.
108 1108 206 1188 Ἀμήν.

55 1296 87 1359 ἐρ
99 1293 194 1343 τύπον.

55 1496 1484 1534 Μ

208 1686 345 1746 omuu
361 1683 413 1766 κγ.
985 1689 1144 1752 uouuu
1166 1690 1271 1753 xxm.

55 1870 153 1945 ποίησε
168 1869 219 1943 τὴν
233 1868 320 1952 ἀρχὴν
334 1871 387 1930 τῶν
400 1871 517 1951 σημείων
531 1875 546 1935 θ
561 1873 699 1948 Ἰηοοῧςίν
756 1876 789 1932 ll
797 1919 803 1932 .
819 1876 885 1936 Hoc
892 1876 966 1957 fecit
976 1881 1092 1938 initium
1107 1882 1256 1959 signorum
1269 1880 1355 1940 Jesus
1367 1883 1398 1938 ιἰι
1413 1882 1498 1941 Cana

162 1966 242 2044 Ιίανᾷ
251 1968 299 2036 τῆς
312 1964 466 2034 Γαλιλαίας.
1057 1970 1200 2030 Galilaeae.

58 2157 77 2215 θ
97 2154 226 2222 θιόὸολος
240 2153 357 2234 ἔγιιιιται
372 2155 417 2214 καὶ
435 2156 558 2240 σροθρθς,
573 2154 701 2217 πάντοθεν
796 2155 825 2212 l.
843 2153 1021 2214 Vehementer
1035 2153 1116 2214 instat
1136 2153 1278 2232 diabolus,
1302 2170 1327 2215 et
1348 2155 1427 2216 saluti
1449 2177 1497 2216 no-

55 2268 65 2305 ι
86 2245 139 2319 τὴν
165 2246 301 2326 σωτηρίαν
322 2245 372 2320 τὴν
394 2247 535 2327 ἡμετέραν.
556 2251 603 2309 Δεῖ
616 2249 701 2309 τοίνυν
719 2272 737 2320 3
754 2255 816 2303 strae
839 2243 960 2323 undique
982 2245 1134 2305 insidiatur.
1155 2245 1336 2326 vigilandum
1354 2246 1459 2326 itaque,
1474 2262 1500 2307 et

55 2361 91 2397 τα
109 2338 159 2398 καὶ
180 2338 282 2418 νήριιν,
298 2339 344 2400 καθ
358 2339 522 2420 πανταχόθεν
536 2340 701 2422 ἐπιτειχίζειν
754 2337 874 2417 undique
894 2338 947 2420 ipsi
970 2338 1060 2399 aditus
1080 2339 1299 2400 intercludendus
1318 2355 1364 2402 est.
1387 2342 1456 2400 Nam
1477 2343 1499 2400 si

55 2429 434 2514 ιίροδοι.1ίθνγθρμικρᾶς
456 2431 616 2504 ἐπιλάθηταί
633 2456 702 2500 τινος
754 2430 797 2489 rel
825 2452 938 2512 parvam
964 2432 1097 2493 invenerit
1128 2433 1312 2512 occasionem,
1337 2433 1422 2493 latum
1447 2433 1499 2493 sibi

55 2524 176 2606 ,ὠρεῐαν
187 2526 275 2604 ἑαυτῷ
284 2521 474 2592 κατασκευάζει
484 2523 574 2583 λοιπθν
586 2522 634 2596 τὴν
649 2523 701 2583 ale-
754 2535 843 2601 postea
871 2523 1014 2605 apparebit
1036 2523 1201 2604 ingressum,
1226 2538 1252 2584 et
1274 2525 1330 2584 rim
1356 2546 1432 2585 suam
1459 2539 1500 2585 to-

63 2614 134 2688 όλην
149 2615 251 2696 είσόγιι
263 2615 335 2675 κατὰ
354 2617 446 2697 μικρὸν
462 2615 510 2687 τόν
521 2619 613 2676 ἑαυτοῦ
628 2615 703 2675 δόνα-
753 2626 808 2672 tam
830 2613 961 2696 paulatim
988 2615 1105 2676 inducet.
1127 2617 1156 2676 Si
1179 2616 1269 2695 itaque
1288 2617 1384 2676 salutis
1402 2631 1500 2677 nostra

55 2706 131 2768 υίννν
148 2707 227 2788 λόγος
239 2732 279 2776 τις
294 2712 360 2786 ἡμῖν
375 2712 430 2769 ἐστι
445 2711 493 2780 τῆς
511 2707 643 2790 σωτηρίας
655 2712 701 2780 τῆς
752 2704 872 2786 aliquam
884 2707 1013 2767 rationem
1026 2708 1188 2784 habeamus,
1202 2730 1235 2768 ne
1249 2709 1276 2769 in
1288 2709 1380 2791 paruis
1389 2709 1499 2789 quidem

57 2799 157 2878 ,μηδὲ
181 2803 209 2859 ἔν
231 2809 286 2867 τοῖς
311 2809 414 2882 μικροῖς
438 2804 508 2881 αὐτῷ
523 2802 702 2882 συγχωρῶμεν
752 2799 833 2858 rebus
849 2799 938 2881 ipsum
951 2798 1075 2860 accedere
1089 2800 1226 2876 sinamus,
1240 2814 1268 2859 ut
1282 2822 1331 2881 per
1344 2801 1402 2859 baec
1416 2801 1500 2881 maju-

55 2891 123 2966 bat,
136 2890 183 2949 ἵνα
196 2892 250 2951 ἀπὸ
262 2890 360 2951 τούτων
373 2890 406 2951 τὰ
418 2892 522 2972 μεγάλα
531 2892 702 2974 προαναστεί-
752 2893 829 2953 ribus
843 2896 1100 2955 occurramusNam
1109 2909 1235 2953 extrema
1246 2894 1406 2975 insipientiae
1416 2909 1498 2965 esset,

55 2983 92 3044 {nl
111 2982 169 3065 γὰρ
189 2984 305 3065 ἐσχάτης
321 2983 410 3053 ἀνοίας
425 2984 456 3043 ἂν
471 2984 526 3058 είη,
542 2988 638 3044 ἐκεῖνον
654 2983 701 3063 μὶν
754 2985 775 3044 si
789 2985 857 3044 dum
872 3000 973 3045 tantam
987 2985 1034 3045 ille
1052 2986 1221 3066 diligentiam
1243 2985 1369 3062 adhibet,
1392 3000 1420 3045 ut
1436 2987 1498 3045 ani-

61 3076 262 3137 ίπιδαίκνυσθαι
278 3077 404 3151 σπουδὴν,
417 3075 486 3137 ὥστε
501 3076 549 3150 τὴν
569 3077 702 3160 ἡμετέραν
754 3099 825 3136 mam
840 3076 936 3159 perdat
950 3091 1085 3153 nostram,
1103 3099 1152 3136 nos
1165 3100 1215 3158 pro
1237 3079 1322 3137 salute
1341 3092 1430 3136 nostra
1446 3098 1499 3136 non

55 3194 84 3230 αι
105 3169 213 3250 ψυχήν·
234 3175 306 3247 ἡμᾶς
330 3169 358 3229 δὲ
377 3168 443 3250 ὑπὲρ
462 3175 510 3242 τῆς
524 3173 601 3248 ἡμῶν
617 3173 701 3229 αὐτῶν
753 3191 844 3252 parem
858 3167 1035 3229 adhibeamus
1055 3168 1272 3228 sollicitudiuem.
1292 3168 1438 3230 Ηευιιιιιο
1447 3189 1499 3227 nou

66 3261 137 3341 μηδὲ
151 3261 184 3320 τὸ
197 3261 252 3321 ἴσον
264 3258 359 3341 θόγειν
370 3262 473 3343 μέτρον.
485 3262 579 3322 Ταῦτά
596 3287 641 3341 μοι
652 3264 702 3343 οὐχ
719 3288 738 3337 c
754 3262 810 3321 siue
822 3282 901 3320 causa
910 3260 983 3321 dicta
994 3274 1072 3337 sunt,
1087 3260 1132 3319 sed
1143 3261 1205 3339 quia
1216 3261 1313 3334 timeo,
1326 3281 1358 3319 ne
1370 3260 1397 3319 iu
1413 3260 1500 3318 media

55 3378 147 3435 Ιεηται,
162 3356 222 3413 ἀλλ’
235 3355 326 3426 ἐπειδὴ
338 3355 456 3428 δέδοικα,
473 3355 575 3434 μήποτε
590 3356 702 3436 ἐνμέσῳ
754 3354 829 3413 caula
845 3374 916 3413 nuuc
940 3354 986 3413 illc
1008 3354 1090 3436 lupus
1110 3353 1196 3413 adstet
1217 3353 1354 3428 occultus,
1370 3374 1499 3432 ovemque

55 3446 102 3506 ιιαθ
114 3451 188 3507 νῦνθ
201 3445 279 3514 λύκος
294 3438 368 3514 οὗτος
380 3446 478 3527 ἑστήκῃ
494 3447 531 3525 μὴ
547 3447 700 3529 καθορώμε-
754 3447 856 3528 rapiat,
875 3469 935 3526 qua
951 3469 979 3506 se
999 3447 1041 3507 rel
1055 3469 1090 3505 ex
1113 3445 1224 3526 segnitie
1247 3445 1290 3507 uel
1305 3444 1368 3504 dolo
1387 3445 1459 3504 malo
1483 3467 1498 3502 a

66 3539 115 3600 ml
136 3540 303 3619 θηριᾶλωτον
329 3544 359 3599 ἐκ
373 3540 463 3600 τούτου
479 3540 586 3620 γένηται
600 3540 702 3623 πρόόα-
754 3564 833 3621 grege
852 3542 1006 3602 auditorum
1026 3543 1176 3602 semoverit.
1192 3544 1261 3601 Nam
1283 3542 1394 3602 uulnera
1411 3542 1433 3600 si
1448 3542 1499 3600 sub

55 3630 101 3713 μία
112 3630 162 3690 καὶ
175 3630 303 3711 ἕπιὸουλῇ
318 3642 422 3712 πονηρᾷ
432 3631 641 3704 ἀποόουκοληθὲν
655 3638 701 3704 τῆς
753 3654 861 3692 sensum
875 3631 1015 3708 caderent,
1029 3648 1075 3692 aut
1089 3634 1111 3692 si
1133 3654 1230 3713 corpus
1243 3633 1336 3713 plagas
1350 3632 1498 3713 acciperet,

55 3722 139 3794 τίτῆς
154 3723 316 3804 ἀκροάσεως.
329 3726 363 3782 Εἰ
375 3723 422 3801 μὶν
434 3723 485 3805 γθρ
495 3715 528 3796 ἦν
544 3723 657 3796 αἰοθητθι
667 3725 701 3783 τὰ
753 3747 805 3784 ιιοιι
821 3748 890 3807 opus
908 3740 976 3784 essct
991 3725 1102 3785 iusidias
1114 3724 1194 3785 hasce
1216 3739 1320 3785 tautum
1337 3747 1497 3807 prmarere.

55 3839 78 3890 r,
98 3815 117 3887 ἣ
139 3815 233 3875 καὶτὸ
248 3819 327 3893 σῶμα
348 3817 396 3883 τθς
419 3817 523 3894 πληγὰς
543 3815 701 3895 ἔλόμόανεν,
754 3819 825 3890 Quia
839 3839 903 3877 vero
918 3817 1061 3877 invisibilis
1076 3818 1166 3876 auima
1181 3831 1238 3895 est,
1258 3819 1369 3899 ipsaque
1384 3817 1500 3878 vulueri-

55 3907 252 3988 γσιδιαγνῶναι
262 3907 309 3975 τὰς
318 3906 441 3974 τοιαυτθις
451 3908 600 3977 ἐπιόουλός.
611 3910 702 3969 Ἐπει-
753 3910 804 3968 bus
812 3908 978 3984 confoditur,
991 3910 1075 3968 multa
1089 3910 1166 3969 nobis
1174 3932 1241 3990 opus
1252 3909 1437 3988 estrigilautia
1448 3954 1455 3980 ,
1470 3920 1499 3965 ut

55 4005 142 4073 πτοςὴ
153 3998 295 4080 ιθασχὴ,καλ
305 4000 371 4074 odel,
382 4000 415 4060 τθι
425 3999 490 4074 ἕλκη
503 4000 608 4081 δέχεται
619 4047 627 4075 ,
638 4004 701 4061 πολ·
755 4002 938 4082 unusquisque
952 4024 1007 4060 sese
1021 4002 1152 4084 exploret.
1168 4005 1261 4060 ll'emu
1275 4007 1352 4059 ιἰιίιιι
1370 4005 1448 4058 ιιονίι
1464 4022 1499 4059 ca
1514 4034 1533 4064 t.
1545 4018 1597 4063 car.
1613 4032 1634 4062 α,

55 4092 152 4162 θεῖε-ἠς
162 4090 319 4171 ἀγρυπνίας,
330 4090 398 4152 ὥστε
409 4093 518 4153 ἕκαστον
530 4093 621 4153 ἑαυτὸν
633 4096 701 4152 δοκι·
754 4117 818 4177 qum
832 4108 902 4155 stent
916 4099 1042 4155 bominis
1049 4142 1059 4171 ,
1076 4109 1108 4155 ut
1125 4099 1243 4176 spiritus
1263 4097 1388 4152 boruim's
1404 4097 1455 4174 qui
1468 4097 1500 4152 iu
1513 4096 1548 4127 ¹¹·

55 4184 128 4253 etate
134 4175 247 4265 γὰροῖδε
257 4183 291 4243 τὰ
300 4191 345 4244 τοῦ
354 4184 501 4265 ἀνθρώπου,
511 4190 547 4253 ὡς
556 4187 586 4245 τό
597 4194 701 4265 πνεῦμα
754 4193 815 4269 ipso
830 4202 883 4249 est.
897 4190 992 4248 Oratio
1006 4189 1077 4248 cuim
1088 4187 1123 4247 ael
1135 4209 1226 4246 omues
1237 4184 1362 4267 pervadit
1370 4230 1379 4260 ,
1392 4199 1418 4243 ct
1428 4207 1499 4244 coau-

55 4274 192 4337 θπωτὸὲν
205 4278 284 4356 αὐτῷ.
294 4275 329 4336 ‘0
343 4276 390 4354 μὲν
402 4276 454 4358 γθρ
464 4278 539 4356 λόγος
550 4278 633 4338 ἅπασι
646 4281 701 4337 δια·
754 4300 835 4340 mune
847 4283 974 4342 omnibus
987 4283 1065 4340 offert
1081 4278 1228 4339 remedium
1245 4303 1251 4335 ι
1265 4279 1310 4336 sed
1331 4276 1366 4336 ad
1380 4277 1500 4356 singulos

55 4367 339 4451 ιαὶκοινθνπρόκειται
346 4368 485 4448 φάρμακον
495 4378 548 4437 τοῖς
557 4369 700 4447 δεομένοις·
720 4375 888 4434 nauditores
912 4374 1028 4454 pertinet
1042 4373 1088 4432 illa
1110 4373 1245 4454 accipere,
1266 4392 1325 4450 quaa
1342 4370 1437 4430 morbo
1451 4391 1500 4428 suo

55 4459 145 4520 τότ-,ιω
154 4465 207 4520 τῶν
216 4459 390 4543 ἀκροωμένων
401 4462 492 4520 λαόιῖν
507 4466 563 4522 ἐστι
573 4463 603 4522 τό
613 4462 701 4533 iutel-
754 4461 912 4544 depellendo
921 4475 983 4520 suut
993 4460 1174 4541 congruentia.
1188 4461 1284 4542 AEgros
1296 4481 1348 4520 uon
1359 4462 1440 4540 novi,
1454 4485 1501 4521 uec

55 4544 702 4634 στόματι.Οὐκοίθαέγθιτοθςἀρρωστοῦντας,οὐκ
757 4555 962 4615 benevolentes.
982 4554 1045 4615 ldco
1060 4552 1187 4613 derebus
1202 4553 1328 4612 omuibus
1342 4554 1455 4631 luqum,
1471 4577 1500 4613 ca

55 4642 228 4725 ὑγιαίνοντας.
239 4643 470 4705 Διθιτοῦτοπόντα
480 4646 556 4725 λόγον
566 4647 702 4708 θκινῶκαθ
756 4671 816 4728 quae
834 4647 918 4707 animi
940 4646 1043 4706 morbis
1063 4646 1177 4726 siugulis
1191 4661 1341 4728 competant
1354 4672 1360 4703 :
1372 4647 1451 4706 modo
1466 4647 1501 4705 ‹le

55 4736 167 4810 ιτήόειον
180 4736 290 4808 πάθεσι,
304 4743 348 4796 νῦν
364 4736 411 4815 μὲν
426 4737 575 4806 πλεονεξίας
586 4763 702 4818 κατηγο-
757 4739 888 4816 avaritia,
903 4761 968 4799 mox
986 4737 1021 4799 de
1034 4759 1131 4798 mensae
1142 4738 1263 4815 deliciis,
1280 4740 1343 4799 binc
1358 4738 1500 4797 libidinem

55 4827 224 4909 ιςθὲτρερῆς
231 4874 240 4903 ,
250 4828 330 4888 πολιν
343 4830 480 4909 ἀσελγείας
491 4831 702 4911 καθαπτόμενος,
757 4830 900 4914 aggredior
913 4855 920 4889 :
931 4844 1022 4914 postea
1032 4853 1096 4894 vero
1111 4831 1306 4913 eleemosynam
1318 4830 1409 4909 laudo,
1423 4831 1457 4889 ad
1471 4830 1500 4888 il-

55 5014 118 5068 avit.
132 5028 158 5068 et
170 5017 229 5067 llas.
239 5018 328 5069 Metel,
342 5026 459 5073 ἀπολέσαι.
740 5031 789 5071 tem
801 5021 845 5072 alli
857 5027 958 5087 ἱστήκει,
969 5021 1097 5075 mendose.

55 5091 76 5145 d.
88 5104 224 5160 elnae-pets.
237 5095 315 5147 Paulo
334 5097 491 5162 postMorel.
509 5104 596 5158 ἕστηκε.
611 5098 688 5151 Smil.
772 5113 783 5138 e
801 5101 842 5149 Iln
854 5099 912 5150 hiso.
927 5099 1015 5166 [Savil.
1028 5110 1087 5169 post
1099 5107 1190 5154 πάθεσιν
1200 5097 1273 5149 addit
1284 5105 1386 5168 tarpeiam
1398 5102 1498 5166 είσρέρω.

55 5172 96 5224 iul
106 5175 250 5238 suspicatur
273 5171 405 5240 legendum
421 5181 515 5243 ίατνξκρ,
531 5189 555 5226 et
568 5178 620 5226 bac
633 5196 690 5229 uera
740 5177 804 5232 saut
817 5181 865 5231 too
877 5178 914 5246 et]
927 5180 1014 5233 llorel.
1029 5195 1088 5243 κυῶ,
1107 5194 1171 5233 πᾶσιν
1190 5186 1313 5247 ἀνθρώποις
1329 5182 1409 5240 bootae
1428 5182 1500 5242 ἁρμὸ-

55 5270 89 5305 tm
109 5249 188 5304 babet
200 5251 285 5305 Codex
298 5271 360 5304 ιιιιιιι
381 5253 482 5321 optimae
493 5268 565 5308 nota.
579 5259 632 5309 lluo
645 5277 689 5308 ιιιι·
743 5270 817 5323 ξατο,
828 5266 863 5311 καὶ
877 5272 951 5312 nitu.
