3750 5940
71 466 173 515 xxxx.
198 442 247 514 ul.
275 467 393 515 xxxix.
775 438 845 534 54t

102 589 203 649 Solrem
213 610 315 649 verum
324 591 430 666 Deera,
443 586 479 647 ad
489 586 668 649 differentiam
687 608 789 666 eorum,
798 587 847 669 qui

101 681 141 742 dii
154 704 207 743 non
221 682 341 756 auot,sio
354 681 481 762 loquitur.
500 681 544 742 td
557 695 648 761 gentes
658 702 773 763 namque
783 682 847 742 mit-

102 773 176 834 tendi
194 774 309 856 apostoli
323 786 409 834 erant.
427 772 549 849 Quodsi
569 772 601 833 id
613 794 667 834 non
685 772 845 852 admittant,

101 864 149 926 sed
171 881 281 948 propter
298 867 350 926 hoo
365 866 455 927 solum
471 879 568 947 negent
584 887 641 927 esse
657 886 721 928 vere
734 865 785 927 Dei
800 866 847 926 Fi·

101 957 192 1037 lium;
207 959 248 1018 sio
258 959 392 1042 progressi
403 960 492 1020 Deum
509 979 566 1019 erse
579 972 687 1039 negant.
700 960 772 1020 Nam
785 958 844 1019 ait:

105 1052 258 1125 Gloriam,
279 1074 344 1135 qua
362 1074 382 1113 a
404 1053 468 1113 solo
478 1054 544 1113 Deo
559 1065 613 1125 ast,
629 1073 690 1112 aaa
705 1056 845 1134 auaritia.
858 1061 886 1106 lo

106 1141 181 1216 Quid
199 1144 282 1223 ergo?
296 1165 348 1203 non
365 1143 416 1203 erit
437 1146 510 1205 Deus
522 1143 631 1204 filius?
643 1144 672 1204 si
691 1164 755 1205 vero
775 1146 849 1205 Deua

106 1234 202 1313 Filius,
216 1249 243 1295 et
256 1235 339 1296 solius
359 1236 455 1314 Patrio,
473 1235 565 1318 palem
583 1249 624 1301 est
637 1250 664 1297 et
675 1257 771 1297 raom
783 1256 849 1311 esee,

106 1341 133 1387 et
145 1328 203 1409 ejus
215 1327 262 1407 qui
276 1327 349 1388 eolus
361 1349 442 1389 verus
457 1327 559 1388 dicitur
572 1326 684 1388 Filium.
700 1327 774 1400 Quid
786 1348 850 1410 ergo

70 1431 89 1479 t
107 1440 169 1479 cum
181 1419 372 1497 dictitantur,
387 1420 442 1478 Aa
459 1420 538 1480 solus
550 1432 579 1479 et
598 1440 650 1501 ego
667 1421 825 1481 Barnabas
835 1428 849 1479 Ρ
860 1439 883 1473 a.

107 1535 142 1573 an
151 1514 305 1574 Barnabam
322 1511 418 1574 tollit?
431 1512 561 1588 Minime3
575 1511 646 1573 illud
657 1512 740 1587 euim,
751 1513 846 1587 Solus,

108 1606 144 1666 ad
164 1606 281 1667 aliorum
295 1605 476 1667 differentiam
486 1607 606 1687 ponitur.
626 1604 707 1683 Quod
722 1606 745 1667 ai
765 1606 851 1668 Filius

110 1721 163 1759 noo
179 1721 260 1762 venis
280 1701 316 1760 sit
330 1702 422 1776 Deus,
444 1699 580 1780 quomodo
599 1700 699 1762 veritas
719 1700 781 1761 eet?
799 1721 852 1761 ooo

111 1792 227 1853 multum
250 1792 323 1853 euim
343 1792 437 1855 dillert
454 1815 469 1853 a
493 1814 558 1856 vero
578 1792 687 1855 veritae.
709 1792 782 1853 llum
803 1793 853 1874 qui

110 1907 191 1946 verus
205 1885 286 1945 homo
300 1904 361 1945 ooo*
374 1886 410 1945 sit
418 1930 428 1963 ‚
443 1885 511 1965 quid
525 1906 583 1945 aare
594 1884 728 1963 dioemuo,
742 1885 854 1966 quaeso?

110 1999 198 2037 annon
211 1978 347 2038 bominem
358 1999 415 2039 ease
423 1977 602 2059 negabimus?
609 1978 655 2039 Sic
668 1978 691 2039 si
702 1979 790 2040 Filius
800 1998 853 2039 uon

111 2085 150 2129 ost
163 2091 244 2131 verus
255 2072 338 2145 Deus,
349 2069 485 2149 quomodo
495 2072 569 2130 Deua
582 2069 640 2130 eat?
651 2069 795 2144 Quomodo
806 2092 855 2131 uos

65 2161 174 2249 mdoos
189 2162 253 2223 lacit
263 2175 290 2222 et
303 2162 385 2240 tiliae,
398 2183 462 2222 cum
472 2183 553 2224 raus
568 2182 622 2222 uon
636 2160 690 2222 sit?
703 2161 758 2224 Sed
767 2161 801 2223 de
811 2162 856 2223 luis

74 2265 91 2309 Α
110 2257 263 2317 accuratius
286 2256 353 2317 alibi
379 2255 487 2337 loquuti
511 2276 633 2317 sumna:
656 2275 740 2336 quare
760 2270 856 2319 catera

109 2371 310 2430 persequamur.
327 2352 392 2432 Ego
406 2362 435 2410 te
448 2349 615 2432 clarificavi
629 2370 716 2432 suaper
733 2364 853 2415 terram.

111 2444 192 2503 Recte
206 2441 291 2518 dixit,
305 2442 397 2522 Super
413 2453 522 2500 terram
527 2465 540 2511 ,·
554 2462 618 2501 uam
632 2441 660 2502 in
673 2441 739 2503 oaelo
751 2442 856 2524 glorifi-

110 2549 186 2595 catus
200 2549 269 2611 erat,
281 2555 345 2595 oum
355 2532 505 2593 naturalem
517 2532 628 2594 liaberet
641 2532 771 2614 gloriam,
780 2549 807 2596 et
821 2534 857 2595 ab

110 2627 212 2707 angelis
227 2625 393 2686 adoraretur.
415 2626 477 2686 Nou
495 2644 559 2706 ergo
573 2624 609 2686 de
626 2625 711 2707 gloria
733 2627 857 2689 substan·

111 2720 154 2780 tiae
164 2721 223 2800 ejus
232 2719 340 2802 propria
356 2718 424 2779 dicit
434 2718 522 2794 (illam
541 2718 614 2779 enim
625 2719 751 2799 gloriam,
762 2742 858 2801 qoam·

110 2814 153 2872 vis
164 2834 241 2873 nemo
252 2812 343 2893 ipsum
354 2811 496 2891 glorifioot‚
512 2807 617 2893 sedoper
629 2810 737 2892 plenam
751 2811 856 2891 babet);

111 2905 160 2965 sed
172 2907 242 2965 hano
253 2927 312 2983 quae
324 2904 444 2963 humano
455 2903 532 2963 cultu
545 2903 699 2963 exhibetur.
712 2905 808 2985 ltaque
822 2906 857 2967 it-

112 2997 175 3073 lud,
195 2997 339 3078 Chrrifica
350 3018 406 3070 me,
426 2994 465 3055 sio
481 2994 697 3075 intelligendum.
715 2998 755 3057 Ut
768 3012 859 3059 autem

112 3089 201 3149 diseas
217 3089 297 3148 illum
315 3088 349 3148 de
369 3086 527 3170 hujusmodi
541 3088 626 3168 gloria
639 3088 725 3168 loqui,
739 3088 804 3150 audi
818 3112 858 3151 oe-

111 3183 228 3262 qoeotia.
251 3183 281 3242 l.
305 3184 384 3263 Opus
410 3184 629 3257 camummavi,
650 3182 731 3263 quod
752 3183 861 3244 dedisti

76 3278 186 3345 nmili
208 3289 240 3334 ut
249 3277 379 3358 sociam.
402 3274 485 3353 Atqui
507 3294 549 3333 roo
565 3272 656 3335 adhuc
675 3273 704 3334 iu
724 3273 860 3359 principio

113 3385 188 3449 erat5
202 3372 258 3431 imo
271 3393 305 3431 ne
317 3371 345 3431 in
355 3370 492 3453 principio
506 3368 624 3450 quidem.
638 3370 782 3445 Quomodo
794 3394 860 3455 ergo

112 3464 192 3542 dicit,
209 3466 440 3525 consummavi?
454 3462 507 3526 Vel
519 3484 548 3522 se
562 3462 637 3543 quod
651 3462 679 3524 in
694 3485 723 3526 ae
741 3479 798 3526 erat
818 3479 859 3525 to-

113 3571 171 3616 tum
194 3555 330 3634 effecisse3
354 3555 397 3615 vel
413 3554 487 3634 quod
503 3555 625 3615 loturum
645 3569 736 3617 estut
757 3557 859 3619 sactum

113 3649 198 3727 dicit;
212 3648 257 3709 vel
268 3649 358 3730 potius
369 3646 488 3724 dicatur,
504 3661 591 3709 totum
601 3649 660 3731 jam
672 3650 774 3710 lactum
787 3650 858 3711 tuis-

113 3764 153 3818 se,
168 3740 232 3821 quia
249 3742 308 3822 jam
327 3739 409 3800 radix
427 3739 559 3799 bonorum
573 3739 661 3821 posita
674 3754 747 3819 erat,
758 3763 859 3822 exque

114 3833 261 3894 necessario
275 3831 441 3914 producendi
453 3833 557 3892 fructus
571 3847 655 3910 erant,
670 3854 752 3917 oeque
766 3834 801 3894 iis
810 3833 858 3913 qui

115 3943 174 4010 post
187 3926 273 3986 sutori
287 3938 361 3985 erant
374 3924 535 3984 adfuturum
548 3945 605 3985 esse
613 3970 623 4002 ,
636 3947 700 3986 oum
713 3926 781 4008 ipsis
795 3947 858 3986 ooo-

111 4020 291 4101 juogendum.
314 4017 379 4078 Ideo
404 4039 514 4077 rursum
536 4016 635 4077 humili
662 4017 744 4079 modo
767 4017 835 4079 dicit
848 4064 856 4095 ,

119 4114 205 4191 Quod
218 4113 327 4171 dedisti
344 4113 426 4170 mihi.
440 4112 512 4170 Nam
526 4111 548 4170 ei
562 4109 697 4172 audiendo
709 4124 736 4172 et
747 4110 857 4172 disoen-

114 4204 150 4264 do
161 4203 352 4286 perseveravit,
368 4202 425 4262 lraeo
444 4202 531 4282 gloria
544 4203 602 4284 ejus
611 4201 691 4283 louge
703 4203 808 4264 minore
820 4224 859 4264 eo·

78 4307 97 4356 c
115 4313 181 4359 sont.
194 4297 277 4374 Quod
290 4297 363 4356 enirn
375 4295 412 4355 ad
429 4296 481 4356 hoo
493 4316 529 4356 ex
541 4296 651 4378 propria
661 4296 799 4358 volontate
811 4319 860 4361 ve·

117 4391 196 4464 uerit,
215 4412 249 4450 ex
263 4388 356 4449 multis
380 4387 552 4469 perspicuum
575 4401 633 4468 ert,
654 4402 686 4449 ut
710 4410 772 4451 oum
792 4388 861 4451 dicit

61 4499 63 4516 ³
117 4484 236 4543 Paulus:
252 4481 299 4543 Sio
314 4480 414 4541 dilexit
426 4501 487 4559 noe,
504 4492 536 4539 ut
545 4480 662 4542 traderet
678 4474 797 4565 oeipourn
811 4505 861 4566 pro
869 4521 886 4565 ἦ

61 4591 63 4630 ;
117 4575 206 4652 nohis;
218 4589 254 4652 et,
262 4574 451 4652 Semetipsum
459 4575 634 4647 exinanivit,
638 4575 776 4656 samiam
785 4580 886 4637 servir

61 4694 63 4703 ¹
118 4672 265 4749 accipiens
272 4691 283 4736 ;
295 4679 321 4725 et
332 4665 439 4740 iterum,
449 4664 530 4725 Sicut
540 4665 646 4726 dilexit
657 4688 704 4728 me
717 4670 819 4742 Pater,
832 4649 886 4731 et1

61 4781 62 4789 ¹
119 4782 171 4841 ego
193 4761 287 4819 dilexi
307 4778 373 4818 νος.
397 4757 424 4817 5.
449 4757 594 4840 Clanfiea
612 4781 658 4819 ma
683 4772 725 4835 tu,
750 4763 859 4837 Pater,

61 4900 62 4907 ς
119 4855 200 4936 apud
216 4857 339 4934 teipsum
360 4852 508 4925 claritate,
532 4873 623 4933 quam
645 4855 737 4915 habui
763 4861 863 4936 prites-

61 4988 63 4996 ι
121 4969 210 5029 quam
229 4946 356 5006 murrdus
372 4944 462 5026 fieret
477 4945 559 5024 apud
578 4956 616 5005 ta.
633 4945 669 5005 Et
690 4945 738 5007 ubi
757 4947 866 5011 claritas

106 5133 167 5198 quin
181 5131 255 5180 aeriae
275 5144 326 5179 noo
344 5125 480 5178 constabit.
496 5125 538 5178 Sto
555 5127 630 5178 etiam
650 5125 782 5195 legendum
795 5143 869 5198 putat

108 5213 204 5262 Boixiua
216 5205 285 5276 opud
296 5205 426 5258 sevitium.

141 5305 151 5329 a
169 5285 254 5339 Morel.
266 5296 291 5337 et
303 5281 406 5352 quidem
419 5280 460 5335 alii
472 5291 563 5354 πατὴρ,
574 5287 644 5343 οὕτως
655 5290 771 5351 ἠγάπησα.
