3750 5940
423 446 456 492 lu
486 444 665 494 SECUNDUM
691 444 814 492 boum
841 446 1041 493 auvuuwu.
1438 449 1508 521 799

61 569 88 626 τὸ
104 569 298 649 ἡτοιμασμόνον
308 571 347 650 τῷ
361 568 476 649 διαθόλφι
490 569 536 629 καί
557 576 611 635 τοῖς
628 568 706 648 ἀγγί-
764 581 833 627 cata
849 582 902 628 tua
920 570 1114 644 eleemosynis
1132 570 1251 627 redime.
1274 570 1343 643 Quis
1359 564 1411 629 boc
1428 590 1650 650 gravemmaaa

61 653 92 707 ιῦ.
109 652 142 709 El
155 649 308 790 alpadum
325 652 373 708 οίικ
384 648 464 722 ἐστιν,
483 649 541 708 οὐδὲ
554 652 650 714 ἐκεῖνος
661 670 708 707 κο-
764 648 886 707 censeat?
900 649 1065 708 Publicanos
1089 646 1171 723 dixit,
1185 650 1334 731 Propitius
1357 662 1417 710 osto
1437 652 1512 712 milti

71 727 171 799 Ι’δ’ἤλον
217 729 280 788 ικαὶ
292 735 370 807 ἡμεῖς
382 733 408 788 οἱ
423 727 456 787 ed
466 727 557 786 τούτου
571 729 636 808 ἔργα
648 729 708 786 ἐπι·
760 730 918 863 peccatori,
931 741 958 787 et
971 725 1109 788 ἀωιειιύίι
1117 727 1287 808 justificatus.
1296 728 1366 800 Quis
1374 728 1451 790 labor
1458 753 1510 812 pu·

61 832 69 873 ;
82 807 320 886 κολασθησόμεθα·
335 808 381 866 καί
395 807 447 891 γὰρ
463 807 509 866 καὶ
522 811 598 885 ἡμεῖς
618 829 705 886 παρη·
781 805 901 866 licanum
913 805 1036 867 imitari?
1046 810 1082 865 At
1092 828 1179 885 neque
1189 821 1250 887 post
1259 820 1300 866 tot
1311 821 1450 888 tantaeque
1463 811 1510 871 de·

61 911 76 960 ι,
98 891 122 946 εἰ
139 888 184 947 καί
199 885 237 964 μὴ
260 888 304 946 ἐπί
318 896 371 953 τοῖς
384 891 478 954 αὐτοῖς.
495 888 557 954 Πῶς
579 886 606 945 δέ
621 889 650 946 οὐ
665 886 705 946 δέ·
760 886 973 961 monstrationem
989 909 1039 978 sup
1059 886 1154 947 licium
1171 900 1197 946 et
1209 906 1318 978 poenam
1331 889 1444 975 essepis
1453 911 1510 950 ore-

61 966 191 1049 ίνθρωιιε,
202 970 288 1045 τολμη
332 967 522 1047 φθεγγόμενος,
535 965 597 1026 όταν
611 965 705 1045 λέγῃς,
758 963 842 1024 deae?
851 908 1142 1046 Neeigilurdadiolum
1149 966 1337 1047 punuidieere
1345 978 1429 1048 potes.
1439 971 1510 1030 Dis·
1518 991 1603 1036 ηιηιιο.
1616 988 1654 1034 25.

61 1046 273 1124 θρωπόςέστινδ
311 1045 462 1117 εὸς,καίοῦ
475 1045 587 1120 ιιολάζει,
597 1045 651 1105 Καὶ
661 1043 705 1104 ἐίιν
722 1047 743 1095 Ε
759 1047 854 1103 cedite
870 1066 993 1125 namque,
1017 1044 1116 1126 inquil,
1129 1050 1162 1103 in
1176 1050 1272 1126 iguem
1294 1061 1445 1122 aeternum,
1458 1055 1510 1130 qui
1517 1057 1556 1112 ύι·

68 1127 97 1185 είι
116 1125 337 1186 (mannendal
351 1128 399 1185 οὐκ
411 1126 450 1185 ἐτι
462 1123 555 1206 φιλάνθ
617 1149 644 1191 ος
654 1123 706 1197 dum
779 1138 881 1185 aratus
895 1139 937 1185 ost
953 1126 1074 1185 diabolo
1085 1139 1114 1185 et
1126 1127 1240 1205 angelis
1252 1130 1323 1207 ejus.
1338 1127 1368 1188 si
1379 1129 1452 1188 euim
1463 1151 1509 1209 ge-

61 1231 71 1273 ;
92 1151 136 1265 ύία
158 1204 265 1286 ῥήματα
279 1210 346 1284 ὑμᾶς
366 1210 380 1265 ὁ
400 1203 519 1274 διᾶύολος
560 1229 614 1284 γεις
627 1202 663 1264 Τί
678 1202 706 1261 δέ
758 1146 848 1263 benna
858 1224 912 1264 nou
925 1218 973 1281 est,
988 1225 1037 1264 nee
1047 1205 1093 1264 ille
1104 1205 1218 1296 punitur
1233 1228 1240 1262 ι
1255 1205 1278 1264 si
1288 1227 1352 1266 vem
1366 1207 1412 1267 ille
1425 1210 1507 1290 puni-

61 1286 194 1357 ηκατειλη
215 1283 271 1352 ότες
285 1283 411 1365 μοναχοί,
423 1285 468 1344 καὶ
482 1282 578 1364 μυρίαν
593 1283 707 1355 ἄσκησιν
759 1295 818 1358 tur,
841 1304 890 1343 uos
914 1305 1021 1363 quoque
1044 1283 1135 1366 pumri
1162 1284 1262 1364 liquet,
1281 1285 1328 1364 qui
1351 1288 1508 1367 perficimus

61 1385 128 1422 ιενοι
147 1367 174 1423 ἐν
187 1307 260 1445 dipem
273 1363 319 1423 καὶ
339 1363 480 1436 σπηλαίοις
502 1363 548 1423 καί
560 1370 618 1431 ταῖς
631 1367 707 1429 ὀπαῖς
760 1382 840 1442 opera
849 1364 908 1449 ejus
919 1385 926 1419 ι
939 1384 1002 1423 nem
1017 1378 1044 1423 et
1058 1385 1105 1423 uos
1118 1363 1230 1424 minime
1249 1365 1505 1447 obtemperavimus,

82 1435 133 1522 ἀρα
147 1443 325 1524 ἀστεφάνωτοι
346 1443 549 1515 ἀπελεύσονται;
564 1445 597 1501 Εἰ
616 1442 667 1522 γὰρ
682 1447 706 1501 οἱ
716 1451 753 1489 ¹¹⁴⁶
759 1444 864 1502 tametsi
877 1463 931 1502 nou
939 1442 1041 1503 eisdem
1054 1442 1082 1503 in
1096 1443 1181 1503 laetis.
1193 1444 1247 1516 Qui
1263 1444 1295 1504 sat
1306 1459 1397 1506 aulem
1410 1460 1440 1506 ιιι
1454 1469 1507 1508 nou

66 1521 103 1600 μὴ
125 1522 297 1594 κολάζονται,
312 1521 380 1600 μηδὲ
400 1520 456 1582 ἐστι
481 1523 591 1600 μηδενὸς
607 1522 706 1580 ἀντίδο-
725 1505 744 1552 Α
759 1521 1058 1601 timeas,obomo,dum
1070 1523 1109 1583 sic
1120 1523 1246 1583 audacter
1253 1524 1379 1603 loqueris,
1393 1548 1456 1586 eum
1464 1528 1506 1587 di-

68 1601 148 1661 παλιν
162 1601 240 1670 ἄλλος
250 1601 326 1676 ἴσως,
338 1602 378 1660 ότι
388 1600 446 1661 ούτε
460 1604 484 1662 οἱ
498 1603 590 1682 ἀγαθοί
609 1624 705 1682 στεφα-
757 1600 810 1658 cis:
823 1602 960 1682 Beniguus
970 1617 1053 1677 eseet
1063 1624 1115 1662 non
1146 1603 1342 1675 uniti’Quodsi
1350 1610 1456 1685 puniat,
1467 1629 1507 1666 se-

70 1681 154 1761 Οίηγὶ,
205 1680 262 1740 σίν·
276 1681 344 1743 ἀλλά
365 1685 501 1761 ταῦτατῷ
522 1684 585 1763 Θεῷ
605 1679 706 1760 τρόπον
757 1679 878 1741 eundum
890 1695 917 1742 te
930 1703 982 1741 uon
995 1683 1054 1763 jam
1070 1625 1187 1763 amplius
1208 1682 1270 1742 beni
1291 1705 1341 1744 nus
1357 1705 1413 1745 esse
1432 1709 1506 1769 repe-

75 1763 209 1840 βσσιλεαν
226 1761 308 1838 μόνην
331 1751 399 1820 εἶναι
421 1764 485 1843 παρ’
507 1763 595 1841 αὐτῷ,
611 1759 705 1838 καὶμὴ
758 1760 837 1820 ritur.
848 1759 934 1823 Vides
949 1759 984 1821 ad
1003 1783 1127 1841 qaenam
1140 1762 1223 1823 verba
1236 1762 1281 1822 dia
1318 1764 1362 1823 lus
1379 1787 1428 1825 vos
1451 1767 1506 1827 im-

64 1842 168 1901 θῦκοῦν
187 1844 202 1899 ό
220 1840 315 1922 πόρνος
337 1840 412 1900 καλό
431 1840 524 1921 μοιχός
539 1840 585 1899 καλ
600 1839 708 1920 όμυρία
758 1839 862 1920 pellat?
875 1840 950 1913 Quid
962 1863 1025 1902 vero
1040 1841 1226 1917 monacbiilli,
1241 1842 1288 1934 qui
1301 1856 1405 1904 montes
1424 1866 1504 1907 oeeu-
1539 1860 1661 1905 Μοωωιο.

61 1919 206 2000 γασάμενος
222 1926 275 1980 τῶν
301 1922 387 1980 αὐτῶν
408 1919 587 1981 ἀπολαύσεται
600 1922 639 1999 τῷ
653 1942 707 1978 σοι·
759 1933 868 1999 parunt,
877 1920 924 1999 qui
938 1920 1036 1980 millies
1047 1942 1075 1980 se
1087 1920 1219 2012 religiosae
1232 1936 1296 1982 mtae
1307 1922 1446 1985 laboribus
1457 1947 1507 1986 ex·
1518 1938 1567 1998 Ψ·
1583 1936 1660 1981 ssew

61 2023 68 2054 ι
85 2000 130 2059 καί
152 2000 300 2078 ἁγιωσύνην
322 1999 366 2060 καί
391 1997 545 2080 ἐγκράτειαν
560 1999 605 2058 καί
618 2007 707 2058 πᾶσαν
759 2014 900 2059 creuerunt
923 2000 951 2060 in
971 2001 1119 2077 montibus,
1138 2022 1166 2059 ιιι
1185 2002 1321 2081 speluncis
1340 2017 1367 2061 et
1387 1997 1571 2065 ‹avernis⁸¹¹³'

61 2102 80 2150 μ
103 2078 238 2138 πολιτείαν
261 2079 468 2160 ἐπιδειξαμόνῳς
488 2082 521 2139 Εἰ
548 2078 575 2139 δὲ
598 2078 635 2157 μὴ
652 2080 708 2137 ἐστι
760 2089 932 2155 terrae,num
952 2101 1048 2139 corona
1068 2101 1122 2140 uon
1141 2080 1232 2139 donati
1251 2081 1467 2146 abibunt?Nam
1486 2089 1508 2146 si

61 2158 201 2225 ἀνάστασις
214 2159 242 2218 δέ
266 2158 372 2228 πάντιος
389 2158 482 2230 ἐσται,
496 2158 541 2218 καὶ
560 2162 584 2218 οἱ
599 2158 708 2239 πονηροί
761 2157 824 2215 meli
842 2179 895 2218 nou
914 2159 1073 2240 puniuntur,
1088 2159 1227 2239 aequorei
1243 2160 1326 2223 ullius
1339 2176 1379 2221 est
1394 2166 1509 2225 retribu-

61 2243 89 2298 ῦν
101 2240 207 2319 ἀγαθῶν
217 2238 350 2307 τεύξονται
362 2248 416 2306 τοῖς
428 2237 545 2305 δικαίοις.
562 2237 615 2296 Καί
624 2236 664 2306 τίς
677 2236 708 2294 ἂν
761 2236 808 2311 tio,
822 2236 894 2297 dicet
912 2260 1007 2298 rursus
1028 2239 1136 2318 aliquis,
1148 2259 1232 2316 ιιοηιιο
1252 2240 1317 2300 boni
1342 2258 1510 2304 coronantur.

61 2341 94 2378 τοι
114 2318 160 2378 καὶ
174 2321 227 2378 τῶν
239 2318 338 2400 σφόδρα
359 2317 535 2390 ἐξεστηκότων
548 2317 709 2397 ἀνθρύιιιων;
761 2317 946 2454 Νοιμιιιφιιιιιιι,
960 2317 1048 2399 iuquit
1062 2341 1069 2375 z
1084 2317 1132 2377 sed
1145 2318 1197 2377 boe
1215 2320 1273 2379 Deo
1289 2323 1449 2383 conveniens
1463 2338 1511 2401 est,

61 2395 84 2457 ll
95 2396 136 2466 τίς
155 2396 185 2456 ἀν
198 2406 275 2459 τοῦτο
299 2397 369 2458 εἴποι
381 2397 498 2476 δαίμων,
513 2395 593 2456 Ἀλλὰ
604 2395 652 2456 καί
665 2399 709 2455 αὖ·
761 2408 792 2454 ut
800 2417 855 2477 apu
887 2415 950 2456 eum
971 2397 1005 2456 sit
1025 2418 1138 2478 regnum
1151 2397 1249 2473 solum,
1258 2411 1285 2457 et
1304 2420 1357 2459 non
1378 2402 1510 2480 gehenna.

61 2475 161 2556 ιίμονες
180 2477 286 2556 γίενναν
308 2480 480 2557 ὁμολογῶσιν
505 2468 587 2536 εἶναι·
602 2476 642 2535 διὸ
663 2476 710 2534 καί
761 2476 856 2554 ltaque
872 2476 1017 2570 iomieatop
1030 2490 1056 2536 et
1076 2476 1184 2536 adulter
1197 2491 1224 2536 et
1243 2478 1290 2555 qui
1313 2496 1436 2541 sexcenta
1457 2505 1513 2543 see-

182 2548 710 2716 llali‘aaaelaaa:
761 2556 816 2714 aa
829 2556 1469 2717 aaa„aleaaeatffaamat
1486 2564 1513 2703 a

61 2716 134 2775 ια’νων
148 2716 344 2797 ὁμολογούντων
363 2715 441 2782 αὐτὸς
463 2714 640 2797 ἀρνούμενοςς
654 2719 710 2781 πῶς
762 2736 869 2774 omnem
879 2716 1028 2794 angelicam
1039 2715 1267 2775 conversationem
1273 2718 1512 2795 exhibuitiQuod

61 2805 93 2875 ᾳς
108 2796 153 2855 τόν
167 2796 325 2855 διδάσκαλον
339 2799 392 2854 τῶν
411 2799 534 2874 πονηρῶν
549 2793 649 2854 τούτων
663 2795 708 2854 δο-
763 2793 785 2852 si
801 2816 853 2853 nou
868 2793 904 2853 sit
918 2795 1049 2875 gebenna,
1067 2795 1226 2853 resuraectio
1243 2817 1308 2856 vero
1327 2799 1406 2890 plane
1421 2800 1512 2861 lumea

61 2873 110 2936 ,Ὁ
122 2875 174 2956 γάρ
191 2875 235 2934 τὸν
250 2875 276 2944 ἐξ
299 2879 316 2934 ἀ
351 2877 384 2945 ἧς
404 2874 544 2946 ἀπατήσας
557 2874 710 2954 ἄνθρωπον,
728 2872 897 2948 Bes13mali
921 2894 1027 2952 quoquo
1045 2874 1117 2933 bona
1133 2873 1226 2933 eadem
1251 2897 1311 2954 quae
1326 2878 1396 2957 Justi
1420 2900 1512 2941 oense-

61 2954 126 3014 Ιἀσει
147 2954 272 3035 μειζόνων
291 2956 342 3014 aa
352 2955 416 3025 δων,
432 2953 476 3012 καί
498 2959 550 3013 τῶν
573 2957 600 3013 ἐν
616 2954 709 3034 χερσίν
762 2966 887 3032 quantur.
902 2953 972 3025 Quis
989 2954 1039 3013 boe
1052 2952 1249 3012 dicereaudeat
1264 2956 1403 3017 ueletiam
1416 2980 1451 3018 ex
1465 2961 1510 3036 iis,

71 3033 147 3093 αι’πθν
171 3036 285 3113 ἀγαθῶν,
308 3024 381 3100 οὗτός
395 3037 466 3093 ἐστιν
480 3038 494 3093 ὁ
508 3033 553 3093 καί
567 3039 611 3092 νῦν
627 3040 710 3093 ταῦτα
762 3033 861 3111 quibus
880 3053 955 3092 meos
972 3047 1012 3092 est
1031 3031 1140 3114 penitus
1156 3032 1192 3092 de
1212 3035 1325 3093 sanitate
1345 3036 1512 3099 deturbata?

61 3137 95 3172 ων
113 3114 200 3195 λέγειν
208 3137 238 3172 τι
251 3112 297 3172 καλ
314 3122 397 3172 νοεῖν·
414 3113 459 3172 καί
472 3113 516 3172 διά
534 3118 612 3172 τοῦτο
626 3113 710 3172 πείθει
762 3112 894 3172 imovero
903 3111 965 3192 quis
980 3133 1109 3191 umquam
1119 3112 1226 3172 daemon
1237 3113 1289 3173 boe
1299 3114 1420 3177 dixerit?
1432 3120 1511 3180 Certe

61 3193 184 3253 πιστεύειν
205 3193 244 3272 μὴ
257 3183 326 3252 εἶναι
347 3191 462 3271 γίενναν,
483 3191 528 3250 ἵνα
548 3192 651 3271 ἐμὸάλῃ
674 3196 710 3259 είς
763 3191 814 3272 ipsi
833 3191 914 3251 etiam
934 3191 1068 3251 demones
1090 3192 1237 3272 gehennam
1256 3214 1312 3253 esse
1331 3197 1509 3275 eonfitemur,

77 3272 132 3333 Καὶ
152 3273 204 3353 γάρ
226 3278 241 3333 ὁ
260 3272 329 3339 Θεὸς
342 3270 500 3340 ἀπεναντίας
521 3272 623 3331 ἀπειλεῖ
635 3271 710 3351 γέεν-
762 3271 824 3330 ideo
837 3270 999 3347 clamabant,
1009 3270 1129 3330 dicentes
1143 3295 1150 3328 ι
1167 3274 1279 3333 Venisti
1289 3276 1346 3334 buc
1357 3289 1428 3336 aule
1438 3291 1509 3338 tem·
1519 3304 1605 3349 Μηςςη,
1621 3301 1645 3351 3,

62 3351 203 3430 ιἡτοίμασε
219 3351 336 3431 γέενναν,
356 3350 400 3409 ἵνα
413 3357 490 3429 ἡμεῖς
508 3351 650 3429 μαθόντες,
665 3350 708 3410 ού·
760 3371 815 3432 pus
835 3364 969 3431 torquere
988 3357 1060 3410 nos?
1075 3350 1219 3423 Quomodo
1233 3351 1319 3432 igitur
1340 3375 1393 3415 non
1409 3358 1510 3419 vereris
1521 3377 1559 3424 ²9·

61 3431 117 3499 553<
132 3431 282 3512 βιώσαιμεν,
296 3436 342 3490 τοῦ
352 3430 415 3509 μὴέ
438 3439 528 3490 πεσεῖν
541 3433 578 3499 εἰς
592 3431 707 3510 γέενναν.
762 3445 789 3490 et
809 3430 1031 3511 perbone-§eiam
1048 3429 1139 3507 bomo,
1162 3451 1269 3513 negare,
1287 3433 1355 3492 dum
1376 3435 1511 3499 daemones

61 3536 75 3571 a
88 3514 112 3571 εί
122 3511 229 3648 γεέννης
242 3509 321 3613 ούσης
339 3455 486 3615 ὁιδιοίύιολός
499 3533 528 3569 σε
549 3518 631 3570 ταῦτα
646 3512 708 3568 ἀνα·
763 3509 943 3570 eonfitemur?
962 3509 1098 3602 quomodo
1124 3532 1269 3602 praporum
1292 3513 1451 3635 bujpsmodi
1463 3518 1512 3578 do

61 3588 709 3746 bazmllffialllbtfflltllia
762 3590 1512 3763 ,llllffilffllllssssllb‘lbalffl

61 3755 121 3829 στῇ
136 3749 211 3830 ἀδείᾳ
223 3747 358 3829 γενόμενοι
377 3747 508 3828 ρᾳθυμότε
525 3771 567 3817 οι,
581 3752 639 3825 μετ’
660 3750 709 3807 αὐ·
772 3750 813 3808 ori
827 3769 875 3829 spe
885 3750 1022 3886 proposita
1034 3748 1114 3808 bonis
1128 3769 1191 3808 eum
1203 3750 1291 3840 ejecit,
1305 3774 1366 3831 quae
1380 3753 1508 3817 inmani.

61 3830 82 3890 τὸ
103 3836 157 3910 πῦρ
180 3833 263 3889 ἐκεῖνο
277 3827 451 3907 ἐμπίσωμεν;
465 3772 524 3886 Καί
540 3827 708 3908 πῶς,φησλ,
758 3771 814 3889 bus
827 3840 914 3903 eraut,
951 3829 975 3887 'c
994 3842 1044 3904 eat,
1054 3828 1102 3907 qui
1114 3848 1185 3887 nuno
1202 3843 1253 3888 asta
1266 3833 1387 3911 suggerit
1395 3833 1508 3896 dicenda

61 3909 161 3988 ιλόγοον
175 3911 199 3969 ol
213 3905 349 3986 δαίμονεςς
364 3906 422 3980 Τὴν
439 3906 555 3987 ἀνάγκην
571 3910 600 3966 od
614 3907 708 3987 φόρον·
762 3908 807 3969 vel
823 3907 979 3998 eogitauda3
993 3920 1019 3966 et
1033 3906 1134 3965 idcirco
1148 3907 1300 3986 persuadet,
1320 3924 1353 3968 ut
1364 3914 1507 4004 suspieen-

74 3987 242 4067 όπικειμόνην
268 3991 363 4054 αὐτοῖς.
387 3985 471 4066 Ἅπερ
495 3975 539 4045 ούν
565 3987 710 4054 ἐννοοῦντες
726 3993 745 4041 C
762 4003 806 4047 tur
819 3985 930 4065 quadam
942 4006 994 4044 nou
1007 4006 1063 4044 esse
1076 3985 1236 4065 gebennam,
1252 4001 1282 4045 ut
1295 3988 1399 4069 injiciet
1409 4013 1438 4051 m
1457 4015 1505 4074 ge-

69 4069 243 4129 καιέσθωσαν
254 4066 300 4126 καὶ
322 4064 430 4135 ίαυτοίις
448 4066 494 4125 καί
516 4064 619 4146 ἐτέρους
640 4069 707 4125 ἀπα
761 4067 887 4126 bennam.
903 4064 1062 4125 Deusenim
1080 4086 1115 4123 ex
1130 4064 1243 4124 adverso
1254 4066 1402 4146 gehennam
1420 4073 1508 4133 mina-

61 4151 172 4208 θταῦτα
190 4136 366 4225 λόγοντις.”0
375 4145 444 4211 θεὸς
467 4143 532 4225 γὰρ,
553 4145 643 4225 φησίν,
657 4149 708 4224 ἐμ-
762 4161 817 4223 tur,
832 4158 857 4205 et
869 4142 1018 4225 gebennam
1039 4144 1153 4224 paravit,
1166 4157 1197 4205 ut
1212 4166 1273 4204 eum
1286 4167 1335 4206 nos
1356 4148 1385 4209 id
1398 4155 1506 4212 noveri-

61 4226 121 4302 ίξει,
138 4226 231 4293 όΘεὸς
251 4228 340 4304 ἡμῶν,
360 4225 406 4284 καλ
419 4226 449 4284 ού
463 4226 708 4303 παρασιωπήσεται,
762 4247 833 4299 mus,
842 4226 879 4284 ita
890 4223 935 4305 pie
943 4223 1078 4301 vivamus,
1088 4236 1119 4283 ιιῖ
1131 4223 1160 4282 in
1172 4223 1321 4304 gehennam
1331 4248 1384 4287 nou
1398 4229 1506 4292 iueida—

61 4330 123 4368 πιον
132 4307 211 4365 αὐτοῦ
222 4304 394 4382 καυθήσεται,
405 4304 450 4363 καλ
464 4303 553 4383 κύκλῳ
565 4307 644 4364 αὐτοῦ
659 4328 708 4363 κα·
762 4326 831 4364 mus.
841 4305 1013 4382 Quamquam
1026 4302 1048 4362 ei
1066 4324 1129 4362 eum
1142 4303 1177 4362 sit
1190 4304 1320 4383 gebenna,
1338 4305 1396 4366 baec
1406 4309 1504 4372 diabo-

61 4387 153 4468 φοόρά.
168 4387 229 4465 Πῦρ
247 4383 357 4443 ἐνώπιον
384 4387 463 4443 αὐτοῦ
484 4381 707 4464 προπορεύσεται,
761 4386 804 4444 lus
817 4384 870 4444 tibi
887 4382 1037 4464 persuadet,
1050 4381 1186 4461 quomodo
1209 4383 1343 4445 daemones
1360 4407 1419 4448 eam
1443 4411 1506 4452 eon-

61 4476 100 4527 ιεῖ
113 4465 201 4525 κύκλοι
211 4463 270 4532 τοῦς
317 4462 392 4543 θροῦς
403 4466 491 4522 αὐτοῦ.
514 4462 567 4521 Καὶ
584 4462 650 4531 τίνες
671 4469 708 4523 εἰ·
759 4464 820 4524 lessi
843 4474 939 4536 essem,
955 4464 978 4521 si
996 4482 1050 4520 nou
1069 4475 1145 4538 esset,
1163 4462 1263 4554 quibus
1280 4463 1309 4523 id
1328 4472 1508 4532 estmaxime

61 4545 112 4627 lpol
121 4551 166 4604 τοῦ
178 4524 266 4618 ίέεοῦ,
277 4467 337 4603 ἀλλ’
350 4541 369 4613 ἢ
380 4546 404 4602 οἱ
417 4541 524 4622 πόρνοι,
536 4544 561 4601 ol
572 4542 674 4623 μοιχοί,
684 4549 707 4604 οί
760 4565 841 4619 curae,
854 4555 885 4601 ut
897 4561 947 4600 nos
959 4540 1029 4600 nibil
1042 4541 1096 4632 tale
1110 4562 1287 4633 auspicemur,
1300 4565 1355 4623 quo
1365 4551 1507 4611 εσοωῖεοεο

61 4636 131 4699 ῖται,
146 4627 170 4685 ol
192 4622 323 4701 μαλακοί,
332 4623 357 4682 ol
373 4621 578 4704 εἰδωλολάτραι,
590 4624 614 4681 ol
629 4624 707 4682 πλεο-
761 4645 793 4683 ιισ
812 4622 965 4702 ligentioreo
978 4621 1065 4680 elieon
1077 4621 1216 4702 cumipsis
1227 4623 1255 4682 iu
1270 4623 1361 4702 ignem
1375 4626 1455 4689 illum
1465 4632 1506 4689 in·

61 4708 78 4766 al
102 4703 226 4783 μέθυσοι,
247 4705 292 4762 *ol
307 4701 442 4782 ἐπίορκοι,
465 4704 489 4760 ol
512 4701 670 4781 γογγυσταί,
683 4707 707 4763 ol
760 4643 900 4762 cilamm?
914 4700 969 4773 Qui
986 4701 1087 4760 iactum
1100 4714 1140 4760 est
1152 4715 1253 4780 autem,
1267 4702 1459 4786 dioetaliquis,
1477 4725 1506 4769 ιιι

62 4788 87 4844 ol
102 4781 277 4861 praelatatum,
290 4783 315 4839 oi
336 4781 515 4862 ὑπερήφανοι,
527 4782 553 4838 ol
571 4781 707 4854 ἀλαζόνες,
760 4797 818 4841 tum
829 4781 962 4841 demones
976 4781 1259 4863 latereuluri'Quippe
1266 4783 1315 4862 qui
1327 4789 1507 4848 necessitatem

61 4869 175 4944 γονεῦσιν
201 4864 330 4935 ἀπειθεῖς,
347 4864 372 4919 οἱ
394 4861 580 4938 ἀνελεήμονεςς
597 4860 707 4929 Τούτοις
760 4861 826 4942 ipsis
838 4860 1037 4921 incumbentem
1060 4859 1172 4919 minime
1187 4862 1295 4921 ferrent.
1312 4865 1379 4935 Qum
1398 4867 1508 4946 pridem

70 4949 105 5024 τῇ
126 4941 226 5024 φοόερᾷ
249 4944 297 5011 τῆς
316 4945 404 5012 κοινῆς
428 4938 596 5008 ἀναστάσεως
619 4940 707 5020 ἡμέρᾳ
760 4940 851 5001 omnia
865 4953 953 4999 mente
964 4952 1098 5001 versantes
1108 4938 1232 4999 desinant
1246 4954 1272 5000 et
1285 4942 1386 5025 seipsos
1403 4959 1428 5005 et
1441 4947 1508 5006 alios

69 5109 172 5179 paulum
185 5108 286 5162 variant
297 5111 323 5163 iu
341 5108 560 5174 mammenus
577 5107 641 5162 bene
659 5109 704 5162 be·
746 5111 788 5164 bet
798 5129 822 5163 v.
836 5111 854 5162 l.
867 5113 959 5184 κρίσις]

61 5204 115 5246 lor.
129 5192 270 5258 [κολάζεται
285 5197 299 5252 ἦ
311 5195 377 5250 δῆλον
389 5198 424 5245 ὅτι
432 5232 439 5254 ,
447 5197 529 5245 ἐκείνου
538 5195 703 5254 κσλαζομίνοιι,
779 5206 789 5229 ·
807 5190 877 5242 Unus
885 5198 919 5258 μὴ
931 5191 1006 5242 οὖσαν.
1017 5188 1061 5254 [Et
1075 5184 1109 5238 ila
1121 5185 1217 5239 editum
1227 5190 1253 5239 iu
1270 5189 1323 5254 lpso
1333 5186 1438 5260 Cbryss]

61 5269 128 5321 ΙιιιιίΙ.
144 5266 218 5320 ldem
236 5285 370 5335 eupropio
391 5276 490 5341 τιμωρία
513 5270 539 5320 in
559 5285 639 5336 marg.
654 5268 706 5319 ba·
780 5269 1077 5339 ’[οῖλοίθοροι,οῖῦόλιοι
1104 5263 1425 5339 οῖῦθρισεαῖοάαθῖὸανίί]
