3750 5940
213 40 348 145 wil-„2-

356 453 391 504 tn
416 453 574 504 toanunn
596 452 714 501 nonin.
744 453 801 522 aa..
829 429 877 505 al.
906 457 974 507 arx.
1059 452 1063 461 ·
1393 434 1465 523 dod

61 575 163 646 ιιδιῖξαι
173 575 280 658 γνήσιον
291 578 355 639 ὄντα
367 579 535 652 διδάσκαλον,
545 576 591 636 καί
605 576 669 694 πρδς
722 580 754 632 r'n
768 581 909 663 mortibus
911 581 1099 662 frequenter.
1116 581 1186 641 Cum
1199 583 1271 642 enim
1278 582 1387 656 diceret,
1397 582 1467 642 Sum

61 669 192 737 ποστολους
207 670 495 752 σἰντιπαριξήγαγετδν
451 669 602 749 τονλόγον,
617 667 670 729 άπδ
723 669 786 741 tux,
799 671 869 729 Sum
882 677 959 746 vita,
976 696 1011 733 ex
1028 675 1098 735 tastu
1117 674 1192 754 loqui
1216 671 1289 756 apud
1312 675 1469 756 insipientes

61 787 91 822 νιν
103 761 196 821 aui*
160 786 213 822 των
227 761 345 823 tantm
360 763 451 823 ἑαυτὸν
470 760 670 834 συνίστησιλέ·
722 758 883 838 videbatur3
896 785 958 823 cum
972 787 1035 825 vero
1050 764 1167 838 dicebat,
1192 766 1264 825 Mori
1279 765 1350 841 volo,
1365 766 1468 824 nullam

61 857 154 933 πληγαῖς
165 853 404 937 ὕπερὸαλλόντως,
426 858 452 914 ἐν
468 855 588 920 δανάτοις
606 855 670 912 πολ·
723 850 775 910 sibi
791 852 922 914 invidiam
931 857 1062 937 pariebat.
1087 856 1151 917 Ideo
1169 857 1215 916 hic
1239 879 1292 916 non
1314 856 1408 917 dicunt
1432 856 1468 933 ei,

63 945 163 1028 μίνγδρ
182 945 280 1026 λέγειν,
298 946 340 1008 ὅτι
358 949 424 1016 Φῶς
437 950 508 1024 εἶμι,
529 944 590 1019 καί,
605 944 668 1016 Zoni
726 947 770 1008 Tu
786 952 983 1009 testimoninm
1005 954 1140 1031 perhibes
1160 954 1198 1011 de
1213 957 1314 1032 teipso,
1337 956 1467 1011 testimo·

61 1063 76 1098 n
90 1028 151 1098 τίνοι
164 1037 247 1119 cripui
266 1037 341 1122 παρὰ
361 1047 415 1107 τοῖς
436 1039 569 1110 ἀνοήτοις·
591 1037 621 1097 τὸ
641 1035 669 1098 δὲ
724 1043 804 1098 nium
817 1053 899 1099 tuum
912 1064 1016 1101 verum
1031 1056 1156 1102 nonest.
1171 1043 1229 1102 Hoc
1243 1043 1326 1104 verbo
1340 1063 1467 1123 magnam

61 1135 163 1191 αοδσνεῖν
194 1131 340 1211 βούλομαι,
368 1131 492 1210 οὐδεμίαν
521 1130 667 1210 βασκανίαν
722 1132 867 1192 exhibebat
877 1155 980 1212 curam,
992 1136 1015 1196 si
1025 1135 1137 1215 quidem
1146 1158 1197 1218 pro
1217 1136 1400 1219 lapidantibus
1421 1159 1468 1198 vo·

67 1224 154 1304 ρίόνον.
166 1224 220 1284 Διὰ
230 1232 308 1284 τοῦτο
322 1223 381 1285 aaut
396 1224 516 1304 λέγωσιν
528 1227 612 1304 αὐτῷ·
629 1223 667 1284 Et
686 1234 704 1280 B
721 1224 793 1283 lebat
807 1246 836 1284 se
845 1225 959 1287 tradere.

66 1316 115 1397 περὶ
132 1322 292 1389 σεαυτοῧ·ἡ
313 1316 446 1400 μαρτυρία
466 1340 512 1375 σου
527 1318 573 1376 οὐκ
598 1315 668 1376 ἔστιν

61 1407 125 1479 ολλὴν
136 1408 189 1490 γάρ
201 1407 302 1468 ίδείκνυ
321 1409 353 1468 τὸ
372 1413 445 1491 ῥῆμα
462 1407 630 1486 κηδεμονίαν,
645 1407 670 1468 τί

61 1501 238 1569 ἰιλιθαζόντιυν
253 1501 375 1562 ίὸυῦλιτο
389 1502 481 1562 ἑαυτὸν
498 1502 627 1561 ἐκδοῦναι.

61 1602 132 1663 aaut
146 1602 275 1685 εὐκαίρως
284 1603 328 1663 τὸν
339 1603 400 1685 περὶ
410 1607 463 1663 τῶν
474 1605 555 1664 ἐθνῶν
569 1604 669 1682 εἰσάγει
761 1599 790 1655 9.
806 1597 949 1676 Propterea
961 1595 996 1656 de
1020 1594 1145 1676 gentibus
1158 1608 1309 1676 opportune
1318 1615 1466 1655 sermonem

61 1696 117 1778 ιγδρ
127 1696 174 1755 καί
187 1696 257 1756 ἄλλα
268 1697 390 1777 πράόατα
404 1695 473 1778 ἔχω,
485 1695 576 1778 φησίν,
593 1698 609 1756 ἃ
623 1701 669 1758 οὐκ
723 1687 835 1748 inducit.
851 1692 900 1749 16.
916 1693 1036 1748 Etenim
1044 1691 1121 1748 olias
1134 1709 1200 1747 ortes
1212 1690 1316 1759 habeo,
1329 1710 1394 1769 qrtoe
1407 1710 1467 1747 non

61 1786 80 1854 ἧς
94 1787 169 1857 αὐλῆς
187 1784 301 1857 ταύτης·
316 1786 425 1846 κάκεῖνά
450 1809 483 1865 με
499 1787 537 1844 δεῖ
551 1790 667 1867 ἀγαγεῖν.
722 1796 790 1841 sunt
802 1805 838 1841 ex
848 1786 903 1842 hoc
917 1785 1006 1842 ovili:
1016 1796 1043 1841 et
1057 1783 1127 1841 illos
1137 1794 1247 1862 oportet
1255 1803 1301 1840 me
1311 1783 1465 1841 adducere.

61 1875 104 1949 ιτδ,
110 1879 171 1950 Δεῖ,
183 1882 256 1958 ῥῆμα
266 1876 396 1954 κείμενον,
406 1881 453 1937 οὐκ
464 1877 578 1958 ἀνάγκης
587 1880 668 1954 ἐστὶν,
723 1873 764 1932 En
778 1896 871 1934 rursus
883 1896 977 1935 vocem
991 1878 1109 1955 Oportet
1130 1873 1252 1952 adhibet,
1272 1896 1331 1953 quae
1345 1894 1397 1933 non
1417 1895 1464 1934 ne·

61 1966 136 2035 άιτοις
150 1969 276 2049 ίσομίνου
291 1969 451 2043 δηλωτικόν·
468 1971 565 2030 ὡσανεί
578 1972 668 2049 ἔλεγε·
722 1969 871 2029 cessitatem
885 1969 998 2044 indicat,
1011 1968 1059 2028 sed
1072 1990 1129 2028 rem
1141 1989 1251 2049 prorsus
1266 1990 1321 2027 esse
1331 1969 1464 2045 suturam3

61 2082 97 2135 τι,
109 2064 131 2119 εί
142 2052 214 2122 οὗτοί
229 2086 274 2142 μοι
284 2062 423 2140 μέλλουσιν
435 2061 561 2136 docebor,
575 2065 621 2125 καί
635 2064 668 2124 τά
721 2083 753 2121 ac
763 2062 785 2121 si
798 2062 917 2123 diceret:
933 2061 1008 2135 Quid
1021 2061 1168 2136 miramini,
1179 2060 1202 2119 si
1217 2061 1247 2120 bi
1272 2083 1315 2120 me
1325 2061 1465 2140 sequuturi

61 2155 176 2234 ἤςρυνῆς
189 2178 239 2233 μου
253 2153 373 2228 dandam
385 2154 470 2216 Ὅταν
480 2155 532 2239 γάρ
543 2157 588 2217 καί
599 2158 667 2218 ἄλλα
721 2168 791 2228 sunt,
803 2156 935 2215 σιτίοισι
947 2176 1041 2215 vocem
1053 2176 1141 2214 meam
1151 2169 1213 2213 suut
1223 2153 1378 2213 auditurae?
1394 2155 1464 2214 Cum

61 2248 239 2323 abundabam,
249 2247 297 2308 καί
306 2251 354 2319 τῆς
363 2254 451 2329 φωνῆς
462 2274 512 2327 μου
522 2251 666 2325 ἀκούοντα,
720 2247 791 2306 euim
805 2247 872 2305 alias
881 2268 924 2306 me
934 2259 1072 2325 sequentes
1085 2244 1222 2322 videbitis,
1232 2259 1257 2305 et
1269 2267 1362 2305 vocem
1377 2266 1465 2304 meam

61 2336 168 2417 γάστσδι
191 2343 324 2417 μιιζόνως.
350 2342 384 2399 Et
407 2339 434 2398 δὲ
453 2339 542 2421 λέγει,
562 2339 593 2401 Ἃ
619 2346 666 2403 οὐκ
684 2347 702 2392 C
719 2340 866 2415 audientes,
881 2354 945 2400 tunc
960 2340 1048 2420 magia
1056 2340 1258 2421 obstupescetia.
1274 2339 1332 2399 Etsi
1342 2361 1407 2399 uero
1417 2339 1463 2399 di·

61 2433 82 2500 ἤς
102 2431 182 2502 αὐλῆς
197 2429 309 2505 ταύτης,
332 2432 370 2509 μὴ
389 2433 545 2514 δορυάηδῇς.
560 2432 595 2492 ‘ll
613 2433 665 2516 γάρ
718 2447 760 2492 rat
762 2436 855 2513 ‚Quor
869 2446 1052 2494 nonsuntex
1064 2435 1119 2492 Ιιοσ
1131 2434 1212 2504 ονὶίί,
1228 2454 1261 2491 ne
1271 2432 1395 2492 turberis.
1405 2432 1464 2491 nit·

61 2518 135 2598 ρίτδν
155 2518 236 2599 νόμον
253 2520 342 2600 μόνον,
357 2522 477 2604 καθάπερ
495 2523 540 2582 καὶ
558 2525 665 2583 δΠαῦ-
716 2527 824 2584 ferentia
841 2525 951 2585 enimin
969 2523 1129 2631 iegesoium
1154 2538 1204 2599 est,
1220 2537 1249 2581 ut
1274 2524 1312 2581 ait
1333 2523 1459 2583 Patulus:

61 2608 121 2670 utu
131 2613 263 2692 περιτομή
273 2637 299 2672 τι
312 2612 481 2694 ίσγύει,οὗτε
492 2615 663 2696 άκροδυστια
716 2620 818 2698 Neque
830 2636 1011 2676 circumcisio
1023 2614 1140 2696 aliquod
1147 2615 1236 2685 valet
1249 2636 1342 2695 neque
1348 2636 1501 2734 proepu
1474 2623 1493 2654 ¹·
1505 2607 1558 2655 σθ’·
1573 2622 1595 2671 7·
1627 2661 1630 2669 ,

61 2702 108 2762 ;διῐ
117 2707 236 2783 ἀγαγεῖν.
250 2704 387 2783 Δείκνυσιν
402 2707 563 2788 ἀμφοτέρους
573 2710 663 2790 ἐσκορ
716 2717 800 2770 tium.
817 2714 858 2769 Et
877 2711 947 2769 illas
970 2720 1081 2788 oportet
1095 2730 1142 2766 me
1161 2709 1314 2767 arlducere.
1337 2686 1509 2768 Declarat9'

61 2793 91 2855 αλ
104 2795 279 2911 μεμιγμένους
288 2795 335 2857 καί
346 2798 472 2876 ποιμένας
483 2803 530 2859 οὐκ
542 2800 662 2881 ἔχοντας,
715 2817 842 2880 utrosque
850 2800 983 2880 dispersos
996 2813 1023 2860 ct
1033 2798 1193 2858 commixtos
1207 2820 1272 2874 esse,
1283 2799 1340 2858 sine
1349 2800 1461 2878 pastori-

61 2887 113 2946 σί
98 2889 220 2962 τούτους,
235 2889 308 2949 οὔπω
321 2914 368 2950 του
350 2893 463 2950 καλου
480 2894 663 2972 παραγενομέ-
714 2888 1133 2972 huncumnondumpastorille
1149 2890 1367 2950 bonusvenisset.
1378 2892 1461 2952 Dein·

61 2969 164 3048 redire
184 3005 229 3039 και
218 2979 297 3052 τὴν
314 2980 506 3059 μιλλουσαν’
477 2987 563 3042 αυτῶν
577 3008 662 3067 προσ
714 2986 748 3046 de
763 2986 882 3045 suturam
902 2983 1011 3043 illorum
1033 2970 1248 3086 conjunctionem
1274 2984 1457 3089 prenuntiat:

61 3072 227 3153 νάριιαν,δτι
244 3069 372 3132 Εσονται
387 3072 435 3150 μία
449 3074 558 3153 ποίμνη
572 3075 663 3158 Οπερ
714 3081 755 3138 Et
764 3083 819 3137 errt
833 3097 923 3136 unum
937 3077 1023 3135 orale
1036 3072 1152 3146 Quod
1144 3079 1235 3154 ipsum
1255 3075 1397 3134 Pardus
1375 3076 1460 3154 signi·

61 3163 120 3223 α’λιν
134 3169 148 3224 δ
163 3166 267 3232 Παῦλος
279 3165 408 3237 ίοηλωσεν
423 3166 518 3226 ιίπών·
530 3165 642 3227 Ἵνα
604 3194 663 3238 τους
714 3173 822 3233 stravit:
841 3174 879 3231 Ut
898 3172 971 3229 datos
985 3170 1138 3228 condutio
1152 3172 1306 3248 semetipso
1321 3173 1353 3228 in
1368 3171 1554 3278 unumehtt
1569 3185 1593 3218 ²·

61 3257 83 3315 ἐν
106 3260 191 3316 ἑαυτῶ
213 3257 285 3324 eie*
269 3282 316 3316 ενα
340 3258 429 3318 καινδν
445 3259 592 3342 ἄνθρωπον.
610 3262 662 3322 Διὰ
680 3275 699 3322 Ι)
715 3285 821 3323 novum
836 3265 993 3322 hominem.
1004 3262 1051 3319 17.
1063 3263 1224 3340 Propterea
1234 3281 1280 3318 me
1291 3248 1508 3341 diligttPa

61 3354 150 3430 γαπομδ
168 3319 283 3430 ίΙατ-λρ
299 3349 341 3410 δτι
364 3349 416 3429 ἐγὼ
437 3350 485 3424 την
508 3354 596 3434 ψυχήν
612 3378 661 3433 μου
714 3370 767 3429 ter,
784 3361 856 3438 ριιία
875 3375 928 3436 ego
942 3358 1075 3413 animam
1091 3373 1288 3432 meampono,
1308 3358 1460 3414 utiterum

61 3442 155 3501 ιπαλιν
169 3443 288 3502 λάάω’
260 3443 351 3515 αυτήν.
371 3442 423 3502 Καὶ
436 3443 463 3502 τί
482 3452 528 3505 τοῦ
545 3447 662 3528 ῥήματος
713 3453 857 3529 accipiam
871 3468 947 3506 eam.
961 3442 1070 3523 Ecquid
1088 3444 1140 3503 hoc
1155 3443 1237 3503 verbo
1252 3443 1444 3516 humilius?'
1422 3467 1459 3505 st·

61 3533 175 3613 ιινάερον
187 3534 281 3615 γένοιτ’
298 3534 340 3608 διν,
359 3534 384 3594 εἴ
395 3559 425 3616 γε
439 3537 473 3594 δι’
490 3542 562 3616 ἡμᾶς
577 3543 591 3596 δ
607 3542 660 3598 Aa·
713 3540 822 3620 quidem
837 3553 947 3621 propter
959 3559 1006 3597 nos
1017 3537 1151 3597 Dominus
1172 3535 1304 3596 amandus
1318 3551 1368 3609 est,
1388 3559 1459 3616 quo-

61 3631 151 3686 τασδαι
170 3628 261 3704 μέλλει
284 3631 298 3686 δ
318 3627 460 3709 ἡμέτερος,
483 3630 574 3704 ἐπειδὴ
595 3632 661 3711 ὑπὲρ
714 3633 786 3692 niam
796 3654 846 3737 pro
861 3631 939 3692 nobis
952 3630 1075 3690 moritur.
1091 3626 1166 3702 Quid
1183 3648 1256 3708 ergo,
1269 3627 1413 3690 dtcmrh1⁹
1426 3652 1460 3691 an

61 3715 152 3792 deren
167 3707 247 3778 Τί
217 3741 271 3793 ουν,
287 3720 344 3780 εἶπέ
365 3745 426 3798 μοι,
448 3721 492 3780 τὸν
513 3721 660 3803 ἔμπροσθεν
713 3725 844 3830 superiori
855 3740 974 3806 tempore
989 3745 1041 3783 nou
1055 3722 1229 3827 diligebatur,
1247 3721 1291 3780 sed
1309 3744 1379 3782 nunc
1390 3723 1460 3782 dili-

76 3812 205 3890 ἠγαπᾶτο,
221 3809 338 3870 ἀλλά
308 3836 352 3870 νυν
371 3818 419 3885 τῆς
440 3813 545 3929 ἀγάπης
534 3814 661 3896 ςήρξοιτο
713 3840 775 3899 gere
800 3818 898 3899 inrepit
925 3819 1012 3894 Pater,
1034 3830 1059 3875 et
1080 3838 1129 3874 nos
1150 3815 1177 3873 in
1191 3836 1270 3874 causa
1284 3816 1383 3874 amoris
1406 3816 1460 3897 ipsi

62 3902 102 3960 mi
123 3909 202 3981 ἡμεῖς
222 3901 366 3984 γεγόναμεν
386 3910 434 3976 τῆς
461 3906 566 3987 ἀγάπης
588 3910 660 3989 αυτῷ
712 3906 1458 3989 fuimusWiden'qnantumnostraeseaccommodetiu-

61 4001 88 4073 ᾷς
103 3999 159 4062 πῶς
185 3993 365 4078 κίχρηταιτῇ
390 3998 604 4077 συγκαταθάσει,
624 3999 661 4060 Τί
712 4004 853 4064 firmitati?
869 4001 943 4075 Quid
959 4001 1004 4060 liic
1017 4022 1080 4080 ergo
1094 3998 1296 4079 vultprobarei'
1311 3999 1380 4057 Cum
1394 3999 1460 4058 alie-

61 4107 70 4141 ι
90 4089 286 4148 κατασκευάσαι
306 4088 447 4167 βούλεται,
472 4089 583 4165 Ἐπειδὴ
608 4095 658 4151 ἀλ·
712 4119 778 4156 num
792 4096 893 4156 illuma
907 4095 986 4153 Patre
995 4108 1020 4151 et
1030 4092 1199 4172 deceptorem
1210 4088 1340 4166 dicerent,
1353 4089 1458 4171 ipsum·

61 4184 79 4235 n
100 4179 188 4259 ἔλεγον
211 4184 257 4239 τοῦ
282 4181 388 4261 Πατρὸς
412 4182 456 4241 καί
481 4186 592 4259 πλάνον,
613 4185 659 4244 καὶ
711 4189 915 4268 queinpestcm
928 4208 959 4245 ac
973 4184 1119 4266 perniciem
1136 4181 1249 4256 venisse,
1265 4178 1332 4239 dicit
1355 4181 1415 4240 ille:
1428 4182 1459 4242 si

62 4292 109 4330 κιιν
138 4272 218 4332 αὐτὸν
240 4273 285 4332 καί
308 4273 441 4357 άπωλείομ,
468 4275 553 4354 λέγει·
571 4278 616 4336 καὶ
637 4281 658 4337 εί
677 4292 695 4338 E
712 4304 764 4341 non
780 4278 867 4356 aliud,
882 4278 952 4338 illud
965 4278 1058 4336 saltem
1073 4297 1115 4334 me
1125 4274 1161 4333 ad
1172 4295 1221 4332 vos
1234 4271 1363 4332 ornandos
1378 4273 1457 4335 indu·

65 4370 160 4435 ,τοῦτο
179 4370 241 4445 γοῦν
263 4390 296 4444 με
319 4364 420 4425 ἔπειθεν
442 4370 549 4449 ἀγαπᾷν
575 4373 657 4448 ὑμᾶς,
711 4375 762 4450 xit,
774 4372 848 4452 quod
864 4393 921 4449 vus,
934 4385 963 4430 nt
975 4384 1000 4430 et
1014 4390 1072 4448 ego,
1092 4389 1107 4426 a
1123 4369 1202 4426 Patre
1212 4365 1349 4442 amemini,
1358 4380 1384 4425 et
1398 4365 1458 4428 ideo

61 4460 244 4538 ἶςᾶγαπᾶσθαι
265 4459 339 4542 παρὰ
357 4466 402 4519 τοῦ
422 4463 527 4541 florei<
545 4466 580 4531 ὥς
596 4465 643 4542 ἐμέ
651 4488 656 4499 ·
711 4469 745 4527 ab
761 4466 809 4525 illo
820 4465 957 4537 amemini,
969 4462 1033 4542 quia
1046 4482 1095 4541 ego
1109 4481 1158 4541 pro
1171 4458 1250 4518 robis
1263 4458 1372 4518 morior.
1386 4462 1457 4520 Prae·

61 4556 90 4609 ’πο
110 4553 264 4630 ἀγαπᾶσθαι
285 4556 348 4633 παρ’
374 4554 470 4625 αὐτοῦ,
485 4556 576 4628 ἐπειδὴ
592 4556 657 4639 ὑπὲρ
711 4574 780 4619 terea
791 4557 861 4617 illud
875 4557 935 4616 vult
946 4554 1138 4628 demonstrare,
1149 4573 1177 4610 se
1191 4573 1243 4610 uon
1260 4551 1377 4612 invitum
1387 4575 1459 4612 mor-

61 4642 148 4714 τάσκω.
173 4645 226 4704 Καί
248 4644 317 4723 μετὰ
338 4645 430 4706 τούτου
455 4647 483 4706 δὲ
505 4648 550 4707 καλ
574 4653 658 4710 ἐκεῖνο
710 4650 863 4727 temadire;
887 4648 1000 4723 (namsi
1021 4645 1123 4706 invitus
1138 4659 1295 4715 moreretur,
1320 4645 1459 4723 quomodo

61 4756 80 4791 ιι
91 4735 212 4813 βούλεται
223 4782 231 4811 ,
241 4735 282 4796 δτι
294 4761 321 4795 τι
335 4740 381 4796 οὐκ
396 4738 466 4797 ἄκων
482 4740 525 4799 ἐπὶ
543 4741 573 4800 τὸ
586 4752 656 4822 πρᾶ-
710 4746 738 4805 id
751 4743 850 4802 amoris
864 4740 1004 4802 vinculum
1018 4737 1151 4813 fnisseti)
1170 4750 1196 4796 et
1209 4734 1283 4815 qnod
1297 4759 1328 4796 ea
1340 4738 1459 4798 maxime

70 4831 139 4902 ’(ῑῖ.
150 4827 203 4908 γὰρ
218 4828 300 4904 ἄκων,
311 4834 369 4896 πῶς
381 4829 486 4908 dreini<
505 4821 537 4905 iit
550 4857 656 4908 ποιητι-
709 4840 744 4898 sit
770 4836 857 4895 Patris
871 4834 1005 4894 voluntas.
1020 4831 1049 4892 Si
1064 4843 1154 4889 autem
1170 4828 1352 4889 utbomohoc
1366 4829 1457 4908 loqua-

61 4925 154 4994 22023)
169 4921 216 4980 mi
230 4921 270 4981 ὅτι
285 4920 330 4980 καί
343 4925 381 5002 τῷ
396 4924 485 5005 Πατρὶ
504 4929 562 5004 prb'
574 4930 657 5009 ὑπερ·
709 4943 764 5003 tur,
778 4950 811 4987 ne
833 4925 938 4986 mireris
953 4936 1170 5006 :sarpe'namqne
1190 4920 1272 5001 hujus
1289 4920 1327 4978 rei
1349 4941 1458 4979 causam

69 5012 145 5073 δοκεῖ.
163 5015 198 5073 Εἰ
212 5013 240 5074 δὲ
253 5018 288 5083 ὡς
302 5021 312 5047 ⁰
324 5014 459 5098 άνίλρωπος
472 5028 548 5080 τοῦτο
568 5022 657 5082 διαλέ-
709 5020 840 5094 diximus,
848 5017 1068 5100 superfluumque
1077 5027 1102 5072 et
1114 5035 1256 5072 onerosum
1265 5025 1333 5071 esset
1344 5012 1372 5070 id
1384 5033 1457 5094 repe·

61 5105 194 5186 ῦυμᾶσῃι·
208 5106 337 5175 πολλάκις
350 5107 401 5190 γὰρ
412 5109 462 5182 τὴν
473 5111 540 5193 ὑπὲρ
557 5111 655 5174 τούτων
710 5128 773 5174 tere.
789 5115 853 5194 Ego
863 5129 941 5192 pono
955 5112 1087 5169 animam
1109 5127 1215 5179 meam,
1233 5117 1265 5164 ut
1285 5109 1391 5164 iterum
1405 5124 1456 5164 su-

61 5290 123 5344 αὖτ’σς
135 5293 211 5339 πάλιν.
728 5305 736 5323 ·
755 5291 865 5356 Quidam
879 5297 994 5360 ἅνθρωπος
1006 5294 1080 5341 ταῦτα
1092 5289 1151 5337 unt.
