3750 5940
410 411 446 455 ιιι
472 407 607 456 rnrnuu
633 407 676 454 nr
702 406 836 454 mutum
864 405 990 453 ssuuo.
1432 381 1503 480 617

62 535 136 605 Υἱός.
158 533 193 596 Ὁ
211 530 310 615 Πατὴρ
346 535 363 551 ”
385 531 474 612 rute
511 530 595 590 ἐσσι
615 534 704 611 ῥῆμα,
759 527 867 603 dilecti,
883 527 1006 588 nondum
1019 527 1155 610 baptismo
1168 527 1307 607 initiatus,
1323 528 1411 589 veniat
1425 545 1451 589 et
1461 531 1504 591 vi·

62 617 173 682 Παῦλος
191 613 278 694 λέγει·
299 611 343 673 lt
360 635 403 672 ατε
422 611 471 683 τὴν
496 634 632 692 μαχαιρσν
658 616 705 669 τοῦ
759 607 839 684 deut,¹
849 606 985 686 quomodo
1006 607 1086 666 Pater
1107 606 1143 667 de
1163 608 1229 668 oaelo
1247 608 1344 668 elamet
1359 632 1366 666 ι
1382 611 1442 669 Hie
1460 622 1597 674 estuanti,
1614 626 1638 670 3.

61 719 104 766 ος,
118 694 136 756 ά
148 697 219 756 ἐστιν
236 697 310 776 ῥῆμα
328 692 412 752 Θεοῦ·
428 681 450 772 ᾧ
464 713 516 749 τινι
533 689 633 769 ῥήματι
646 687 704 756 τοὺς
761 689 859 747 Filius
870 708 951 747 naeus
964 687 1103 761 dilectus,
1120 692 1153 746 in
1166 709 1224 767 quo
1244 689 1317 763 milri
1337 691 1409 748 bene
1424 709 1504 748 com-
1516 704 1551 795 Ιγ·
1563 689 1619 732 lut·
1648 721 1653 732 ·

61 785 119 854 ,μῦς
132 773 259 846 συστάσει
279 774 306 831 ἐν
325 772 435 854 Χριστῷ
452 769 541 842 Ἰησοῦ
556 773 594 850 τῷ
614 768 705 848 Κυρίῳ
759 768 862 848 placui
873 791 882 823 .-
895 771 989 847 ipsum
1001 768 1110 826 audite.
1122 766 1372 846 Jordanisclamat,
1385 753 1526 848 ὃμίοὶιιισ3
1546 783 1552 794 ’

67 859 86 926 ἡ
104 851 168 922 δόξα
184 853 231 913 καί
244 851 275 912 τδ
288 849 400 933 κράτος,
413 852 449 916 είς
469 847 528 915 τοὺς
543 851 640 918 αἰῶνας
652 853 705 908 τῶν
762 868 822 906 τοττι
834 844 1088 920 emundat,Filium
1101 861 1179 906 vocat
1190 848 1285 921 Pater,
1299 846 1397 907 caelum
1407 869 1445 928 pu
1478 863 1507 907 at

61 933 145 1012 δμήν.
764 925 867 1000 Filius,
884 940 984 985 terram
1000 941 1113 986 exornat
1129 927 1264 1007 Spiritus,
1283 948 1424 1065 aeremtssre
1441 869 1506 987 itiu-

746 1018 837 1066 .strat.
859 1007 938 1065 Nune
951 1005 988 1064 im
1009 1006 1092 1079 latur,
1105 1005 1180 1084 quod
1193 1007 1258 1066 olim
1276 1028 1291 1064 a
1312 1028 1381 1087 prop
1402 1021 1443 1066 eta
1464 1007 1506 1067 di·

762 1099 837 1144 ctum
858 1087 967 1144 luerat:
1013 1089 1055 1145 ies
1065 1087 1125 1143 diei
1145 1099 1258 1145 eructat
1282 1090 1416 1145 verbum.
1444 1087 1657 1151 Diesrsatmso.

765 1165 858 1236 Pater,
877 1164 934 1224 dios
945 1164 1044 1239 Filius,
1065 1166 1144 1224 Pater
1162 1165 1233 1225 Filio
1252 1179 1355 1225 eructat
1369 1167 1486 1227 verbum
1496 1211 1505 1243 ,

764 1243 835 1303 siout
843 1245 945 1304 Paulus
954 1243 992 1303 ait
1001 1267 1008 1301 t
1016 1244 1126 1304 Sumite
1132 1245 1267 1326 gladium
1274 1245 1417 1325 Spiritus,
1430 1248 1510 1328 quod
1517 1268 1601 1327 spica.
1618 1263 1643 1311 6.

764 1337 808 1383 est
821 1327 943 1383 uerbum
961 1325 1028 1383 Dei.
1049 1324 1111 1395 Quo
1130 1324 1241 1402 quidem
1255 1325 1337 1384 verbo
1351 1345 1442 1386 omnes
1460 1347 1510 1386 nos
1523 1342 1557 1390 ¹7·

766 1402 925 1463 stabilietin
938 1403 1048 1462 Christo
1065 1405 1129 1465 Jesu
1141 1404 1258 1463 Domino
1271 1418 1379 1481 nostro,
1396 1405 1440 1464 cui
1453 1405 1510 1486 glo·

766 1481 806 1540 ria
818 1496 844 1542 et
855 1481 1000 1564 imperium
1017 1483 1045 1541 in
1054 1483 1151 1543 sucula
1161 1484 1330 1544 saeculorum.
1340 1487 1437 1544 Amen.

61 1698 1495 1732 &m

511 1903 921 2030 MONITUM

331 2197 379 2272 ΙΝ
405 2195 683 2292 SEQUENTES
709 2194 830 2270 DUAS
853 2196 1131 2276 ORATIONES.

61 2446 138 2507 obus
157 2443 331 2525 sequentibus
343 2443 510 2503 orationibus
523 2442 580 2502 haeo
592 2455 684 2502 monet
696 2444 797 2502 Fronto
809 2445 926 2505 Daiooeur
943 2444 972 2504 in
986 2445 1108 2526 margine
1120 2445 1220 2527 prioris
1233 2469 1240 2504 ι
1255 2447 1315 2506 11oe
1325 2448 1392 2507 dua
1402 2448 1512 2506 oratio-

61 2553 204 2622 equentes
212 2543 341 2620 primum
354 2540 439 2599 editae
455 2551 524 2598 sunt
545 2539 645 2596 uomae
665 2537 766 2598 Graece
788 2550 816 2598 et
831 2541 953 2613 latine,
967 2560 1047 2600 anno
1062 2540 1156 2613 t580,
1171 2542 1321 2601 industria
1332 2555 1361 2603 et
1373 2547 1515 2623 interpre-

61 2638 205 2699 ·Gerardi
220 2637 324 2694 Vossii.
342 2634 460 2694 Conoom
473 2647 513 2693 est
527 2647 618 2694 autem
630 2633 798 2694 eruditorum
810 2635 900 2716 opinio
912 2657 969 2697 esse
979 2637 1073 2697 ambas
1088 2637 1192 2719 spurias
1222 2637 1466 2721 Chrysostomoque
1475 2636 1517 2697 in·

63 2731 96 2792 ld
107 2731 174 2815 styli
188 2752 288 2812 genus,
304 2729 332 2789 id
346 2729 437 2789 omnia
448 2729 579 2790 suadent:
591 2751 676 2809 neque
691 2743 731 2789 est
741 2751 772 2789 ea
787 2730 815 2790 in
830 2752 860 2791 re
872 2731 1012 2813 probanda
1023 2731 1127 2792 diutius
1138 2732 1346 2793 immorandum.

61 2826 231 2911 ¹metationem
243 2825 369 2885 latinam
381 2824 498 2885 Gerardi
513 2824 604 2886 Vossii
613 2825 717 2905 aliquot
729 2824 756 2883 in
769 2825 836 2886 locis
847 2826 1046 2907 castigavimus.

61 3218 106 3289 σδς
124 3218 280 3301 κορυφαίους
299 3220 351 3278 τῶν
378 3215 531 3278 ἀποστόλων
547 3216 650 3300 Πίτρον
671 3219 716 3279 καί
735 3225 754 3271 Α
773 3221 875 3280 Oratio
885 3226 1103 3296 encomiasticon,
1113 3229 1146 3284 in
1154 3228 1299 3305 principes
1309 3225 1520 3306 Apostolontm

61 3320 112 3389 λον,
127 3311 175 3372 καί
188 3310 219 3372 τδ
232 3313 318 3371 αὐτῶν
332 3308 473 3392 μαρτύριον
490 3309 664 3379 ἐνδοξότατον,
811 3315 933 3373 Petrum
947 3326 975 3375 et
986 3315 1127 3388 Paulum,
1141 3319 1364 3399 eorumdemque
1372 3319 1520 3399 gloriosis·

810 3409 920 3465 simum
937 3411 1123 3483 martyrium.

61 3578 111 3632 ,νοῦ
129 3571 177 3631 καί
189 3574 238 3651 γῆς
254 3569 369 3649 ἅμιλλαν
388 3572 442 3649 δρῶ
457 3567 500 3628 δεδι
520 3567 568 3641 την
583 3575 719 3651 παροῦσαν
814 3565 1389 3648 t.('aertareinterseoaelnmterramqueoon
1423 3567 1475 3628 icio
1489 3567 1524 3629 de

61 3675 97 3732 ριν
119 3657 169 3723 τῆς
196 3648 304 3728 μνήμης
330 3653 383 3708 τῶν
409 3647 573 3724 ἀποστόλων,
597 3653 650 3707 τῶν
673 3648 720 3727 μίν
773 3644 934 3704 hacsolenni
944 3645 1127 3726 apostolorum
1137 3647 1266 3707 memoria
1276 3589 1444 3708 celebranda.
1454 3613 1524 3707 Nirm

63 3730 111 3790 ίων
134 3729 269 3808 δυνάμεων
293 3731 464 3808 εὐφημουσῶν
489 3727 603 3805 ίντίμοις
624 3737 722 3808 φωναῖς
774 3724 953 3784 eteoelestium
963 3726 1524 3806 potestatumagminacollaudanthonoetis

61 3835 84 3872 ω
97 3812 184 3870 αὐτῶν
194 3809 225 3867 τδ
242 3808 422 3883 διδασκάλιον,
432 3810 468 3874 ὡς
480 3807 513 3865 δι’
529 3811 614 3867 αὐτῶν
625 3831 723 3891 γνωρι-
775 3805 888 3863 vocibus
898 3825 991 3865 eorum
1006 3805 1098 3865 labore
1111 3807 1225 3866 mixtam
1238 3804 1389 3866 docuinam
1403 3830 1410 3862 :
1423 3807 1524 3888 quippe

61 3899 122 3957 κοῖς
141 3890 173 3949 τὸ
193 3892 241 3961 τῆς
262 3886 412 3965 οἰκονομίας
434 3885 587 3966 μυστήριον,
601 3886 688 3952 καθὼς
709 3893 724 3948 δ
775 3905 891 3962 quornm
906 3903 987 3965 opera
1007 3882 1214 3965 dispensationis
1228 3885 1295 3965 ipsis
1308 3885 1467 3966 mysterium
1482 3885 1523 3945 in·

69 3971 135 4048 βοῦ,
146 3966 207 4027 Ἵνα
221 3971 353 4049 γνωρισθῇ
367 3975 411 4026 νῦν
424 3975 482 4033 ταῖς
496 3969 536 4046 ἀρ·
551 3976 591 4033 αῖς
608 3967 655 4025 καί
665 3975 723 4035 ταῖς
776 3963 881 4024 notuit:
896 3963 1123 4042 quemadmodum
1136 3965 1272 4023 exclamat
1286 3964 1385 4025 Paulus
1399 3987 1405 4026 t
1426 3968 1464 4024 Ut
1478 3968 1523 4023 in·
1533 3985 1615 4045 epse„
1625 3984 1648 4031 3.

61 4073 80 4117 ις
101 4027 130 4108 dr
149 4055 203 4115 τοῖς
219 4030 382 4129 ίπουρανίοις
402 4045 446 4105 διδ
461 4049 508 4117 τῆς
523 3990 723 4119 'induniaci
778 4055 909 4103 notescat
924 4063 1002 4102 nune
1013 4047 1226 4123 principatibus
1240 4057 1269 4102 et
1280 4047 1474 4124 potestatibus
1492 4047 1573 4103 inw·

61 4127 137 4196 ἀιλος
148 4126 226 4207 σοφία
240 4133 286 4185 τοῦ
298 4127 381 4185 Θεοῦ·
391 4129 444 4184 τῶν
458 4123 485 4184 δδ
500 4125 544 4184 ἐπὶ
554 4130 603 4204 γῆς
619 4125 723 4205 ἀνθρώ·
742 4138 760 4184 Β
778 4123 1176 4202 celestibusperEcolesiam,
1186 4123 1526 4206 multiformissapientiu

61 4207 226 4284 ῦισζομίνων
250 4204 324 4274 ἀξίαν
343 4204 475 4286 εὐφημίαν
490 4202 552 4263 ’διδ
574 4210 622 4276 τῆς
644 4211 725 4283 τιμῆς
746 4236 757 4274 η
779 4204 837 4262 Dei
850 4214 895 4260 :et
912 4201 941 4260 in
957 4202 1022 4261 orbe
1040 4215 1173 4281 terrarum
1189 4201 1311 4262 homines
1323 4201 1446 4294 dignam,
1461 4223 1527 4283 apo-

61 4284 256 4367 δςκορυραίσις
268 4283 365 4358 δεῖξαι,
378 4288 415 4352 ὡς
433 4284 466 4341 δι’
484 4285 568 4342 αὐτῶν
582 4287 618 4351 είς
634 4308 725 4357 σωτη-
743 4293 762 4337 A
779 4283 909 4341 stolorum
928 4281 1064 4362 principes
1084 4281 1253 4358 exornando,
1265 4281 1449 4342 laudationem
1465 4303 1527 4364 pru-

61 4364 275 4425 ανιλδάντων.’ί’ί
288 4362 340 4444 γάρ
352 4363 454 4444 Πίερον
466 4367 568 4440 μεῖζον,
577 4363 603 4421 τί
614 4362 641 4423 δὲ
652 4363 725 4423 Πανί·
778 4363 849 4421 ferre
861 4360 924 4420 totis
943 4361 1033 4420 nervis
1045 4382 1077 4420 ac
1090 4361 1196 4421 viribus
1215 4374 1356 4437 conantur,
1371 4360 1462 4441 utqui
1479 4382 1529 4442 per

61 4468 80 4517 ι;
95 4444 188 4511 οἵτινες
201 4448 241 4526 τῷ
254 4443 323 4554 ἔργῳ
337 4443 384 4501 καί
397 4446 436 4524 τῷ
450 4441 522 4522 λόγῳ
535 4451 623 4501 πᾶσαν
637 4442 685 4516 τὴν
700 4447 725 4503 ἐν
780 4463 824 4500 eos
843 4440 956 4499 salutem
966 4439 1057 4562 τιίεριί
1071 4453 1142 4498 sunt.
1158 4438 1234 4512 Quid
1246 4441 1319 4499 enim
1333 4441 1412 4501 Petro
1427 4440 1527 4522 majus,

61 4525 130 4593 ςκαί
148 4524 193 4583 ἐπὶ
205 4527 254 4602 γῆς
289 4521 375 4582 κτίσιν
397 4521 536 4592 ἐνίκησαν·
552 4523 577 4581 ol
596 4525 635 4604 τῷ
648 4525 727 4604 πηλῷ
781 4519 849 4600 quid
862 4541 912 4600 par
920 4518 1019 4579 Paulo.
1036 4519 1084 4597 qui
1093 4539 1172 4599 opere
1183 4532 1264 4598 atque
1281 4541 1402 4580 sermone
1412 4535 1529 4580 creatam

61 4627 136 4671 εατος
147 4599 398 4707 συμπεπλεγμένοι,
416 4601 462 4661 καί
476 4600 597 4679 ἀμείνους
608 4601 726 4681 σἰγγίλων
781 4620 888 4659 omnem
900 4611 1025 4658 naturam
1038 4599 1170 4658 caelestem
1183 4598 1265 4658 simul
1281 4620 1313 4659 ao
1321 4612 1473 4660 terrestrem
1484 4622 1530 4660 su·

61 4707 109 4751 τσς.
120 4680 157 4743 Τί
167 4707 211 4742 ουν
228 4687 336 4764 ἐροῦμεν
346 4681 412 4763 πρδς
424 4680 484 4749 τοὺς
495 4682 667 4747 διδασκάλους
680 4684 728 4751 τῆς
781 4691 928 4761 ρεστιτυιτ
941 4690 1021 4757 atque
1031 4677 1152 4737 homines
1164 4679 1284 4760 corporis
1293 4680 1352 4739 luto
1363 4679 1528 4770 complicati,

61 4764 69 4822 ί
86 4766 135 4834 τῆς
152 4762 225 4820 κάτω
239 4760 367 4834 κτίσεως,
382 4763 443 4840 Οὐχ
460 4759 572 4842 εὑρίσκω
584 4761 636 4841 γάρ
650 4760 728 4841 λόγον
781 4758 884 4837 angelis
897 4757 962 4839 ipsis
976 4758 1099 4816 meliores
1120 4758 1286 4817 exstiterunt.
1304 4758 1379 4830 Quid
1401 4759 1485 4838 igitur
1498 4758 1533 4818 de

79 4841 249 4922 ἐγκωμιάσαι
273 4839 333 4906 τοὺς
356 4840 575 4919 ίγκωμιάσαντας
599 4841 629 4899 τὸ
655 4840 728 4919 γένος
781 4838 921 4916 utriusque
931 4851 1032 4896 naturae
1043 4836 1198 4897 doctoribus
1207 4838 1346 4898 dicemus?
1357 4840 1452 4916 Neque
1460 4837 1532 4897 enim

61 5022 121 5075 llnta
135 5039 194 5074 eum
211 5020 292 5074 tribue
305 5022 363 5072 lin.
376 5019 472 5089 Regiis,
485 5032 581 5072 etcum
592 5022 720 5089 margina-
805 5021 817 5058 b
834 5016 912 5071 Savil.
929 5019 956 5068 in
975 5035 1055 5088 marg.
1074 5027 1143 5075 κτίσιν
1161 5028 1291 5082 ἐκόσμησεν.
1312 5018 1390 5071 Paulo
1407 5029 1466 5085 post
1485 5030 1534 5071 tres

61 5105 101 5156 »us
120 5101 197 5154 Savll.
591 5155 592 5158 γ
772 5099 832 5152 Met.
845 5105 931 5167 ἀμείνω
942 5104 1038 5152 διαίνων.

61 5181 96 5235 dl.
110 5180 137 5232 in
147 5196 226 5246 marg.
241 5183 277 5232 διὰ
290 5190 328 5240 τῆς
339 5192 445 5245 μνήμης,
457 5179 527 5229 etsie
540 5193 604 5231 unns
613 5174 678 5228 Cod.

100 5282 173 5321 τοι.
196 5280 268 5318 viar.
1358 5255 1392 5312 tt
