3750 5940
379 455 414 503 ιιι
438 452 598 504 sosanna
624 455 745 504 ιιοιιιι.
773 455 893 505 xxxiv.
920 433 968 505 al.
996 456 1119 507 xxxin.
1457 460 1542 535 τορ-

55 579 153 638 ιελδεὶν
165 576 212 639 καί
223 576 351 658 κηρῦξαι,
363 578 490 640 δείκνυσιν
501 577 617 640 auten
629 578 724 662 ρᾷοτύν
779 579 880 661 quippe
899 601 998 642 munus
1015 581 1095 661 longe
1116 581 1203 661 tnagis
1224 580 1392 643 laboriosnm
1409 595 1482 659 nat,
1496 597 1527 643 ut

55 670 80 730 ,n
103 670 159 751 γὰρ
180 671 282 752 σφόδρα
298 670 423 735 ἐπίπονον
442 672 526 732 ίατῑνο
543 663 586 746 ἦν,
599 672 614 732 δ
626 674 726 732 rellan
779 692 821 731 res
832 671 1076 753 ipsrtsstisscantr3
1091 694 1141 734 vos
1152 671 1188 732 ad
1199 673 1290 733 facilia
1310 674 1431 735 venistis.
1448 675 1526 735 Sicut

55 763 187 835 νέδεῐτο,
210 763 243 821 τὸ
263 761 423 822 καταὸαλαῑν
441 761 476 821 τὰ
495 762 651 842 σπέρματα,
680 762 726 823 καί
778 762 889 824 enimin
901 786 986 825 messe
1006 765 1086 825 facile
1107 767 1210 826 fructau
1231 766 1384 846 colligitur,
1399 780 1425 827 et
1444 766 1524 829 brevi

55 854 170 931 ίμύητον
193 856 331 933 ἐναγαγτίν
356 858 392 921 τίς
415 854 582 932 διογνωσίαν.
603 853 682 920 Τίνος
697 851 726 914 δί
779 868 898 937 tmpore
915 877 978 916 area
998 856 1144 938 manipulis
1167 856 1310 938 impletur,
1332 879 1379 917 nec
1402 872 1523 940 tempora

55 953 127 1008 αὔτα
143 947 305 1028 ρδέγγιταη
321 946 380 1008 Ἵνα
392 945 455 1008 ὅταν
470 944 564 1015 αὐτούς
577 945 725 1027 ἀποστείλῃ
778 961 978 1029 exspectantur,
997 970 1051 1009 non
1071 949 1173 1027 hiems,
1196 971 1329 1029 nannet,
1348 970 1400 1010 non
1419 949 1523 1010 imber:

55 1038 150 1120 ηρῦξαι
158 1085 168 1114 ,
182 1040 221 1118 μὴ
237 1039 427 1122 δομιῦηθῶσιν,
440 1043 476 1106 ὣς
491 1041 528 1106 είς
540 1047 655 1122 πρᾶγμα
669 1037 726 1101 inl·
780 1042 853 1102 itaet
867 1063 938 1103 nunc
951 1043 999 1119 fit;
1014 1056 1044 1102 ut
1058 1043 1116 1125 ipsa
1135 1065 1216 1124 opera
1235 1043 1360 1105 clamant.
1375 1046 1448 1103 Dum
1463 1043 1522 1104 hec

55 1132 223 1212 αμπάμενοι.
236 1131 336 1213 Τδγδρ
347 1131 540 1212 ἐπιπονώτερον
551 1137 604 1192 τῶν
616 1155 724 1214 προρη-
778 1133 825 1193 ille
849 1132 964 1211 diruet,
988 1135 1112 1195 exierunt
1137 1136 1310 1215 Samaritani,
1335 1150 1361 1196 et
1382 1136 1523 1196 oonienim

65 1225 152 1304 φησὶ,
170 1224 217 1284 καί
240 1233 369 1305 μαρτυρεῖ
385 1224 416 1284 τδ
436 1224 512 1307 ἔργον
525 1227 564 1304 τῷ
583 1223 670 1304 λόγῳ,
682 1224 724 1284 ὅτι
741 1232 761 1278 Ι)
778 1226 1069 1287 σοίίοτίιιεοοίίιιιεῑιιε
1074 1251 1083 1304 3
1094 1227 1154 1287 ideo
1162 1227 1268 1288 dicebat
1278 1252 1286 1286 ι
1298 1220 1407 1288 levate
1421 1229 1522 1289 oculos

55 1318 126 1377 risi«
139 1317 241 1378 εὔκολα
248 1319 351 1390 ἤλθατε.
361 1316 470 1398 Ὥσπερ
481 1317 532 1398 γὰρ
544 1317 587 1378 ἐπὶ
599 1323 724 1401 θερισμοῦ
778 1331 903 1392 vestros,
924 1331 953 1378 et
971 1320 1070 1380 videte
1089 1323 1230 1400 regiones,
1253 1324 1324 1402 quia
1343 1322 1421 1381 alba
1440 1333 1519 1380 sunt.

55 1410 147 1478 κολίας
169 1409 218 1488 μίν
236 1415 251 1470 δ
265 1408 367 1492 καρπὸς
384 1409 539 1488 συνάγεται,
558 1411 604 1471 καί
626 1413 654 1470 ἐν
673 1420 724 1491 μιᾷ
777 1411 841 1470 llaee
859 1411 943 1488 dixit,
957 1425 982 1471 et
998 1416 1040 1471 r'es
1060 1413 1119 1494 ipsa
1136 1411 1195 1489 visa
1209 1426 1264 1489 est,
1275 1433 1425 1473 sermonem
1438 1408 1522 1493 opera

55 1502 128 1571 άλως
146 1505 299 1585 πληροῦται
320 1505 373 1561 τῶν
392 1502 559 1583 δραγμάτων,
573 1505 638 1563 ‘six
659 1507 723 1564 ἀνα·
777 1516 890 1582 sequuta
917 1517 988 1564 sunt.
1007 1505 1078 1565 Nam
1091 1505 1139 1563 59.
1153 1507 1204 1565 Ex
1222 1510 1342 1565 civitate
1361 1507 1416 1565 iila
1437 1507 1523 1566 malti

55 1618 76 1653 n
92 1595 144 1662 τὰς
156 1599 211 1655 τῶν
224 1600 325 1677 καιρῶν
343 1594 456 1676 τροπὰς,
474 1594 520 1655 καί
538 1598 659 1675 χειμῶνα
675 1596 722 1657 καί
775 1598 959 1682 crediderant
986 1601 1019 1656 in
1038 1619 1102 1658 eum
1123 1599 1381 1664 „Samaritanorum
1402 1613 1522 1680 propter

69 1687 191 1769 ύμὸρον·
209 1687 279 1746 ούτω
291 1687 338 1747 καί
351 1693 396 1746 νῦν
410 1686 523 1767 γίνεται·
534 1689 579 1748 καί
598 1689 633 1749 el
657 1690 722 1769 ἔργα
777 1692 899 1749 verbum
906 1691 1036 1750 mulieris
1044 1695 1239 1751 testimoniam
1244 1693 1433 1772 perhibentis,
1444 1693 1522 1770 Quia

55 1780 129 1849 παξδ
149 1770 197 1840 als
220 1779 340 1860 λίγοντος
360 1783 439 1840 αὐτοῦ
459 1785 564 1853 ταῦτα,
579 1778 686 1861 ἐξῄεσαν
698 1784 723 1841 οἱ
777 1784 853 1843 dixit
878 1787 951 1844 milti
970 1789 1071 1844 omnia
1089 1788 1361 1867 quacumqueseei.
1383 1783 1522 1847 Videbam

55 1881 130 1946 ἱται,
143 1871 190 1932 καί
201 1871 329 1950 πινήγετο
336 1869 573 1954 άδρόονδιιαρπύς.
586 1871 638 1931 Διὰ
646 1879 723 1933 τοῦτο
777 1875 848 1935 enirn
868 1896 928 1935 eam
951 1896 1004 1936 non
1023 1875 1059 1935 ad
1081 1877 1196 1956 gratiam
1214 1875 1338 1936 laudasse
1356 1875 1453 1949 illum,
1473 1875 1520 1955 qui

55 1963 149 2046 Ἄρατε
164 1964 226 2032 τοὺς
236 1964 387 2045 δρδαλμοδς
399 1967 484 2043 ὑμῶν,
493 1964 540 2024 οιαὶ
553 1962 664 2043 βλέπετε
676 1964 724 2031 τδς
776 1982 884 2048 peccata
898 1989 947 2028 sua
963 1970 1124 2048 coarguisset
1132 1992 1141 2045 ;
1158 1991 1242 2047 neque
1255 1983 1284 2027 ut
1298 1968 1412 2048 gratiam
1431 1968 1521 2048 cujus·

68 2057 114 2119 ὅτι
128 2056 224 2117 laurei
245 2059 320 2117 elon.
340 2047 408 2117 Είπε
421 2061 521 2131 ταῦτα,
535 2057 581 2117 καὶ
600 2056 630 2115 τδ
648 2056 723 2139 ἔργον
778 2061 852 2141 piam
860 2061 913 2121 sibi
923 2061 1086 2142 conciliaret,
1094 2062 1160 2123 vitia
1169 2083 1217 2122 sua
1226 2061 1353 2121 omnibus
1363 2061 1519 2142 patefacere.

59 2148 109 2210 ιιαλ
126 2149 165 2208 τὰ
184 2147 296 2229 ῥήματα
314 2150 345 2208 ἐκ
362 2151 414 2207 τῶν
434 2147 599 2229 πραγμάτων
613 2152 722 2228 ἑωρᾶτο.
731 2183 767 2224 199

55 2245 123 2314 ιτῆς
140 2240 245 2308 πόλεως
259 2240 360 2312 ίιιείνης
372 2239 482 2314 πολλοὶ,
499 2241 587 2322 φησίν,
601 2239 724 2300 ίπίστιυ-
740 2242 759 2286 Α

60 2333 145 2394 dnos
160 2336 215 2393 τῶν
228 2334 404 2413 Σαμαριιτῶν
417 2331 461 2391 διά
473 2331 517 2391 τὸν
531 2332 608 2412 λύγον
619 2337 667 2404 τῆς
678 2356 724 2414 γν-

55 2424 262 2506 μαρτυρούσης,
271 2425 312 2484 δτι
323 2415 380 2484 alni
391 2447 437 2504 μοι
446 2423 533 2484 πάντα
541 2426 591 2486 ὅσα
601 2424 722 2498 ἐποίησα.

55 2540 88 2577 rra
108 2517 166 2597 γὰρ
184 2519 243 2576 ΙΙδτι
264 2518 313 2577 οιίιι
332 2516 364 2575 δν
379 2514 513 2596 ἐθαύμασε
534 2518 598 2598 πρὸς
613 2517 722 2597 χάρινὴ

55 2608 258 2690 τδιιλίγξαντα
270 2612 350 2681 αὐτῆς
367 2609 402 2669 τά
420 2610 654 2690 πλημμελήματα,
667 2613 721 2670 οὐδ’

55 2726 63 2765 ι
82 2708 133 2763 τοῦ
154 2701 320 2784 χαρίσασθαι
339 2700 421 2781 ἑτέρῳ
440 2700 484 2760 τδν
505 2704 600 2775 ἑαυτῆς
613 2701 724 2781 ίξιπύμ-

55 2794 104 2855 ίσν.
480 2832 484 2849 ι
655 2846 660 2865 .
1376 2852 1378 2859 .

55 2884 227 2964 *Apuani
248 2885 298 2959 τὴν
313 2895 426 2966 γυναῖκα
441 2888 486 2948 καὶ
506 2893 600 2969 ἠμῖς,
613 2889 659 2950 χοὶ
679 2891 722 2950 ιπὶ
814 2882 842 2940 5.
858 2880 934 2939 Hanc
944 2900 1008 2959 ergo
1021 2878 1163 2939 mulierem
1183 2893 1209 2939 et
1223 2898 1271 2938 nos
1287 2879 1435 2955 imitemur,
1450 2895 1476 2940 et
1489 2880 1518 2940 in

55 2977 121 3047 stoi<
142 2977 325 3060 ἁμαρτήμασι
349 2977 387 3058 μὴ
410 2979 597 3061 αἰσχυνώμεθα
620 2982 721 3062 ἀνθρώ.
773 2971 998 3051 peccatisnostris
1009 2969 1154 3051 vulgandis
1167 2991 1200 3029 ne
1223 2991 1363 3031 vereamur
1383 2971 1518 3049 hominem

55 3070 107 3133 m
120 3069 270 3152 φεώμιθα
279 3075 316 3138 ὡς
328 3070 381 3152 χρὴ
391 3071 461 3132 Θεὸν
472 3071 517 3130 τὸν
531 3071 578 3131 χοὶ
590 3075 722 3153 insuffi-
773 3062 820 3122 sed
834 3066 923 3123 Deum
938 3078 968 3122 ut
977 3084 1027 3144 par
1042 3075 1082 3122 est
1095 3062 1246 3137 timeamus,
1261 3061 1309 3142 qui
1322 3077 1349 3121 et
1362 3082 1434 3122 nunc
1449 3064 1517 3122 laci·

55 3163 196 3242 ανύμινον,
211 3163 257 3221 καὶ
278 3161 339 3220 τάτι
359 3162 574 3231 κολάζοντατοδς
588 3162 625 3240 μὴ
641 3187 721 3242 μετα.
774 3176 838 3214 nora
849 3169 938 3215 nostra
957 3154 1041 3231 videt,
1060 3168 1086 3214 et
1099 3168 1165 3214 tuuc
1182 3155 1328 3236 puniturus
1341 3170 1381 3215 est
1400 3177 1444 3216 eos
1470 3157 1518 3237 qui

55 3279 87 3323 ις
99 3258 163 3313 νῦν·
183 3258 221 3321 ὡς
234 3259 280 3312 νῦν
301 3276 332 3331 γε
352 3253 501 3313 τούναντίον
520 3260 654 3332 ποιοῦμαι,
665 3256 720 3315 Τὸν
773 3269 845 3308 nunc
853 3249 1038 3330 penitentiam
1047 3271 1100 3309 non
1119 3263 1212 3328 agunt.
1227 3254 1262 3308 At
1277 3270 1325 3309 nos
1338 3264 1429 3310 eontra
1441 3272 1517 3329 eum,

64 3346 202 3426 μάλλαντα
215 3345 323 3425 ιιρίνιιν,
334 3346 363 3403 σύ
380 3344 550 3424 δεδοίκαμεν·
564 3345 623 3414 τοὺς
633 3347 661 3405 al
674 3348 718 3405 ού·
772 3341 820 3420 qui
837 3362 886 3401 nos
897 3340 1070 3424 judicaturus
1084 3355 1134 3417 est,
1150 3363 1203 3401 non
1214 3341 1352 3419 timemus;
1362 3357 1515 3422 meantem,

55 3448 79 3506 Ις
101 3437 364 3520 παραόλάπτοντας,
375 3436 481 3505 τούτοις
504 3437 655 3518 φρίττομιν,
674 3438 719 3496 καί
735 3447 753 3493 u
772 3434 817 3513 qui
826 3434 904 3495 nobis
914 3456 1008 3495 nocere
1017 3449 1159 3514 nequeunt,
1166 3434 1352 3509 formidamus,
1362 3436 1517 3497 tremimus·

55 3531 172 3589 ιάύτῶν
187 3528 316 3609 αἰσχύνην
334 3528 476 3609 τρύμομεν.
491 3529 544 3589 Διὰ
562 3535 639 3590 τοῦτο
658 3521 719 3611 isi}
771 3548 823 3606 que
838 3550 872 3588 ne
884 3527 959 3609 apud
975 3527 1035 3586 illos
1057 3526 1167 3585 infamia
1187 3526 1350 3586 laboremus.
1368 3526 1472 3586 ideireo
1488 3527 1516 3587 in

55 3644 106 3697 ειν,
121 3626 150 3683 ἐν
171 3619 259 3702 τούτῳ
271 3619 320 3692 τὴν
334 3621 465 3701 τιμωρίαν
485 3621 600 3698 δίδομεν.
614 3621 648 3682 ‘0
668 3622 720 3703 γάρ
771 3640 825 3697 quo
837 3620 971 3695 timemus,
981 3619 1008 3677 in
1020 3639 1052 3678 eo
1063 3639 1156 3700 poeuas
1172 3616 1309 3685 dabimus.
1325 3620 1396 3679 Nam
1413 3621 1460 3699 qui
1475 3642 1516 3680 so·

55 3713 231 3797 τάνθρώπων
253 3711 420 3794 ὑφορώμενος
439 3719 484 3772 νῦν
503 3712 591 3791 μόνον,
603 3716 673 3774 Θεοῦ
691 3713 719 3774 dl
771 3710 829 3771 lum
849 3734 881 3771 ne
893 3711 1051 3772 hominibus
1073 3711 1161 3792 turpis
1179 3710 1303 3771 videatur
1326 3726 1411 3788 cavet,
1432 3734 1517 3793 neque

75 3807 114 3885 μὴ
136 3805 328 3886 αἰσχυνόμενος
351 3805 450 3886 πρᾶξαί
473 3828 500 3863 τι
524 3805 631 3879 άτοπον,
655 3808 669 3835 *
681 3806 719 3884 μὴ
771 3804 1092 3865 erubescitDeovidente
1101 3804 1231 3864 nefarium
1240 3805 1383 3887 quidpiam
1392 3821 1513 3887 patrare,

55 3903 210 3970 ιιτανοῆσαι
232 3898 278 3958 καὶ
302 3897 514 3976 μιταύαλίσδαι,
534 3901 560 3958 ἐν
580 3897 666 3978 ἐκείνῃ
686 3902 719 3978 τῇ
771 3899 793 3958 si
815 3920 868 3959 non
891 3899 1077 3982 penitentiam
1099 3913 1172 3978 agat,
1194 3899 1224 3958 in
1250 3899 1297 3957 illa
1317 3899 1430 3959 dienen
1452 3915 1515 3959 aute

55 3994 89 4052 ύκ
113 3990 227 4052 δνύιπιον
251 3991 308 4059 ἑνὸς
325 3989 371 4049 καὶ
385 3989 523 4070 δευτέρου,
534 3988 602 4050 ἀλλὰ
615 3993 663 4060 τῆς
676 3994 717 4049 ei·
771 4013 855 4052 unum
868 4006 914 4052 aut
924 3992 1004 4062 duos,
1019 3990 1067 4051 sed
1080 3991 1145 4053 orbe
1157 4004 1212 4051 toto
1229 3990 1336 4050 vidente
1350 3991 1512 4051 traduoetur.

55 4108 72 4154 g
92 4082 203 4156 διιείσης
223 4080 326 4164 δριύσης
348 4082 627 4162 παραδειγματίζεται.
654 4080 718 4143 Ὅτι
770 4086 840 4144 Nam
852 4085 926 4165 quod
940 4085 975 4145 ad
984 4086 1054 4145 bona
1067 4099 1092 4144 et
1106 4085 1176 4144 mala
1194 4106 1274 4165 opera
1288 4084 1431 4165 spectanda
1457 4107 1514 4144 ma-

68 4181 123 4237 τῦν
135 4179 242 4255 άγαδῶν
263 4175 394 4255 πράξεων,
411 4175 457 4234 καί
474 4181 526 4234 τῶν
542 4180 572 4235 ού
592 4175 716 4235 τοιούτων
768 4199 837 4258 gnus
848 4180 886 4239 ibi
899 4200 1037 4240 oonsessus
1045 4177 1089 4253 sit,
1096 4177 1223 4259 parabola
1234 4177 1326 4238 ovium
1337 4176 1513 4238 etboedorum

55 4270 134 4353 ατρον
147 4271 204 4328 διιεῖ
222 4268 349 4341 κάδηται,
362 4273 379 4338 ἡ
394 4271 446 4325 τῶν
456 4267 597 4349 προὸάτων
608 4267 654 4326 καί
663 4273 715 4328 τῶν
768 4284 793 4330 te
808 4270 910 4349 doceat,
920 4272 1124 4330 necnonbeatus
1133 4270 1244 4346 Paulus,
1254 4270 1301 4348 qui
1310 4268 1394 4330 dicit:
1405 4272 1512 4332 Omnes
1525 4297 1544 4330 t.
1562 4286 1647 4334 corn.

55 4360 187 4445 ιιραάολὴ
200 4360 348 4420 παιδευέτω
357 4361 456 4434 σι,καί
469 4363 483 4418 δ
498 4359 627 4441 μακάριος
635 4362 714 4420 [lad-
767 4368 844 4423 enim
867 4385 919 4424 nos
941 4365 1130 4444 manifestari
1150 4375 1261 4442 oportet
1281 4376 1352 4422 ante
1380 4360 1559 4425 tribunal¹⁰·

55 4477 113 4527 σιν·
129 4458 178 4513 Δεῖ
186 4453 237 4534 γὰρ
248 4458 332 4530 ἡμᾶς,
341 4454 420 4533 φησί,
431 4456 601 4534 παραστῆναι
615 4452 710 4535 ίμπρο
730 4455 748 4502 C
767 4455 887 4529 Christi,
897 4456 1045 4534 utreserat
1056 4456 1512 4537 unusquisquepropriacorporis

55 4545 193 4626 ἰβήματος
202 4550 249 4605 τοῦ
261 4546 386 4626 Χριστοῦ,
394 4545 437 4606 ἵνα
448 4547 592 4624 κομίσηται
603 4546 713 4614 ἕκαστος
763 4560 849 4626 prout
861 4551 992 4627 gesserit,
1008 4549 1069 4605 sive
1083 4547 1200 4618 bonam,
1210 4549 1272 4605 sive
1280 4547 1391 4605 mairem
1398 4572 1409 4616 ,·
1417 4562 1444 4627 et
1453 4571 1513 4609 rur·

55 4639 220 4717 ιιῦσιύματος
229 4638 279 4698 ὅσα
289 4639 409 4720 ἔπραξεν,
419 4639 472 4700 εἴτε
482 4641 589 4720 ἀγαθὸν,
598 4640 650 4699 slis
663 4664 712 4699 κα·
765 4661 819 4715 sus,
835 4642 893 4718 Qui
907 4640 1112 4721 manifestabit
1125 4639 1299 4698 abscondita
1314 4642 1510 4700 tenebrarum.
1524 4673 1545 4704 ι.
1555 4655 1662 4720 eonas.

57 4731 209 4806 πολιηὋς
220 4730 365 4814 ρανιρώαει
373 4732 407 4791 sl
418 4733 522 4812 κρυπτά
535 4738 580 4793 τοῦ
592 4733 709 4800 σκύτοις.
766 4730 940 4790 Commisisti'
948 4728 1059 4809 aliquod
1070 4743 1222 4810 peccatum,
1236 4743 1284 4789 aut
1298 4729 1421 4810 cogitasti
1433 4731 1513 4808 illud,

55 4949 113 5013 μοι
124 4951 182 4997 ἐστι.
750 4939 872 4990 laudasse
888 4939 971 4991 illam.
984 4938 1056 5006 Soepe
1075 4934 1184 4989 vidimus
1202 4946 1327 5006 θαυμάζιιν
1342 4937 1409 5003 apud
1426 4939 1512 4988 Patres

55 5019 106 5073 lam
118 5029 157 5076 aix
169 5031 335 5090 ἀναμανάντων,
347 5033 373 5073 et
384 5021 419 5074 sic
433 5021 509 5075 Savil·
522 5022 553 5073 Λῑ
565 5021 651 5072 llorel.
665 5028 703 5075 aix
752 5036 804 5070 esse
817 5017 932 5079 latidum,
943 5017 1061 5067 laudibus
1073 5032 1128 5065 eum
1138 5015 1303 5064 admiratione
1312 5014 1445 5064 celebrare.

786 5099 798 5125 '⁶
814 5100 882 5165 [μηδδ
895 5103 965 5151 dilato
974 5119 1003 5164 ρο.
1024 5092 1102 5147 smil.
1118 5104 1144 5143 el
1155 5091 1219 5149 Cod.
1233 5094 1291 5145 705.
1304 5100 1347 5146 nat
1364 5100 1398 5158 μὴ
1411 5101 1431 5145 θ.
1445 5088 1510 5142 Cod.

55 5185 80 5233 ύιι
92 5188 121 5232 ἂν
134 5184 249 5245 liniam
261 5187 318 5251 πρὸς
328 5187 404 5250 χάριν,
416 5197 471 5230 eam
488 5197 538 5231 non
550 5180 586 5229 ad
596 5182 704 5246 gratiam
753 5178 801 5229 706
813 5194 827 5227 e
838 5194 916 5242 corr„
927 5186 961 5244 μὴ
972 5181 1019 5230 θίλ.
1031 5190 1093 5240 apr.
1107 5173 1155 5237 m]
