3750 5940
101 454 103 459 .
138 384 207 457 560
481 400 892 455 s.roiun1scorrsosr.
922 402 988 455 arc

135 533 240 610 rimus;
256 531 285 592 si
310 530 418 593 assideo
437 530 467 590 in
487 530 544 591 illis
556 550 708 608 versemur,
731 528 797 589 etin
819 548 883 589 vera
899 532 918 581 G
935 532 984 603 τῆς

137 624 259 687 docoina
282 639 309 685 et
329 625 393 687 vita
405 623 541 706 probitate
559 623 740 683 instituemur.
760 623 800 682 Ac
820 620 884 682 licet
936 621 989 704 epit

136 717 223 779 durus
231 718 267 779 sit
282 717 437 800 quispiam,
450 716 579 794 immitis,
590 716 698 792 mollis3
710 714 773 775 licet
782 735 883 796 praeoev
936 718 989 795 ἧκρ

136 810 211 871 denti
223 823 343 892 tempore
363 809 434 870 nibil
455 808 575 869 lucratus
594 807 684 884 irruit,
704 827 777 868 nuuc
791 806 884 866 saltem
938 805 985 879 νὴς

135 904 278 986 proficiet,
286 917 318 964 et
330 902 465 984 aliquam,
480 902 540 962 etsi
553 922 607 962 non
618 901 730 976 senum,
741 900 885 961 utilitatem
938 897 989 979 χρό

137 994 270 1077 decerpet.
294 995 363 1055 Nam
384 995 408 1055 si
431 993 638 1074 unguentariam
658 992 797 1053 officinam
823 992 886 1072 quis
939 994 989 1071 ψιτ

137 1086 247 1163 adiens,
272 1087 294 1147 si
318 1086 346 1146 iu
367 1086 425 1151 illa,
440 1100 576 1163 moretur,
594 1086 638 1147 vel
651 1085 755 1146 inritus
774 1107 886 1146 suavem
941 1106 983 1142 σιν

138 1178 258 1258 aliquem
279 1191 456 1258 consequetur
475 1177 585 1238 odorem
595 1200 605 1256 3
631 1177 717 1237 multo
735 1178 822 1258 magis
839 1177 886 1258 qui
941 1198 989 1256 inq

138 1269 276 1331 eoelerirm
290 1270 448 1349 frequentat.
470 1271 511 1330 Ut
526 1271 599 1330 enim
612 1291 647 1330 ex
664 1268 783 1345 desidia,
801 1269 888 1350 negli-
942 1267 987 1328 xci

139 1363 232 1443 gentia
246 1385 254 1420 r
268 1362 308 1423 sic
327 1383 362 1423 ex
384 1362 552 1445 operatione,
580 1362 665 1423 ammi
686 1361 768 1422 ardor
789 1362 885 1422 oritur.
903 1362 924 1409 Ῑ)
941 1363 987 1420 lor

141 1452 200 1515 Etsi
230 1454 310 1514 malis
330 1454 367 1515 sis
387 1454 537 1515 innumeris
562 1455 695 1531 refertus,
720 1454 770 1514 etsi
800 1455 890 1535 impu·
941 1452 989 1513 ebe

140 1565 205 1621 rus,
229 1545 286 1605 noli
307 1544 378 1605 banc
392 1546 480 1606 vitare
501 1545 688 1626 frequentiam.
712 1544 786 1618 Quid
804 1566 887 1626 uero,
941 1554 989 1605 νΙτ

140 1634 244 1717 inquis,
266 1637 290 1698 si
311 1636 403 1698 audita
418 1658 471 1698 non
487 1636 639 1715 exsequar?
659 1637 720 1696 Non
735 1658 833 1719 parum
849 1636 891 1695 lu·
943 1637 981 1716 μὴ

141 1727 182 1787 cri
202 1741 258 1803 ert,
282 1727 305 1788 si
325 1741 353 1787 te
374 1728 504 1789 ωἰεεηιιιι
518 1727 724 1810 praedicaverim
746 1749 801 1788 nou
830 1728 891 1788 inu·
943 1733 989 1790 tae

141 1817 200 1879 tilis
220 1816 268 1879 bic
283 1818 365 1879 timor
386 1832 443 1896 est,
463 1840 517 1880 non
536 1819 725 1900 intempestiva
748 1819 891 1880 formido:
943 1825 989 1881 lau

142 1909 166 1971 si
179 1910 268 1972 solum
279 1907 548 1992 ingenueris,'qu0d
557 1910 651 1971 audita
662 1933 715 1972 uon
727 1913 891 1991 exsequaris,
943 1919 989 1973 τοῦ

141 1998 289 2079 aliquando
299 1998 337 2059 rd
349 1999 486 2081 agendum
496 2013 524 2059 te
537 2000 716 2082 comparabis.
732 2002 793 2060 Non
807 2014 894 2081 potest
944 2027 989 2066 ποι

142 2091 215 2153 mim
224 2091 272 2171 qui
284 2093 373 2151 Deum
382 2092 548 2171 alloquitur,
562 2092 706 2173 ipsumque
727 2092 823 2165 audit,
837 2114 892 2152 nou
945 2097 989 2157 lue

143 2182 248 2262 aliquid
255 2183 326 2243 lucri
337 2184 475 2263 consequi.
488 2183 589 2245 Statim
599 2183 672 2243 enim
681 2205 730 2244 nos
738 2183 892 2264 colligimus
945 2191 989 2268 λεγ

145 2295 294 2353 manusque
307 2275 460 2351 abluimus,
477 2295 540 2334 cum
551 2275 655 2335 librum
672 2275 793 2357 accipere
812 2276 926 2336 volu-¹¹2
947 2285 989 2358 pri

12 2408 90 2452 Im
101 2386 216 2450 μω.
235 2365 336 2428 Viden’
359 2380 460 2445 quanta
480 2365 522 2425 vel
544 2381 606 2426 ante
622 2366 764 2426 lectionem
785 2367 892 2447 pietas?
946 2376 989 2449 ptri

9 2472 98 2514 rnorem
108 2468 136 2512 tt·
148 2457 232 2534 Quod
243 2458 267 2518 si
281 2458 427 2539 diligenter
436 2478 595 2540 mamus,
612 2480 738 2539 magnam
752 2480 893 2540 carpemus
946 2465 989 2523 eil

1 2535 304 2640 fiffuffiutililatem.
325 2551 418 2629 Neque
442 2549 516 2610 euim
539 2550 592 2610 nisi
606 2550 697 2611 anima
713 2552 759 2632 pie
775 2553 890 2629 affecta,
945 2555 989 2628 lli

146 2663 243 2703 manus
262 2641 404 2703 abluemus
418 2655 464 2703 ret
486 2641 624 2703 muliersi
647 2661 701 2702 non
723 2657 816 2724 operta
839 2644 890 2721 sit,
948 2649 989 2705 lvi

146 2734 238 2795 statim
248 2733 342 2796 velum
351 2734 465 2795 assunut
472 2735 525 2812 ,in
533 2748 723 2815 argumentum
733 2735 844 2815 pietatis
852 2735 893 2795 in·
946 2739 989 2820 ld

146 2824 252 2887 taionis
268 2848 275 2884 ε
291 2826 336 2886 vir
357 2824 381 2885 si
404 2827 546 2907 ope-tosit
568 2825 670 2907 capite,
691 2825 777 2885 nudat
799 2840 889 2908 caput.
946 2854 989 2890 ται

147 2918 249 2984 Viden’
264 2918 401 3000 quomodo
411 2933 537 2980 extet-uus
550 2919 660 2980 babitus
668 2919 779 2979 interne
793 2920 827 2980 sit
838 2922 896 3002 pie·
947 2925 989 2984 tot

147 3013 210 3075 tntis
229 3012 384 3075 indicium?
398 3011 466 3073 lude
478 3012 573 3073 sedens
586 3011 623 3072 ad
640 3011 808 3073 audiendum
817 3059 826 3088 ,
842 3014 895 3073 fre-
947 3040 989 3098 pop

147 3126 233 3186 quens
253 3104 427 3187 ingemiscit,
441 3118 468 3166 et
482 3105 646 3187 praeteritam
668 3104 754 3165 vitam
773 3104 893 3165 damnat.
948 3109 989 3168 tet

60 3239 138 3283 cisni·
147 3199 295 3281 Scripturis
316 3218 380 3279 ergo
395 3197 518 3258 animum
532 3197 728 3274 adhibeamus,
741 3197 834 3257 dilecti
850 3213 938 3275 ,eim
948 3225 988 3263 σιν

21 3305 86 3346 iias·
147 3294 241 3353 saltem
257 3291 396 3373 evangelia
413 3291 532 3352 studiose
548 3305 700 3350 tractemus.
713 3291 811 3350 Statim
823 3291 895 3352 enim
911 3288 930 3333 Α
949 3294 989 3373 βία

147 3400 228 3465 atquc
247 3385 349 3445 librum
368 3384 521 3466 aperueris,
537 3383 640 3443 Christi
657 3404 754 3442 nomen
771 3383 895 3455 videbis,
948 3392 989 3468 ἆγε

0 3525 5 3558 ‚y
23 3536 37 3562 a
77 3531 119 3562 ,ι’
146 3492 173 3540 et
192 3478 325 3538 dicentem
346 3477 426 3536 illum
444 3475 557 3536 audies:
573 3476 646 3536 Jesu
661 3489 761 3534 autem
783 3478 895 3535 Christi
947 3504 989 3563 req

27 3614 32 3625 ·
144 3575 296 3652 generatio
306 3575 348 3629 sic
359 3583 433 3640 erat.
446 3571 522 3629 Cum
532 3580 607 3628 esset
616 3570 792 3648 desponsata
801 3581 895 3628 mater
948 3571 989 3651 ζώΙ

145 3668 207 3747 ejrts
216 3666 319 3724 Maria
328 3664 449 3744 loseph,
460 3665 583 3721 invento
593 3674 637 3720 est
648 3665 680 3719 in
689 3673 771 3720 utero
783 3664 893 3721 tabens
947 3666 989 3745 Xp

145 3760 182 3819 de
191 3760 301 3840 Spiritu
315 3769 429 3818 sancto.
447 3755 504 3828 Qui
514 3767 604 3814 autem
621 3755 680 3813 baec
693 3753 826 3829 audierit,
840 3768 893 3814 sta·
947 3756 989 3836 λέγ

143 3851 195 3912 tim
205 3849 369 3932 virginitatis
379 3870 470 3910 amore
478 3847 609 3929 capietur,
620 3860 728 3927 partum
736 3846 890 3921 mirabitur,
948 3852 989 3907 Μν

144 3959 244 4006 eterra
255 3943 392 4026 migrabit
407 3945 463 4004 Nec
475 3962 526 4023 pro
539 3938 647 3999 modico
664 3938 820 3998 babendum
840 3952 891 4014 cst,
947 3940 989 3999 ’le

144 4038 168 4097 si
181 4037 225 4098 vel
238 4035 353 4117 carptim
363 4034 503 4112 obiterque
516 4031 617 4092 videris
632 4029 738 4112 Spiritu
751 4044 841 4090 sancto
849 4030 892 4088 di·
947 4031 981 4092 ‘0

144 4144 253 4209 gnatam
263 4128 422 4209 Virginem,
431 4124 593 4205 etangelum
604 4123 693 4205 ipsam
703 4122 890 4201 alloquentem.
947 4130 989 4184 liei

145 4222 212 4281 Haec
224 4220 315 4280 idbuc
329 4220 356 4280 iu
373 4218 516 4301 superficie
531 4230 595 4276 sunt
610 4215 675 4275 rsed
689 4215 713 4274 si
727 4214 784 4274 haec
795 4237 891 4295 specu·
910 4217 928 4261 Β
949 4242 989 4295 μυ

144 4311 227 4389 lando
241 4333 327 4390 usque
338 4311 365 4370 iu
375 4310 458 4370 finem
468 4327 636 4390 perseveres,
650 4305 791 4365 secularia
802 4306 893 4365 statim
949 4308 989 4388 pe

145 4404 235 4464 omnia
247 4424 372 4482 respues‚
386 4415 490 4461 terrena
504 4399 594 4460 omnia
608 4397 743 4457 deridebis
761 4421 768 4455 τ
783 4399 806 4457 si
817 4398 894 4458 dives
949 4405 989 4461 lia

146 4496 197 4573 sis,
215 4495 327 4553 divitias
347 4493 417 4551 nihil
439 4514 496 4551 esse
517 4491 619 4567 duces,
636 4489 683 4547 ubi
699 4488 793 4548 audies
817 4489 892 4550 illum
949 4497 989 4553 ior

145 4587 216 4647 fabri
236 4606 349 4645 uxorem
367 4583 395 4642 in
418 4583 517 4642 humili
538 4582 630 4655 domo,
650 4593 763 4639 matrem
783 4579 892 4639 Domini
949 4584 989 4644 πά

146 4681 245 4756 iuissc3
260 4677 283 4737 si
297 4675 466 4759 pauper,¹de
483 4688 639 4756 paupertate
663 4694 715 4733 non
736 4674 893 4747 erubesces,
950 4679 989 4736 obl

147 4796 210 4837 cum
229 4769 358 4832 didiceris
375 4770 528 4828 Creatorem
544 4766 640 4826 mirndi
661 4766 822 4827 vilissimam
844 4788 892 4826 ca-
951 4772 989 4828 ἐκε

148 4889 205 4929 sam
214 4887 268 4927 non
278 4860 427 4924 erubuisse.
441 4860 505 4919 llec
516 4859 537 4918 si
551 4858 659 4938 cogites,
671 4879 723 4918 non
734 4859 830 4941 rapies,
841 4882 892 4920 non
951 4859 989 4939 qe'a⁴

148 4980 245 5020 avarus
259 4955 325 5029 eris,
347 4973 399 5012 non
416 4951 446 5010 in
463 4949 550 5009 aliena
574 4948 708 5010 involabis
716 4973 725 5027 3
742 4950 788 5011 sod
803 4953 891 5032 potius
953 4978 989 5031 μα

182 5202 192 5225 ·
210 5187 238 5252 [i
247 5191 339 5244 saliere
350 5178 448 5245 Sosii]
