3750 5940
214 401 284 473 216
536 423 567 474 s.
593 422 736 474 ioannis
760 421 945 470 cnnrsosr.
974 421 1129 472 necarer.
1155 422 1429 475 consrnurrnor.

211 545 267 622 tiis,
284 543 331 605 sed
348 544 383 605 de
395 543 569 626 dogmatibus
578 546 678 606 statim
690 544 764 619 Quid
776 545 849 605 enim
863 543 955 603 dicit?
1010 543 1052 607 δίν
1069 545 1191 625 βιωτικδν
1204 547 1283 607 αύεδν
1295 550 1397 630 ἐρωτᾷ,
1407 551 1438 608 ού
1451 547 1515 628 περί
1532 548 1656 628 σώματος
1670 548 1787 632 ύγιιίας,

211 639 264 698 θθ.
278 639 385 698 Patres
396 641 489 698 nostri
502 642 535 697 ιἰι
554 652 652 699 monte
668 640 723 699 hoe
743 641 953 711 adoraverunt,
1009 639 1040 697 οὔ
1060 638 1122 720 περί
1147 639 1312 721 χρημάτων,
1336 643 1368 700 oo
1390 639 1454 722 περί
1471 640 1602 717 πλούτου,
1623 640 1696 702 ἄλλα
1724 642 1787 723 περί

213 729 352 790 Abraham
372 731 539 811 significans,
555 753 636 811 quem
650 732 740 792 lilium
759 753 791 792 oo
810 730 958 791 adduxisse
1011 731 1150 811 δογμάτων
1170 732 1275 800 ιύθίως.
1291 731 1328 793 Τί
1347 732 1400 814 γάρ
1414 755 1508 814 φησιν;
1529 734 1566 794 Oi
1584 732 1789 815 πατίριςὴμῶν

213 821 358 883 ἆίοσίκιιιιε
373 826 415 883 Et
428 825 575 905 quomodo
593 845 649 885 vos
669 825 768 885 dicitis
787 827 859 906 quia
872 824 957 884 lero·
1011 825 1040 883 ίν
1063 827 1102 904 τῷ
1126 824 1182 906 ὄρει
1207 823 1293 908 τούτῳ
1320 823 1541 907 προσεκύνησαν·
1566 824 1627 894 τοδς
1647 823 1718 907 ,περὶ
1743 824 1794 885 τδν,

215 915 340 992 solymis
353 926 396 976 est
411 915 492 976 loom
505 917 557 976 ubi
571 917 697 976 odorare
709 921 844 996 oportet?
1013 913 1135 996 ’Λύραδιμ
1147 916 1276 997 λέγουσα·
1291 917 1336 978 καί
1350 917 1402 1000 γάρ
1415 919 1471 979 ίκιῖ
1481 940 1547 1000 φασι
1560 917 1606 979 τδν
1619 917 1678 978 otoo
1696 918 1790 990 ἀνηνά-

1013 1014 1095 1088 puer·
1110 1008 1164 1068 Καί
1181 1012 1239 1078 πῶς
1258 1013 1333 1088 ὑμεῖς
1352 1007 1457 1091 λέγετε,
1480 1010 1522 1070 du
1541 1012 1570 1070 ίν
1595 1009 1793 1090 Ἱεροσολύμοις

649 1160 650 1165 ,
1014 1101 1087 1160 teeti
1096 1105 1111 1161 θ
1119 1099 1215 1177 τύπος,
1224 1101 1290 1161 ὅπου
1302 1101 1355 1182 χρὴ
1368 1110 1541 1184 προσκυνεῖνς

258 1193 287 1252 5.
308 1192 409 1255 Viden'
416 1213 498 1273 piam
504 1205 592 1254 mente
600 1192 743 1254 sublimior
750 1192 882 1256 evaserit?
892 1193 962 1253 Nam
978 1211 999 1262 n
1055 1184 1133 1262 Ε’ίδες
1145 1196 1202 1263 πῶς
1215 1193 1368 1277 θφηλοῖίρα
1386 1195 1536 1277 τῇδιιινοίφ
1554 1194 1678 1276 γίγονενς
1691 1192 1728 1254 Ἣ
1738 1192 1793 1275 γάρ

218 1284 267 1346 illa
280 1284 324 1344 eui
345 1284 380 1345 de
389 1284 507 1345 sedanda
521 1285 567 1345 siti
580 1305 646 1346 eura
659 1301 725 1363 mat,
734 1287 791 1368 jam
803 1285 839 1346 de
851 1284 963 1365 dogma·
1015 1285 1100 1368 ‘help
1111 1291 1156 1346 τοῦ
1169 1286 1206 1365 μὴ
1224 1287 1383 1349 σκύλλεσθαι
1402 1287 1447 1348 διδ
1459 1287 1490 1348 τδ
1513 1289 1593 1368 baffio
1614 1290 1790 1368 μεριμνῶαα,

217 1378 292 1438 tibus
311 1377 464 1459 interrogat.
477 1378 554 1451 Quid
568 1399 631 1460 ergo
644 1379 786 1440 Christus?
801 1380 861 1440 Non
882 1377 964 1438 solvit
1016 1378 1062 1439 καί
1072 1377 1139 1459 ὑπὲρ
1154 1378 1295 1459 δογμάτων
1307 1382 1394 1461 ἐρωτᾷ
1404 1379 1508 1440 λοιπύν.
1524 1379 1562 1440 Τί
1575 1370 1621 1438 σύν
1632 1383 1648 1439 θ
1658 1377 1792 1459 Χριστύςς

218 1471 393 1551 questionem
406 1476 416 1548 (
428 1492 481 1531 non
500 1472 572 1532 enim
582 1472 635 1532 hoe
647 1473 768 1551 curabat,
781 1485 812 1531 ut
824 1471 861 1532 ad
874 1471 965 1531 omnia
1018 1473 1078 1532 Ούκ
1100 1471 1177 1531 ίλυσε
1201 1471 1253 1534 ἀτὸ
1272 1472 1380 1552 ζήτημα
1401 1476 1448 1546 (σθ
1475 1472 1527 1555 γάρ
1553 1478 1632 1533 τοῦτο
1662 1462 1698 1544 ἦν
1719 1470 1792 1553 αύτῷ

220 1579 344 1626 accurate
360 1566 543 1646 responderet;
557 1566 588 1626 id
613 1567 715 1648 quippe
738 1586 966 1647 supervacaneum
1018 1561 1256 1646 περισπούδαστον,
1273 1565 1339 1646 πρδς
1352 1565 1387 1627 τδ
1399 1565 1530 1645 λεγόμενα
1546 1565 1639 1631 ἁπλῶς
1653 1562 1791 1644 ἀποκρίνε-

220 1656 315 1715 iuisset
326 1661 352 1734 ),
368 1655 417 1716 sed
430 1678 524 1717 rursus
536 1657 677 1717 mulierem
688 1657 723 1717 ad
737 1659 868 1739 majorem
880 1657 965 1717 subli-
1020 1662 1095 1716 σθαι·
1108 1655 1240 1736 παρέλκον
1253 1656 1304 1737 γὰρ
1318 1648 1383 1731 ἣν),
1396 1656 1466 1717 σἰλλδ
1480 1656 1539 1737 άγει
1552 1655 1601 1730 τὴν
1613 1663 1730 1735 γυναῖκα
1739 1652 1791 1712 πά-

221 1748 343 1807 mitatem
360 1747 448 1825 ducit,
463 1768 512 1808 neo
531 1750 607 1831 prius
626 1750 674 1809 illa
692 1763 890 1830 tractatquam
906 1769 966 1808 mu·
1019 1752 1061 1810 λιν
1072 1748 1156 1808 ίπίτδ
1170 1751 1258 1827 μεῖζον
1272 1749 1335 1830 δψος
1346 1750 1391 1809 καί
1401 1751 1431 1808 oi
1439 1749 1567 1831 πρότερον
1580 1751 1650 1829 αὐτῇ
1664 1744 1793 1829 aplaud-

221 1841 272 1902 lier
285 1842 403 1902 consensa
419 1857 487 1903 esset
502 1843 592 1925 ipsum
607 1865 663 1905 esse
682 1844 851 1926 prophetam,
865 1858 895 1904 ut
909 1865 966 1904 ma·
1020 1865 1072 1901 των
1084 1840 1248 1920 διαλέγεται,
1262 1840 1312 1910 ίως
1325 1841 1495 1922 ὡμολόγησεν
1507 1842 1549 1902 δτι
1561 1840 1702 1922 προφήτης
1714 1838 1791 1915 herle,

219 1936 306 2017 jorem
321 1948 412 2016 postea
427 1934 510 1995 dictis
524 1934 607 1996 fidem
620 1936 739 1996 haberet.
753 1936 822 2008 Quae
833 1937 907 1996 enim
916 1936 968 1996 hoc
1021 1931 1091 1993 ὥστε
1104 1931 1150 1992 καί
1164 1932 1232 2011 μετὰ
1243 1935 1344 2006 πολλῆς
1358 1937 1407 2005 τῆς
1424 1933 1606 2015 πληροφορίας
1616 1934 1792 1993 ἀκοῦσαιλοι-

223 2026 353 2105 crederet,
364 2047 418 2087 non
432 2028 503 2087 ultra
515 2027 551 2087 de
565 2028 647 2087 dictis
661 2026 817 2087 dubitatura
833 2040 898 2087 erat.
912 2029 969 2087 Pu·
1022 2025 1073 2085 πδν
1085 2029 1138 2084 τῶν
1149 2023 1308 2104 λεγομάνων.
1319 2025 1355 2084 Ἥ
1368 2023 1512 2105 γάρτοῦτο
1524 2030 1684 2100 πεισθεῖσα,
1696 2026 1743 2084 οὒκ
1755 2021 1792 2083 ln

222 2120 284 2181 dent
299 2141 363 2201 ergo
378 2142 435 2197 nos,
444 2135 470 2182 et
483 2121 681 2181 erubescamus.
693 2121 797 2180 Mulier
811 2142 872 2200 qua
890 2122 969 2200 quin·
1022 2115 1114 2176 λοιπδν
1140 2117 1277 2198 περὶτῶν
1304 2118 1492 2198 ῥηθησομένων
1514 2116 1697 2199 θμφιὸάλλειν
1715 2105 1791 2197 εῖχεν·

224 2234 276 2292 que
289 2213 363 2275 viros
380 2212 521 2288 habuerat,
534 2211 826 2288 Samaritanatantum
839 2211 969 2272 doetrinae
987 2218 1007 2267 B
1025 2212 1214 2289 Αίσχυνθῶμεν
1233 2209 1321 2269 τοίνυν
1334 2211 1380 2270 καί
1394 2211 1592 2293 ίρυθριάσωμεν
1601 2209 1707 2271 λοιπύν.
1724 2205 1792 2280 Γυνὴ

224 2303 393 2364 addiscenda
400 2303 522 2364 studium
531 2304 621 2378 habet,
629 2324 678 2362 nec
687 2304 754 2363 hora
764 2303 828 2378 diei,
838 2324 888 2363 nec
895 2301 971 2363 aliud
1024 2300 1103 2361 πέντε
1118 2301 1217 2382 ’ἄνδρας
1240 2304 1385 2382 ἐσχηκυῖα,
1408 2302 1453 2362 καί
1476 2305 1641 2385 Σαμαρεῖτις
1661 2291 1793 2372 olomeo·

224 2395 342 2475 quodvis
352 2395 472 2455 officium
483 2394 526 2457 vel
537 2393 675 2474 negotium
685 2393 805 2454 illamab
814 2393 971 2475 hujusmodi
1025 2392 1125 2464 σαύτην
1134 2392 1196 2473 περὶ
1216 2394 1355 2474 δογμάτων
1375 2403 1491 2456 ποιεῖται
1515 2394 1643 2471 σπουδὴν,
1657 2393 1703 2454 καί
1721 2395 1794 2474 ahgi

226 2487 371 2567 quaestione
385 2485 497 2546 abducit
510 2511 517 2544 ε
528 2507 577 2546 nos
592 2499 682 2545 autem
701 2507 755 2546 non
776 2485 858 2545 modo
873 2485 908 2546 de
922 2485 972 2546 do·
1025 2484 1115 2564 καιρὸς
1128 2487 1176 2556 τῆς
1188 2483 1290 2566 ἡμέρας
1298 2528 1307 2556 ,
1317 2487 1346 2544 οὐ
1355 2484 1385 2545 τδ
1396 2488 1437 2567 ἐφ’
1450 2483 1539 2564 ίτερύν
1552 2482 1792 2564 τιπαραγινάσθαι,

227 2578 363 2660 gmatihus
377 2598 429 2637 non
448 2577 656 2657 interrogamus,
673 2576 720 2637 sed
737 2577 766 2636 in
783 2576 909 2636 omnihus
929 2597 972 2637 so-
1025 2577 1073 2636 ούκ
1088 2575 1153 2634 άλλο
1163 2575 1236 2635 οὐδὲν
1259 2575 1339 2649 αὐτὴν
1360 2577 1482 2656 ἀπήγαγε
1501 2579 1549 2648 τῆς
1559 2574 1622 2656 περὶ
1643 2574 1678 2634 τὰ
1690 2577 1793 2634 τοιαῦτα

227 2672 320 2734 oordes
336 2671 482 2753 ignavique
491 2691 593 2731 sumus.
607 2670 670 2731 ldeo
681 2669 772 2731 omnia
788 2669 971 2750 negliguntur.
1026 2667 1175 2740 ίητίσεως·
1189 2672 1266 2747 ἡμεῖς
1279 2668 1307 2730 δὲ
1324 2671 1353 2728 οὗ
1373 2669 1450 2748 μόνον
1472 2667 1535 2749 περί
1557 2667 1700 2748 δογμάτων
1712 2670 1741 2728 οὗ
1752 2670 1794 2740 ζη·

198 2791 220 2835 io
228 2764 297 2837 Quis
316 2777 447 2837 vestrum,
460 2783 561 2842 quaeso,
578 2761 653 2823 domi
674 2760 850 2821 christianum
869 2761 971 2820 librum
981 2765 1133 2850 memma,
1150 2758 1219 2820 ἀλλδι
1233 2760 1353 2841 καὶπερὶ
1369 2761 1476 2821 πάντων
1496 2761 1603 2833 ἁπλῶς,
1617 2760 1665 2820 καὶ
1677 2764 1713 2829 ὡς
1723 2759 1795 2841 leuga

86 2856 204 2928 ,ternorum
228 2853 334 2937 arripit,
344 2853 418 2914 dicta
428 2854 627 2932 examinabant
638 2851 807 2933 Scripturam
820 2853 973 2912 scrutatur?
991 2867 1012 2913 Α
1027 2853 1190 2932 διακείμεθα.
1203 2852 1257 2914 Aah
1273 2861 1349 2915 τοῦτο
1362 2854 1397 2913 τὰ
1414 2854 1503 2913 πάντα
1519 2852 1665 2933 ήμίληται.
1678 2852 1729 2922 Τίς
1747 2850 1795 2934 γδρ

76 2931 188 3022 chiffl
195 2991 221 3021 a·
229 2951 313 3009 Nemo
327 2968 402 3024 sane3
418 2947 466 3008 sod
475 2948 545 3007 talos
557 2960 583 3006 et
596 2945 680 3005 curhos
693 2943 767 3025 apud
775 2943 916 3025 plerosque
931 2944 972 3004 in-
1028 2947 1112 3024 ύμῶν,
1127 2943 1185 3004 εἶπί
1197 2968 1257 3024 μοι,
1269 2946 1296 3004 ia
1315 2945 1386 3028 οίκύφ
1398 2945 1553 3025 γενόμενος,
1570 2950 1582 2978 “
1596 2945 1708 3005 πυκτίον
1721 2945 1794 3006 {leda

88 3055 122 3083 Μ·
229 3042 375 3119 veniemus,
386 3041 472 3101 libros
485 3060 627 3120 nusquam,
640 3037 683 3099 vel
696 3035 772 3119 apud
781 3057 879 3118 ρουοοο
890 3050 970 3097 certe.
1026 3035 1206 3119 χριστιανικδν
1219 3039 1287 3114 μετὰ
1297 3045 1407 3119 χεῖρας,
1422 3037 1468 3097 καί
1480 3036 1514 3097 τά
1531 3037 1674 3118 ίγκείμενα
1687 3039 1794 3113 ίπῆλθι,

219 3133 264 3192 ¹Hi
279 3154 343 3194 vero
359 3131 470 3215 perinde
491 3131 581 3192 affecti
593 3143 665 3205 sunt,
679 3142 759 3207 atque
770 3127 791 3188 ii
803 3128 851 3207 qui
864 3148 917 3187 non
926 3127 975 3188 ha·
1027 3129 1073 3188 καὶ
1085 3128 1215 3209 ἠρεύνησε
1228 3127 1276 3201 τὴν
1293 3129 1417 3210 Γραφήν,
1431 3129 1527 3198 Οὐδείς
1543 3129 1574 3188 du
1588 3128 1647 3210 ίχοι
1665 3134 1749 3189 ταῦτα
1763 3130 1796 3188 τί·

227 3225 303 3304 bent,
318 3225 366 3304 qui
380 3225 477 3304 ligatos
489 3224 533 3285 vel
548 3243 659 3305 prorsus
677 3221 705 3280 in
719 3220 825 3280 scriniis
839 3219 975 3301 depositos
1028 3230 1102 3281 πεῖν·
1114 3222 1183 3282 ἀλλὰ
1194 3221 1306 3289 πίπους
1316 3221 1363 3301 μὲν
1372 3221 1518 3290 καίκύύους
1529 3221 1604 3302 noph
1617 3230 1674 3290 τοῖς
1683 3222 1795 3283 πλιίοσιν

228 3332 344 3394 servant,
356 3338 487 3395 omneque
500 3315 622 3376 studium
636 3328 739 3396 ponunt
760 3313 788 3372 in
806 3314 975 3373 membrana·
1029 3314 1174 3395 εὑρήσομεν
1187 3313 1282 3388 ὄντας,
1294 3313 1386 3394 βιύλία
1399 3314 1426 3375 δὲ
1438 3315 1569 3394 οὐδαμοῦ,
1578 3314 1671 3375 *ἀλλὰ
1683 3315 1728 3375 καὶ
1736 3312 1795 3394 παρ’

228 3431 291 3469 rum
315 3411 460 3486 tenuitate,
482 3422 528 3468 aut
553 3409 581 3467 in
600 3408 740 3468 literarum
762 3406 974 3488 pulchritudine,
1028 3405 1134 3486 ὀλίγοις.
1149 3406 1202 3468 Καί
1212 3397 1284 3466 οὗτοι
1295 3405 1323 3465 δὲ
1336 3416 1391 3474 τοῖς
1401 3410 1449 3468 oon
1460 3407 1566 3488 ἔχουσιν
1580 3408 1680 3488 ὁμοίως
1690 3409 1795 3469 διάκειν·

229 3504 347 3582 neglecta
360 3501 483 3561 lectione.
492 3503 585 3580 Neque
594 3499 666 3560 enim
675 3498 712 3558 ad
721 3499 866 3559 utilitatem
880 3520 975 3578 quam·
1029 3522 1087 3572 ται,
1096 3499 1223 3571 δήσαντες
1231 3497 1298 3558 αὐτὰ
1309 3498 1353 3557 καί
1363 3498 1521 3578 ἀποθέμενοι
1530 3501 1675 3570 διαπανεδς
1684 3504 1712 3561 δν
1722 3500 1795 3560 atto

228 3594 303 3675 piam
332 3593 394 3652 illos
416 3593 568 3672 acquirunt,
582 3591 628 3651 sed
651 3604 681 3649 ut
709 3590 876 3672 opulentiam
899 3610 976 3650 suam
1030 3590 1110 3658 τίσις·
1120 3591 1196 3664 καλή
1213 3599 1288 3649 πᾶσα
1304 3594 1392 3659 αὐτοῖς
1406 3591 1508 3663 σπουδὴ
1525 3592 1588 3673 περὶ
1606 3592 1657 3666 rho
1667 3597 1722 3653 τῶν
1733 3591 1795 3672 opt

230 3687 370 3747 nmbitiose
384 3700 515 3746 ostentent
532 3698 644 3745 :tantus
661 3696 701 3743 est
714 3682 802 3744 inanis
823 3682 915 3763 gloriae
936 3683 976 3742 sa-
1030 3705 1081 3740 νων
1095 3683 1261 3755 λεπτότητα,
1275 3681 1321 3742 καί
1343 3682 1373 3742 τδ
1394 3685 1446 3741 τῶν
1464 3685 1632 3765 γραμμάτων
1647 3684 1795 3756 ammei

110 3803 173 3848 nnn
182 3818 222 3847 m·
231 3793 297 3840 stus.
305 3780 445 3839 Neminem
452 3776 533 3839 audio
543 3777 572 3837 id
583 3775 686 3836 ambire
697 3790 726 3835 ut
733 3775 818 3835 libros
828 3774 976 3855 intelligat,
1030 3774 1091 3855 περί
1111 3773 1160 3847 τὴν
1180 3774 1338 3853 ἀνάγνωσιν.
1355 3773 1425 3835 Οὐδὲ
1448 3776 1499 3856 γάρ
1517 3775 1585 3859 huelp
1607 3777 1739 3858 ὠφελείας
1757 3775 1796 3838 καί

78 3871 122 3911 '⁸³⁸
141 3867 220 3911 'imi'-
230 3871 278 3934 sed
294 3870 390 3953 potius
403 3890 431 3929 se
452 3868 539 3928 libros
553 3867 653 3929 hahere
669 3870 772 3949 jactant
785 3869 874 3928 aureis
891 3868 977 3935 literis
994 3890 1012 3937 u
1030 3866 1137 3948 κέρδους
1150 3865 1199 3939 τὴν
1212 3869 1307 3937 κτῆσιν
1321 3869 1406 3926 αὐτῶν
1421 3868 1595 3944 πεποίηνται,
1608 3868 1680 3930 eut
1690 3870 1796 3932 πλούτοι

228 3967 352 4047 scriptos.
373 3964 410 4024 Et
426 3961 503 4043 quid,
524 3983 623 4041 qrraeso,
651 3960 715 4020 hinc
740 3961 810 4020 lueri
834 3960 978 4042 provenit?
1030 3960 1076 4019 καί
1105 3958 1257 4040 φιλοτιμίας
1281 3958 1405 4028 ἐπίδειξιν
1430 3958 1602 4039 ποιούμενοι,
1629 3962 1693 4042 περί
1720 3967 1797 4022 ταῑτα

229 4063 288 4121 Non
302 4061 373 4120 σιιίιιι
387 4074 528 4141 propterea
542 4056 612 4116 date
620 4055 698 4129 nobis
707 4069 770 4114 sunt
780 4055 939 4137 Scriptura,
947 4068 978 4114 ut
1031 4053 1238 4112 ἐσπουδάκασιν·
1259 4051 1374 4125 τοσαύτη
1388 4057 1437 4125 τῆς
1456 4053 1603 4123 κενοδοξίας
1626 4060 1641 4128 ἡ
1713 4053 1796 4138 ρβσλιί.

228 4154 290 4213 illas
308 4154 337 4212 in
353 4153 431 4212 libris
447 4165 554 4211 tantum
566 4149 726 4224 habeamus3
739 4146 787 4208 sed
802 4160 833 4206 ut
846 4147 875 4206 in
888 4146 977 4206 cordi·
1030 4143 1143 4210 Οὐδενδς
1152 4143 1203 4223 γὰρ
1213 4143 1302 4203 ἀκούω
1313 4144 1548 4224 φιλοτιμουμένου,
1559 4145 1601 4207 ὅτι
1611 4137 1666 4207 οἶδε
1676 4148 1709 4209 rh
1721 4146 1798 4228 ἐγκεί-

228 4246 280 4306 bus
300 4244 493 4325 insculpamns.
518 4244 595 4302 Certe
613 4240 672 4300 hec
686 4239 822 4299 librorum
846 4237 978 4319 possessio
1031 4260 1113 4315 μενα,
1127 4238 1185 4296 ἀλλ’
1197 4236 1238 4296 ὅτι
1249 4245 1357 4317 χρυσοῖς
1372 4237 1429 4317 ἔχει
1446 4238 1602 4319 γράμμασιν
1618 4237 1798 4322 ίγγεγρομμί-

230 4337 352 4400 Juda'r'cae
375 4334 532 4395 ambitionis
548 4347 599 4411 est,
615 4353 678 4391 cum
695 4329 822 4392 videlieet
844 4343 978 4411 praecepta
1031 4351 1084 4387 νον.
1104 4328 1156 4388 Καί
1178 4328 1205 4386 τί
1223 4327 1254 4388 αδ
1271 4327 1375 4409 κέρδος,
1389 4328 1447 4388 είπί
1462 4355 1516 4409 μοι.
1535 4334 1577 4391 Οὐ
1591 4330 1643 4414 γάρ
1659 4333 1704 4392 διὰ
1722 4340 1804 4394 ταῦτα·

230 4429 316 4489 literis
329 4428 418 4487 solum
429 4427 601 4486 mandantur.
612 4424 699 4484 Nobis
709 4423 801 4501 utique
812 4442 865 4482 non
879 4421 914 4479 ab
925 4420 978 4480 ini·.
1031 4421 1158 4492 ἐδόθησαν
1172 4424 1200 4479 αἱ
1215 4421 1335 4501 Γραφαί,
1349 4420 1393 4480 ἵνα
1419 4424 1447 4481 ἐν
1470 4423 1582 4502 βιύλίοις
1600 4424 1681 4494 αὐτάς
1703 4427 1800 4509 ἔχωμεν

229 4523 268 4580 tio
283 4521 322 4580 sie
338 4519 384 4577 l'ex
400 4517 463 4576 data
481 4516 542 4593 suit,
556 4516 603 4576 sod
614 4516 644 4574 in·
653 4514 754 4575 tabulis
765 4513 853 4573 oordis
864 4514 979 4573 earnali-
1032 4511 1122 4591 μόνον,
1139 4514 1196 4571 ἀλλ’
1210 4510 1255 4570 ἵνα
1268 4512 1314 4571 καὶ
1328 4514 1355 4570 ἐν
1368 4512 1489 4593 καρδίαις
1504 4514 1585 4584 αύτδις
1595 4517 1801 4600 ίγκολάψωμιν.

227 4612 363 4673 busflaee
384 4630 448 4669 uero
471 4609 609 4683 dioo,n0n
625 4606 699 4687 quod
715 4606 800 4665 libros
824 4626 980 4686 comparare
1030 4603 1079 4672 Ὡς
1093 4603 1159 4678 αύτη
1173 4608 1235 4685 γεῆ
1253 4608 1346 4676 κτῆσις
1360 4604 1506 4677 Ἰουδαϊκῆς
1521 4609 1577 4667 ἐστι
1591 4611 1805 4692 φολιτιμίας,εδ

228 4703 398 4787 prohibeam,
412 4699 467 4760 imo
478 4698 508 4759 id
522 4697 641 4776 laudo,et
653 4710 683 4757 ut
698 4697 746 4757 liat
756 4709 867 4778 exopto,
878 4695 925 4757 sed
934 4715 980 4759 ve-
1033 4698 1060 4755 ίν
1079 4705 1134 4764 τοῖς
1155 4697 1296 4779 γράμμασι
1315 4697 1502 4758 κατατίθεσθαι
1526 4699 1606 4778 μόνον
1624 4701 1675 4772 τάς
1688 4705 1804 4774 ἐντολάς·

261 4907 361 4964 ,sava
375 4915 427 4980 m,
437 4914 488 4962 τοῦ,
1039 4901 1127 4956 Graeca
1138 4919 1164 4968 p.
1178 4901 1220 4966 25,
1237 4900 1281 4952 uhi
1297 4918 1350 4953 rem
1365 4900 1485 4968 exemplis
1496 4901 1691 4970 confirmamus,
1706 4927 1739 4960 ae
1748 4927 1808 4977 pne·

282 4988 333 5040 Αγρι
345 4996 372 5043 r,
384 4989 530 5054 ζητώμΜ,
1042 4983 1129 5032 sertim
1146 4982 1173 5031 in
1188 4978 1344 5031 Colleetlone
1362 4996 1427 5030 noua
1439 4981 1543 5031 Petrum
1552 4983 1584 5033 Τ.
1599 4985 1624 5049 2,
1638 4988 1810 5047 Animadver-

261 5085 271 5108 ¹
285 5077 378 5125 ποντίαν
393 5071 461 5120 tia&
477 5070 636 5134 χριστιανικδν,
655 5059 829 5112 Christianum
847 5056 939 5108 ttbmm
950 5075 996 5108 ac·
1044 5059 1114 5111 sione
1124 5058 1172 5108 XV
1182 5059 1209 5110 in
1219 5059 1334 5110 vitamet
1345 5055 1440 5124 scripta
1451 5056 1592 5112 Athanasii.

227 5150 402 5216 contemno
419 5141 489 5212 apud
504 5152 600 5196 veneres
614 5137 695 5192 libros
712 5156 765 5192 eme
775 5149 924 5205 οοωθθῡῑθε
934 5154 997 5205 1²¹⁰·
1080 5128 1165 5205 *llll
1174 5143 1236 5192 ‘llll‘
1245 5142 1302 5210 παρ’
1311 5142 1347 5192 ll·
1358 5138 1431 5189 5⁰⁸·
1444 5142 1497 5191 ἀλλ’
1509 5140 1546 5205 ’ll

226 5225 340 5282 hosimus
349 5223 419 5294 apud
426 5222 590 5277 Athanasium
602 5238 628 5288 p.
647 5221 697 5272 ⁴24
711 5260 718 5286 ,
731 5230 757 5270 et
774 5219 800 5273 in
811 5216 999 5287 Paluographie
