3750 5940
177 428 211 478 iu
240 428 357 495 naun,
387 430 536 479 sorrtcrn
561 428 628 479 τισι
655 429 782 480 curru
810 429 898 496 nai,
925 431 1004 480 nnc.
1300 406 1370 508 647

51 550 125 626 ιίάη,
140 554 187 612 καί
206 551 256 623 τὴν
270 551 412 632 πρεσάείαν
427 555 513 621 αὐτοῖς
523 555 578 612 ἀνι·
635 552 682 611 reli
702 553 739 612 ui.
755 553 824 613 Cum
845 573 909 633 ergo
921 551 1088 629 ascenderit,
1101 567 1125 614 et
1138 541 1298 634 legationem
1311 556 1377 638 ipsis

51 631 200 731 θαυμάζεις,
215 633 237 690 εί
249 631 295 692 καὶ
316 630 392 699 αὐτδς
403 635 417 690 θ
430 631 578 711 βασιλεδςθ
634 645 675 691 tra
699 631 787 707 derit,
800 631 866 710 quid
882 633 990 692 initeris
999 632 1024 692 si
1039 632 1096 714 ipso
1106 649 1191 694 texet
1204 632 1284 697 Pater
1300 636 1376 717 lega-

51 735 69 784 23
104 710 178 790 Υπὲρ
191 712 309 790 Χριστοῦ
331 709 521 790 πρεσύεύομιν,
542 714 578 778 ὡς
633 711 705 771 tione
712 711 927 791 lungaturlPro
933 714 1050 772 Christo
1057 713 1203 793 legatione
1203 717 1372 797 fungimur,
1385 734 1409 767 2·
1423 719 1476 767 cor.
1487 718 1512 768 5·

51 794 162 859 ιλοῦντος
182 791 214 849 δι’
231 795 318 869 ἡμῶν.
333 788 367 850 ‘0
379 790 510 872 θῦρισθιίς
522 814 578 849 πα·
634 803 786 882 tamquam
798 792 864 850 Deo
877 793 1051 852 exhortante
1060 813 1113 872 per
1132 813 1195 852 nos.
1210 794 1266 866 Qui
1283 809 1376 855 contu·
1385 795 1424 830 ²⁰·

51 868 263 948 ςίίαταλλάγητε
277 872 315 948 τῷ
332 872 405 949 Θεῷ.
419 870 459 928 Ὦ
502 872 577 929 ιλαν-
633 870 721 930 meliis
734 884 773 930 est
791 869 923 945 affectus,
941 870 1108 931 exhortatur.
1124 871 1219 944 Quid?
1236 876 1376 934 Reconci-

51 950 107 1023 ύτης
127 949 236 1030 άρατος.
256 946 367 1019 Ἐπειδὴ
381 949 469 1008 τοίνυν
481 947 578 1021 ανέάη,
596 945 616 991 ί)
634 950 749 1008 liamini
761 951 836 1008 Deo.
854 948 1127 1029 Obenignitatemlo
1146 951 1294 1013 bonitatem
1309 953 1376 1014 inel-

51 1053 73 1086 ιν
93 1038 149 1096 τοῖς
162 1026 318 1095 ἀποστόλοις
332 1028 487 1108 ἐνεχείρισε·
506 1027 540 1088 τὰ
550 1028 577 1089 δὲ
631 1027 760 1090 labilem!
773 1030 845 1103 Quia
851 1028 936 1109 igitur
944 1029 1073 1107 ascendit,
1079 1029 1239 1110 legationem
1249 1034 1376 1115 apostolis

51 1107 243 1188 ῖιόρθωτα,καί
261 1112 279 1179 ἡ
295 1106 435 1185 οἰκουμένη
458 1111 577 1167 ἀκανθῶν
631 1107 785 1186 commisit,
798 1129 860 1167 cum
874 1130 1022 1169 reseversae
1035 1111 1278 1191 essent,orbisque
1291 1113 1376 1194 spinis

53 1212 81 1248 ιιι
93 1187 245 1268 ἐτυράννει,
262 1188 307 1246 καί
323 1192 341 1259 ἡ
357 1187 438 1247 κακία
456 1186 578 1267 ἐκράτει,
630 1187 764 1267 repletus3
779 1208 841 1247 cunr
854 1186 978 1270 impietas
990 1188 1161 1270 tyrannidem
1174 1205 1318 1268 exerceret,
1330 1214 1375 1252 ne·

51 1291 127 1341 οντο,
141 1265 290 1326 καὶκνίσσσ
303 1265 427 1344 ἐμολυνε,
438 1265 484 1325 καί
498 1264 578 1344 alpe·
630 1266 715 1345 quitia
734 1265 943 1342 dominaretur,
962 1289 1017 1327 arae
1043 1268 1245 1330 incenderentur
1262 1316 1271 1348 ,
1297 1271 1377 1332 nidor

51 1345 127 1429 ρύαις
137 1349 261 1406 ἐπατεῖτο
271 1389 279 1416 ,
291 1345 337 1404 καί
347 1345 437 1412 ὠδῖνες
449 1358 578 1426 κατερρο·
630 1346 721 1405 omnia
734 1345 855 1423 sudaret,
874 1346 984 1427 sanguis
997 1347 1167 1425 funderetur,
1180 1365 1276 1410 natura
1289 1352 1376 1411 calca-

51 1450 83 1488 ισι
104 1427 150 1486 καί
169 1424 261 1503 θεσμοὶ
276 1423 384 1483 *καινοί
397 1423 578 1504 παρελύοντο,
629 1428 1088 1506 1·etur,partosooutemnerentur,l
1122 1450 1150 1488 es
1160 1443 1187 1489 et
1195 1443 1294 1490 statuta
1306 1451 1377 1492 nova

51 1510 109 1566 ’πῶν
125 1505 170 1565 καί
184 1504 254 1572 υἱοθς
270 1509 356 1564 αὐτῶν
368 1515 422 1572 τοῖς
436 1503 579 1582 δαιμονίοις
628 1504 813 1581 solverentur,
824 1526 887 1565 cum
896 1504 969 1565 lilias
980 1519 1005 1565 et
1017 1448 1268 1570 sdiosedamonibus
1279 1510 1377 1570 immo-

51 1589 82 1645 λα
92 1584 180 1645 πάντα
193 1576 262 1658 ἦσαν
275 1582 449 1664 πανηγύρεις,
464 1583 509 1643 καί
527 1589 576 1666 ρη-
628 1582 730 1660 latent,
744 1598 890 1664 caeteraque
902 1584 992 1644 omnia
1010 1585 1175 1648 celebritates
1194 1603 1299 1666 essent3
1313 1591 1375 1649 rhe-

86 1663 214 1745 ιλοσάρων
228 1662 365 1744 σύλλογοι,
380 1663 425 1722 καί
446 1663 577 1742 δαιμόνων
629 1675 720 1722 torum
731 1663 826 1740 chori,
848 1663 1072 1745 pbilosophorum
1097 1681 1181 1728 coetus
1192 1713 1200 1744 ,
1213 1668 1376 1729 ‘damonum

51 1689 96 1804 ιύο
128 1743 333 1821 υδύναμις,καί
347 1741 406 1824 ξίρη
417 1743 578 1821 ἠκονημένα,
626 1741 866 1818 debacchationes,
891 1743 993 1804 diaboli
1035 1758 1153 1825 otestas,
1176 1746 1260 1827 gladii
1280 1750 1375 1825 acuti,

51 1823 145 1903 ημνοί,
158 1823 203 1883 καί
215 1826 352 1903 πανταχοῦ
372 1823 512 1895 σκόπελοι,
533 1822 578 1882 καί
631 1822 731 1902 ubique
740 1823 889 1904 praecipitia
897 1837 923 1883 et
932 1766 1046 1905 scopuli,
1058 1846 1121 1884 cum
1135 1826 1298 1887 consuetudo
1308 1851 1376 1909 pra·

50 1911 114 1978 ῦσα,
128 1902 173 1962 καί
181 1904 271 1970 ὠδῖνες
284 1900 416 1982 πατέρων,
430 1901 579 1982 καὶὴπρο·
626 1903 727 1961 valeret
738 1947 747 1979 ,
763 1916 871 1983 patrum
889 1901 1015 1981 dolores,
1042 1906 1174 1985 majorum
1193 1906 1332 1988 impietas,
1349 1908 1377 1968 in

51 1982 99 2042 δὸν
112 1981 233 2054 ἡδονῆςέ
252 2004 336 2055 ουσα,
352 1982 398 2041 καί
411 1980 441 2041 νύ
462 2005 486 2040 οι
497 1986 576 2061 βασι·
627 1981 672 2040 via
694 1982 840 2062 voluptatis
860 1982 1001 2060 inccdens,
1025 1983 1095 2063 leges
1129 2006 1225 2065 regum
1245 2001 1377 2068 corruptae

51 2086 92 2134 οι,
118 2063 164 2122 καί
185 2005 272 2122 δοῦλοι
296 2059 342 2121 καί
365 2006 507 2134 δεσπύύαι,
533 2061 578 2122 καί
628 2074 730 2138 essent,
749 2083 781 2121 ac
794 2061 864 2122 servi
877 2075 903 2123 et
925 2063 994 2140 heri,
1005 2063 1140 2155 principes
1152 2079 1178 2124 et
1191 2065 1291 2147 privati
1303 2112 1313 2144 ,
1327 2065 1376 2125 di-

51 2147 144 2217 ιῶται,
168 2142 215 2201 καί
240 2137 361 2200 πλούσιοι
385 2140 431 2198 καί
451 2140 578 2213 πένητες,
629 2140 697 2200 vites
717 2153 743 2201 et
763 2162 915 2222 pauperes,
931 2163 1024 2203 omnes
1040 2143 1179 2224 impietate
1199 2144 1376 2227 circumplexi

51 2219 288 2302 υμπεπλεγμίνοι,
301 2220 346 2279 καὶ
357 2219 463 2280 Ιπολλδι
475 2220 579 2300 ἔχοντες
597 2231 616 2280 e
629 2233 714 2279 essent
737 2221 831 2280 multis
845 2221 969 2281 instructi
983 2222 1206 2293 machinamentis
1218 2248 1224 2282 :
1236 2239 1300 2285 tunc
1313 2247 1377 2306 apo-

60 2304 84 2361 ol
93 2300 121 2362 δδ
133 2301 275 2362 ἀπόστολοι
286 2298 381 2367 πάντες
387 2290 455 2371 ἦσαν
467 2298 579 2375 δώδεκα,
630 2298 692 2358 stoli
704 2264 848 2360 duodecim
861 2315 946 2380 erant,
963 2301 1020 2362 imo
1032 2302 1156 2363 undecim
1167 2326 1176 2379 3
1190 2324 1261 2363 unus
1273 2305 1346 2365 enim
1360 2328 1377 2366 a

56 2381 150 2462 ·δγάρ
161 2373 196 2448 εἷς
208 2378 369 2461 θηριάλωτος
379 2378 484 2458 γε’γονεν
494 2403 500 2416 ·
510 2371 579 2453 ἦσαν
630 2377 685 2438 lena
701 2393 794 2460 captus
807 2381 912 2457 luerat;
932 2379 1056 2441 undecim
1078 2382 1163 2463 igitur
1176 2398 1260 2444 erant.
1275 2385 1377 2445 Paulus

51 2461 114 2522 ιίνυν
128 2461 235 2528 Παῦλος
255 2460 284 2519 οὐ
302 2457 388 2540 λόγων
401 2456 511 2537 δύναμιν
529 2483 578 2520 κι·
630 2479 712 2538 ergo,
734 2479 787 2518 non
801 2459 951 2538 eloquentia
970 2460 1118 2522 instructus
1127 2509 1138 2538 ,
1159 2484 1213 2523 non
1234 2465 1374 2544 pecuniis,

50 2540 149 2620 ,μάτων
160 2538 313 2622 περιουσίαν
325 2537 345 2596 l·
357 2563 404 2611 ων,
419 2538 448 2597 ού
457 2541 578 2618 γλῶτταν
631 2559 683 2597 non
703 2553 780 2599 acuta
801 2539 912 2619 lingua,
937 2560 990 2599 uon
1009 2541 1103 2622 patria
1123 2542 1299 2620 celebritate,
1323 2564 1377 2605 nou

50 2620 161 2701 πατρίδος
181 2619 304 2700 μέγεθος,
321 2564 358 2678 ού
365 2616 456 2697 γάνους
470 2619 579 2701 περιρά-
631 2619 735 2697 generis
758 2619 899 2697 claritate,
916 2639 969 2679 non
992 2620 1110 2701 corporis
1125 2623 1240 2697 robore,
1262 2622 1374 2715 nudus,

51 2722 89 2767 τος
115 2703 124 2758 ί
155 2698 201 2781 δν,
233 2699 349 2848 γυρνθς,
375 2698 577 2777 μεμονωμένος,
630 2697 715 2773 solus,
730 2700 817 2778 magis
830 2711 922 2790 mutus
934 2720 1017 2777 quam
1030 2699 1131 2780 pisces,
1145 2701 1291 2792 ignobilis,
1309 2702 1377 2764 idro-

51 2804 102 2852 ιος,
147 2781 268 2858 σημοςέ
305 2776 357 2849 dori
403 2802 428 2845 ν,
454 2776 577 2854 ἰδιώτης,
631 2789 669 2854 ta,
684 2776 817 2854 indoctus,
833 2777 965 2849 circuibat
980 2799 1028 2916 per
1041 2779 1135 2840 orbem
1154 2783 1377 2863 semmapietatis

51 2859 156 2942 ιήρχετο
175 2856 288 2938 σπείρων
303 2882 355 2917 κατ
392 2855 442 2928 τὴν
457 2858 578 2937 οθκουμά-
628 2857 739 2936 jaciens,
752 2870 779 2916 et
789 2878 881 2917 omnes
901 2857 980 2939 ipsia
1002 2858 1198 2937 versabantur;
1214 2861 1286 2920 alius
1299 2862 1376 2924 iuva·

51 2943 115 3010 ιτῆς
133 2939 282 3012 εὐσεύείας,
294 2937 338 2996 καί
357 2937 453 3003 πάντες
468 2936 577 2996 άντίπι·
631 2935 713 2996 dcbat
726 2936 805 2995 illum
820 2949 847 2995 et
861 2935 1024 3016 flagellabat,
1039 2936 1109 2997 alius
1129 2936 1326 3030 apprehensum
1347 2943 1376 3002 in

51 3018 172 3091 ίνίύαλε,
189 3017 235 3077 καί
248 3015 344 3095 ἕμαστί
362 3039 409 3075 ου·
423 3019 438 3075 θ
452 3015 479 3074 δὲ
496 3015 579 3095 ἐλάμ-
632 3036 765 3077 carcerem
784 3015 926 3094 trahebat,
949 3014 1019 3075 alius
1034 3029 1144 3096 captum
1162 3039 1192 3078 ru
1214 3034 1284 3079 sarta
1305 3021 1376 3081 inem

51 3098 182 3179 μυκτήρων
193 3088 277 3157 εἷλκεν
288 3100 320 3155 ’θ
334 3041 362 3154 ll
374 3094 522 3174 ἐλάμύανε,
534 3096 579 3157 καί
595 3125 618 3165 ις
633 3095 809 3176 conjiciebat,
835 3094 905 3155 alius
926 3094 1078 3155 offendebat
1092 3119 1099 3153 ι
1120 3099 1265 3158 Innumera
1286 3041 1374 3160 bella:

51 3180 129 3251 ιλλιν,
148 3175 205 3238 θδὲ
219 3174 401 3244 ἐσκανδάλιζε·
423 3174 468 3234 καί
490 3176 579 3257 μυρίοι
598 3186 617 3228 Δ
633 3177 719 3235 Foris
735 3196 859 3255 pugne,
876 3179 955 3234 irutus
974 3178 1101 3235 timores.
1119 3180 1252 3238 Monstri
1265 3180 1376 3240 Christi
1385 3193 1523 3256 2.c0r.7.5.

51 3282 71 3318 ιν
94 3256 198 3337 μάχαι,
222 3255 318 3314 ἔσωθεν
345 3254 430 3336 ρόάοι.
455 3255 579 3315 Διάκονοι
633 3252 721 3314 sunt!
746 3257 784 3314 Ut
798 3258 895 3315 minus
913 3259 1030 3334 sapiens
1050 3257 1136 3330 σίίσο,
1153 3259 1227 3319 Plus
1249 3280 1301 3340 ego
1316 3284 1325 3317 .-
1343 3264 1408 3322 ιἰιε.
1423 3276 1477 3322 σω.
1491 3291 1528 3323 ιι.

51 3339 198 3419 ιραρρονῶν
217 3337 307 3406 λαλῶ,
322 3334 370 3394 ύπὲ
402 3332 471 3413 ἐγώ·
486 3338 513 3394 ἀν
535 3334 579 3394 κό-
634 3335 782 3395 laboribus
796 3334 1017 3407 abuudantius,
1032 3339 1066 3393 in
1084 3336 1182 3418 plagis
1201 3359 1291 3420 supra
1314 3361 1375 3399 mo·
1385 3343 1518 3400 23··-29·

51 3440 93 3488 υς,
116 3419 144 3474 ἐν
165 3418 279 3495 πληγαῖς
296 3359 531 3494 θπιρύαλλόντως,
551 3417 578 3474 ἐν
632 3414 712 3486 dum,
729 3418 762 3472 in
771 3417 937 3473 carceribus
949 3416 1168 3490 abundantius,
1184 3421 1215 3477 in
1235 3423 1376 3481 mortibus

51 3495 152 3577 κέρως,
163 3497 190 3555 ἐν
202 3494 322 3560 θανάτοις
335 3493 463 3560 πολλάκις
475 3517 481 3530 ·
493 3493 508 3523 *
518 3517 580 3554 τεσ·
629 3495 810 3575 [παραινοῖεν.
826 3491 859 3551 A
874 3494 988 3554 Judaeis
1001 3498 1156 3575 quinquoes
1170 3499 1377 3580 quadragenas

51 3576 117 3729 pu
132 3572 581 3733 ‘llil'illu-lllliilll’elll‘
633 3577 936 3735 llsssstlmffsst‘·
952 3576 1228 3716 liirellliiifl'*
1241 3593 1378 3740 ‘illabi

207 3680 245 3736 τί)
320 3714 325 3734 .
487 3696 495 3724 ν
566 3689 578 3700 ·

51 3680 224 3811 ;,μύιίύδυ’νοις
235 3737 372 3812 ποταμῶν,
388 3731 515 3798 κινδύνοις
529 3734 578 3812 λη·
633 3675 783 3816 morisjiu‘
799 3757 807 3789 .·
822 3738 853 3792 in
863 3698 1017 3793 itiniribus
1031 3755 1118 3814 sarpe;
1130 3681 1378 3822 periculisflumi-

51 3815 172 3895 ’κγίνους
180 3857 190 3886 ,
204 3811 331 3880 κινδύνοις
345 3812 371 3882 ἐξ
391 3814 481 3884 ἐθνῶν,
492 3811 580 3871 κινδύ-
634 3833 714 3885 num,
729 3814 867 3893 periculis
885 3812 1046 3886 latronum,
1060 3817 1198 3893 periculis
1211 3837 1376 3896 exgenere,

51 3894 176 3961 κινδύνοις
201 3898 228 3954 ἐν
256 3893 372 3974 ἐρημίᾳ,
399 3891 525 3959 κινδύνοις
553 3895 580 3952 ἐν
631 3894 768 3972 periculis
791 3914 831 3962 ex,
851 3894 1003 3972 gentibus,
1025 3895 1162 3973 periculis
1183 3898 1216 3952 in
1233 3899 1376 3970 civitate,

51 3999 92 4044 ὀις
111 3977 138 4033 ἐν
159 3974 367 4054 ψευδαδέλφοις,
391 3973 419 4030 ἐν
439 3971 515 4052 κόπῳ
535 3970 580 4030 καί
631 3974 768 4051 periculis
782 3975 813 4029 in
831 3972 999 4042 solitudine,
1020 3974 1158 4051 periculis
1171 3978 1204 4031 ιἰι
1218 3979 1294 4033 mari
1301 4021 1311 4047 ,
1327 3997 1378 4056 pe-

50 4053 124 4120 ,νίαις
138 4053 285 4126 πολλάκις,
301 4057 327 4112 ἐν
341 4054 413 4130 λιμῶ
430 4050 475 4109 καί
492 4049 579 4131 δίψει,
633 4052 734 4110 riculis
743 4055 775 4109 in
770 4051 867 4132 salsis
861 4051 1021 4189 χίσσῖτῖθιιε
1030 4054 1078 4109 :in
1086 4051 1187 4112 labore
1195 4066 1224 4112 et
1234 4074 1377 4126 aerumna,

51 4110 580 4215 άκις,ἔνιίρύ·εικαίγυμνύπιγτι,χωρίς
632 4135 665 4189 in
684 4131 795 4212 vigiliis
811 4151 859 4188 mu
885 4134 921 4203 is,
937 4132 1064 4212 infame
1082 4144 1111 4190 et
1128 4136 1242 4206 siti,in
1255 4136 1379 4214 jejuniis

63 4159 234 4279 ἐπισύστσισίς
255 4215 404 4292 μουὴκσθ
429 4210 579 4290 {pipant}
634 4211 746 4283 multis,
762 4214 794 4268 in
802 4212 915 4291 frigore
926 4222 954 4269 et
965 4211 1109 4283 nuditate,
1125 4226 1232 4291 proeter
1244 4214 1301 4272 illo
1314 4234 1382 4295 quie
1491 4283 1497 4294 ,

76 4298 129 4353 τῶν
156 4291 334 4365 Ἐκκλησιῶν.
368 4290 417 4356 Τίς
459 4292 580 4362 ἀσθενεῖ,
633 4294 814 4350 extrinsecus
836 4303 905 4349 sont
923 4293 1067 4348 instantia
1087 4312 1153 4349 mea
1179 4294 1380 4372 quotidiana,

51 4397 56 4443 ;
80 4372 119 4441 τίς
143 4374 362 4444 σκανδαλίζεται,
389 4370 435 4428 καί
463 4373 510 4430 οὐκ
528 4368 580 4449 ἐγὼ
633 4371 800 4430 sollicitudo
820 4373 951 4428 omnium
967 4369 1178 4429 Ecclesiarum.
1210 4373 1281 4450 Quis
1282 4374 1381 4512 :Zr-

51 4453 132 4534 ίελρδς
146 4451 265 4527 ἔπιπτεν,
288 4445 362 4518 οὗτος
384 4449 474 4530 ἤλγει·
490 4451 581 4531 ἐχθρὸς
634 4463 742 4522 motor,
760 4462 789 4508 et
803 4470 856 4530 ego
876 4469 936 4507 non
957 4449 1114 4528 infirmor?
1137 4454 1204 4531 quis
1228 4472 1280 4511 soa
1344 4455 1380 4512 o·-

51 4522 109 4600 ὗτος
134 4533 259 4612 ἔπασχεν.
293 4523 376 4595 Οἶδας
413 4535 505 4602 τοῦτο,
540 4531 581 4589 ὅτι
599 4540 617 4586 Β
634 4544 731 4604 eatur,
753 4542 782 4588 et
804 4550 856 4609 ego
879 4549 939 4587 non
959 4533 1051 4588 uror?
1070 4529 1163 4589 Frater
1184 4530 1309 4607 cadebat,
1335 4532 1382 4592 ille

51 4635 74 4671 ιι
97 4601 239 4679 caisnetel
261 4613 288 4670 ἐν
313 4615 345 4682 τῆ
370 4608 452 4669 Ἀσία.
477 4609 579 4670 Παλιν·
633 4608 742 4669 dolebat
760 4631 766 4664 :
782 4608 909 4669 inimicus
930 4607 1127 4685 insidiabatur,
1149 4609 1196 4669 ille
1215 4611 1377 4692 patiebatur.

51 4692 161 4760 ςπάλιν
185 4691 288 4760 ὠδίνω,
304 4676 381 4772 ἄχρις
403 4670 440 4748 oli¹
475 4694 580 4771 ορρωθῇ
633 4691 696 4751 Scis
710 4691 776 4760 ltoc,
811 4690 871 4747 nod
889 4689 1039 4748 adversati
1054 4702 1183 4749 suntme
1199 4711 1309 4763 omnes,
1329 4697 1412 4774 qnia.
1428 4708 1487 4750 Τωι,
1511 4719 1531 4751 ι.

69 4773 127 4831 Ποῦ
140 4771 255 4850 ἤμελλεν
270 4772 360 4850 ἀρκεῖν
376 4779 430 4836 τοῖς
443 4713 512 4845 ἔξω,
527 4779 581 4836 τοῖς
634 4783 702 4829 sont
716 4773 748 4827 t'n
768 4710 855 4827 dita.
870 4767 1010 4828 Rursum:
1023 4769 1127 4828 Filiob'
1140 4774 1217 4843 mei,
1239 4792 1311 4852 quos
1327 4777 1378 4831 ite·
1393 4768 1427 4811 ’5-

51 4851 100 4926 ιξι,
116 4861 173 4918 ταῖς
190 4852 300 4920 λύπαις,
323 4848 511 4929 τῇθαλάσση,
526 4857 581 4916 τοῖς
633 4870 698 4908 rum
718 4852 867 4928 parturio,
889 4848 981 4907 donec
1005 4850 1181 4930 eslormetur
1207 4852 1324 4912 Cbistus
1347 4855 1378 4911 ιἰι
1391 4831 1477 4888 ΟΜ·
1493 4841 1531 4888 ¹⁹¹

51 4930 226 5012 σμωτηρίοις,
241 4938 299 4997 ταῖς
311 4933 484 5008 ἀπαγωγαῖς,
499 4930 579 5011 τηγά·
633 4931 729 4988 vobis.
746 4925 890 5000 Quomodo
905 4927 1027 4989 sulficere
1047 4942 1151 5009 poterat
1169 4928 1203 4989 iis
1223 4952 1284 5008 qua
1299 4930 1379 5006 loris,

53 5057 61 5084 ,
81 5011 193 5090 δήμοις,
209 5011 371 5090 βασιλεῦσιν,
387 5009 507 5087 οἰκείοις,
530 5011 579 5069 ἀλ·
632 5008 666 5069 iis
687 5028 748 5087 quar
770 5007 843 5066 intus
864 5021 950 5087 eraut,
966 5007 1139 5084 verberibus,
1153 5007 1305 5088 doloribus,
1323 5031 1380 5069 ma-

634 5184 646 5206 ¹
665 5166 754 5248 [addit
766 5197 845 5249 marg.
856 5178 933 5234 Sneil.
947 5199 1005 5232 cum
1015 5180 1079 5233 Bibl.
1091 5187 1133 5238 θπδ
1144 5181 1247 5236 levietur
1258 5185 1380 5250 πεντάκις]

51 5260 80 5314 lit
93 5278 172 5330 marg.
181 5259 269 5328 senil]
