3750 5940
75 466 220 516 cxxxiv.
248 443 294 515 nl.
328 466 475 516 cxxxiii.
784 442 850 542 57¹

107 593 181 651 Dens
196 591 257 653 illos
268 589 390 666 tradidit,
405 589 513 670 quando
527 611 555 648 se
570 589 619 670 ipsi
632 590 734 671 priores
748 611 783 650 ex
797 593 856 671 ejus

107 684 277 764 providentia
297 698 323 745 et
342 683 506 765 protectione
524 683 712 742 subtraxerant
725 707 731 741 ε
742 697 769 743 et
793 703 856 743 cum

109 798 162 836 uno
180 798 310 837 consensu
326 778 514 857 regnumejus
536 775 720 855 abnegassent,
734 775 857 857 permisit

107 869 214 927 eossuis
224 869 335 928 calculis
345 869 484 928 subruere.
496 866 577 946 Atqui
586 888 645 945 qnae
655 866 729 926 dicta
739 867 856 943 inerant,

108 974 192 1021 totam
201 962 312 1020 illorum
326 962 394 1019 iram
405 959 498 1020 sedare
511 959 676 1019 debuissent.
693 958 748 1020 sed
759 959 857 1019 timue-

108 1054 346 1113 runtncdimissus
354 1053 442 1113 denuo
449 1054 581 1135 populum
589 1052 857 1133 congregaret,quod

109 1169 142 1207 ne
157 1150 273 1208 eveniret
288 1149 378 1209 omnia
400 1149 551 1208 mov'ebant.
563 1149 656 1208 Grave
677 1147 750 1206 enim
771 1146 856 1227 quid·

109 1241 183 1321 piam
195 1256 235 1300 est
248 1242 371 1307 ambitio,
384 1262 477 1321 grave,
489 1254 516 1299 et
528 1239 604 1318 quod
613 1239 730 1298 animam
742 1239 856 1321 perdere

109 1333 201 1413 possit.
213 1333 277 1394 Ideo
286 1355 433 1412 numquam
446 1332 526 1392 illum
537 1333 690 1392 audierunt.
701 1335 737 1391 At
752 1331 856 1392 Pilatus

73 1430 91 1478 c
109 1424 200 1484 verbis
213 1438 319 1483 tanturn
330 1424 389 1485 vult
400 1424 479 1483 illum
492 1422 594 1483 dimitti
608 1447 615 1479 ε
627 1423 670 1482 illi
681 1443 746 1482 vcro
756 1422 857 1482 instant

109 1516 238 1594 dicentes,
251 1518 406 1599 Crucijige.
421 1515 457 1574 Et
473 1537 521 1575 cur
535 1527 672 1596 tantopere
686 1515 764 1574 illum
773 1515 856 1574 inter-

110 1608 190 1668 licere
198 1610 372 1689 satagebant?
387 1608 567 1688 Ignominiosa
583 1629 656 1666 mors
667 1607 713 1666 illa
724 1620 790 1666 crat.
806 1606 856 1665 Ti·

111 1715 212 1760 mentes
224 1722 287 1781 crgo
297 1724 330 1761 ne
339 1724 392 1780 qua
403 1702 431 1761 in
444 1715 581 1782 posterum
592 1701 650 1780 ejus
658 1698 788 1759 memoria
803 1718 857 1763 ser·

110 1808 228 1870 caretur,
243 1792 293 1852 boe
315 1794 477 1875 probrosum
498 1792 664 1873 supplicium
686 1792 740 1874 ipsi
759 1790 857 1851 inferre

111 1883 232 1961 student,
253 1886 336 1946 nescii
360 1884 558 1966 impedimentis
580 1884 720 1945 veritatem
749 1883 853 1942 extolli.

110 1977 181 2034 Nam
199 1975 273 2055 quod
292 1977 345 2036 boc
358 1977 568 2057 suspicarentur,
579 1975 643 2034 audi
663 1975 731 2054 quid
748 1975 854 2034 dicant:

112 2071 173 2127 Nos
187 2071 364 2143 aredirimus,
380 2073 451 2150 quic
465 2069 601 2128 seductor
615 2069 668 2128 ille
686 2070 773 2140 dixit,
783 2071 857 2128 Post
868 2085 954 2132 araret.
968 2099 1007 2144 ²7·

112 2174 169 2221 tres
190 2164 251 2222 dies
273 2183 431 2243 resurgam.
443 2161 508 2221 Ideo
530 2161 620 2221 omnia
637 2182 683 2221 sus
697 2161 784 2242 deque
796 2145 906 2223 ver-⁶³⁴

113 2267 195 2313 tentes
211 2255 368 2326 miscebant,
382 2269 412 2313 ut
427 2255 497 2313 banc
513 2254 695 2335 inposterum
712 2266 859 2314 statuerent

112 2346 287 2426 perniciosam
306 2346 472 2428 opinionem3
486 2360 513 2405 et
530 2345 680 2425 frequenter
696 2345 859 2422 clamabant,

76 2450 95 2496 Ι)
113 2439 269 2520 Crucifige,
283 2438 421 2500 incondita
438 2459 533 2518 nempe
551 2437 631 2498 turba
647 2460 663 2498 a
688 2437 860 2520 principibus

114 2546 250 2613 corrupta.

153 2629 181 2684 ὅ.
199 2629 254 2685 Nos
264 2640 353 2687 autem
368 2625 427 2685 baec
441 2646 492 2684 non
506 2625 595 2685 solum
612 2625 745 2705 legamus,
757 2623 804 2685 sed
829 2625 1013 2691 inmunis.

115 2733 202 2778 mcnte
214 2719 349 2794 seramus,
366 2740 490 2779 coronam
512 2718 642 2799 spineam,
657 2718 857 2796 vestimentum,
868 2713 896 2785 3¹¹
923 2724 1011 2770 ΜΨ*

115 2812 258 2887 calamum,
280 2812 381 2892 alapas,
399 2812 491 2893 plagas
509 2810 595 2870 oculis
617 2810 751 2888 inflictas,
767 2825 858 2893 sputa,
869 2782 1012 2880 ilnndiim

114 2903 257 2962 irrisiones.
269 2903 440 2983 Haecqnippe
449 2904 477 2961 in
488 2916 576 2961 mente
582 2901 734 2980 frequenter
755 2916 862 2964 versata

115 3016 221 3054 omnem
236 2995 304 3054 iram
315 2994 408 3054 sedare
421 3008 541 3075 possunt.
559 2993 674 3054 Etiamsi
689 2992 861 3069 irrideamur,

61 3131 64 3152 ‚
114 3087 220 3145 etiamsi
241 3086 308 3165 quid
335 3088 433 3167 injuste
455 3087 600 3167 patiamur,
615 3087 766 3165 frequenter
779 3086 860 3147 dica-

61 3213 62 3223 .
116 3200 175 3237 mus
192 3204 198 3235 :
216 3182 284 3238 Non
305 3193 347 3238 est
372 3200 470 3239 servus
487 3182 584 3259 major
595 3180 715 3238 domino
739 3199 811 3239 suo.-
835 3193 940 3240 etlm.
960 3197 995 3243 13.
1022 3253 1025 3258 ,

115 3293 174 3350 quae
196 3294 211 3330 a
232 3271 336 3333 ludaeis
351 3271 488 3346 dicuntur,
500 3270 668 3330 adducamus
685 3270 714 3330 in
728 3269 860 3349 medium
875 3257 910 3304 ¹⁶·

116 3387 178 3424 cum
194 3364 283 3424 rabidi
293 3365 410 3425 dicerent
420 3389 426 3422 :
438 3367 626 3426 Doerrronium
641 3367 748 3435 labem
765 3378 801 3440 et,
810 3365 863 3426 Sa·
874 3381 962 3443 tutaq.
974 3397 1012 3427 20.

61 3500 62 3508 κ
80 3473 97 3520 Ε
117 3463 280 3518 maritanas
296 3480 326 3519 es
352 3472 400 3529 tu;
415 3471 452 3534 et,
480 3460 518 3516 In
532 3458 694 3516 Beelzebub
708 3460 787 3539 ejicit
800 3455 895 3552 dee-2¹
924 3442 948 3490 ⁸·
971 3445 1014 3549 l}

61 3579 63 3599 ·
117 3549 383 3610 monia.ldeoenim
398 3550 558 3609 haecomnia
579 3569 673 3630 passus
695 3563 745 3624 est,
761 3563 792 3608 ut
806 3551 865 3632 ejus
893 3520 984 3555 Μ’,
1007 3539 1013 3550 ’

61 3673 63 3682 s
117 3643 229 3722 vestigia
242 3664 396 3722 sequamur,
409 3655 435 3700 et
449 3640 559 3701 dicteria
580 3642 707 3716 seramus,
727 3662 786 3721 quae
808 3662 865 3700 ma-

61 3757 62 3771 *
116 3738 190 3797 xime
204 3737 336 3795 concitare
350 3736 445 3794 solent.
471 3739 596 3794 Attamen
619 3734 666 3794 ille
697 3755 750 3794 non
777 3733 865 3797 solum

61 3849 64 3879 2
117 3832 174 3891 hac
187 3831 317 3912 pertulit;
338 3828 477 3888 sedetiam
502 3829 591 3888 omnia
615 3828 686 3904 feeit,
701 3842 732 3887 ut
755 3828 863 3907 eosqui

61 3943 64 3974 ι
118 3924 175 3983 brec
189 3923 276 3982 moliti
289 3923 421 3981 fueranta
436 3920 568 3980 destinato
582 3919 714 4000 supplicio
727 3919 863 3978 liberaret.

61 4041 65 4051 ¹
119 4015 337 4098 Namssapostolos
356 4012 390 4071 ad
412 4012 520 4071 illomm
547 4013 660 4071 salutem
682 4010 764 4070 misit.
778 4011 865 4070 Audis

61 4124 64 4147 '
120 4113 190 4168 enirn
203 4108 321 4167 dicentes
334 4107 406 4177 illos,
419 4107 532 4165 Scimus
547 4108 619 4185 quia
634 4105 864 4186 ignoranterfe·
873 4131 928 4178 Aa,
941 4133 964 4180 3,
979 4145 1014 4196 ¹7·

61 4175 108 4276 Ὗ
120 4208 213 4273 cistis;
225 4216 250 4260 et
263 4202 301 4260 sic
312 4199 373 4258 illos
387 4197 421 4256 ad
435 4197 618 4278 poenitentiarn
634 4195 782 4255 attrabunt.
801 4196 865 4257 Haec

61 4311 66 4353 :
120 4311 145 4356 ct
160 4318 207 4356 nos
222 4295 368 4353 imitemur.
384 4289 461 4351 Nihil
475 4290 547 4349 enim
561 4289 598 4348 ita
619 4292 708 4348 Deum
719 4287 819 4370 placat,
835 4303 867 4349 ut

61 4412 67 4422 ·
120 4390 243 4450 inimicos
259 4385 381 4465 diligere,
395 4397 421 4442 et
432 4382 587 4442 benefacere
610 4379 780 4441 laedentibus.
796 4382 867 4441 Cum

61 4505 65 4513 ·
120 4483 180 4561 quis
198 4481 248 4539 tibi
264 4478 414 4539 molestiam
431 4475 570 4550 creaverit,
583 4493 616 4532 ne
634 4473 714 4534 illum
727 4473 870 4556 respicias,

61 4611 65 4621 ·
121 4574 168 4634 sed
183 4574 331 4633 damonem
345 4570 392 4649 qui
405 4581 494 4627 movet
510 4566 599 4643 illum,
613 4579 639 4625 et
655 4579 748 4626 contra
767 4565 868 4626 ἀκωο·

122 4690 181 4728 nem
197 4679 280 4726 totam
301 4665 369 4723 iram
386 4659 514 4721 effunde:
531 4659 611 4719 illum
635 4679 700 4719 vero
720 4679 737 4719 a
758 4658 870 4719 diabolo

123 4776 228 4821 motum
247 4758 382 4818 miserare.
397 4757 467 4815 Nam
484 4753 506 4813 si
523 4752 695 4813 mendacium
717 4774 733 4812 a
756 4751 870 4813 diabolo

61 4875 69 4884 ·
124 4868 175 4927 est,
188 4853 246 4912 sine
259 4871 338 4909 causa
352 4846 431 4906 irasci
440 4845 527 4904 multo
537 4845 625 4924 magis
637 4845 673 4905 ab
681 4846 730 4904 illo
738 4848 870 4928 prooedit.

64 4996 72 5003 .
126 4948 196 5007 Cum
206 4960 232 5004 te
245 4942 400 5002 irridentem
408 4937 526 5012 videbis,
537 4938 624 5018 cogita
636 4939 715 4999 illum
729 4961 745 4998 a
760 4939 871 4999 diabolo

62 5079 72 5087 -
127 5035 271 5112 concitari,
285 5053 337 5093 non
359 5031 432 5091 enirn
445 5029 662 5090 Christianomm
680 5029 792 5089 dicteria
818 5029 873 5089 bu-

145 5244 153 5262 ““
168 5229 213 5280 atii
226 5232 349 5290 κολάσεως,
363 5231 399 5276 erl
411 5229 460 5282 roris
472 5231 514 5276 cir.

685 5295 730 5344 38
