3750 5940
515 421 544 470 S·
572 423 714 473 rotulus
739 422 924 474 CHRYSOST.
952 422 1108 473 lucatur.
1135 420 1412 474 consummor.

167 644 1612 677 Q

371 798 529 902 ιιοιιιιιι
550 831 673 896 xxxv.
1234 837 1373 895 οιιιιιιιι
1391 833 1440 896 ιε’.

152 1020 202 1081 40.
221 1023 295 1082 Cum
309 1024 458 1081 venisseut
472 1039 539 1099 ergo
554 1020 597 1078 ad
607 1017 894 1090 iltumSamaritoni,
915 1024 933 1073 B
950 1015 998 1086 Ὡς
1009 1007 1054 1077 obv
1078 1008 1157 1089 ἦλθον
1176 1019 1241 1100 πρδς
1264 1021 1341 1081 αιἰτδν
1355 1025 1380 1081 ol
1404 1023 1591 1105 Σαμαρεῖται,

193 1125 369 1193 rogaverunt
386 1131 452 1169 eum
470 1123 503 1169 ut
517 1113 559 1167 ibi
574 1122 714 1168 monerer.
732 1110 774 1168 Et
787 1111 898 1167 mansit
991 1112 1067 1172 αθτδν
1084 1120 1172 1191 μεῖναι
1195 1117 1259 1194 παρ’
1283 1117 1378 1182 αὐτοῖς.
1403 1115 1457 1174 Καὶ
1482 1115 1585 1194 ἔμεινεν
1606 1119 1612 1174 ι’

193 1207 234 1263 ibi
248 1205 320 1263 duos
336 1205 408 1262 dies.
422 1204 472 1260 ll.
490 1203 531 1260 Et
546 1202 637 1260 multo
653 1202 752 1282 plures
768 1201 898 1259 credide-
989 1203 1100 1286 ἡμέρας.
1116 1206 1170 1265 Καὶ
1190 1209 1280 1286 πολλῶ
1292 1207 1396 1274 πλείους
1413 1206 1573 1277 ἐπίστευσαν
1594 1211 1612 1268 τί

192 1307 262 1354 runt
274 1299 307 1353 in
321 1315 388 1353 eum
398 1304 516 1374 propter
535 1314 696 1352 sermonem
716 1295 791 1372 ejus·
803 1291 853 1350 49.
870 1305 899 1351 et
990 1294 1034 1354 διά
1046 1296 1091 1356 τδν
1104 1296 1180 1376 λόγον
1192 1299 1271 1356 αὐτοῦ
1282 1320 1289 1334 ·
1300 1322 1333 1378 τη
1347 1321 1377 1357 τε
1386 1297 1490 1376 γυναικί
1510 1298 1611 1378 ἔλεγον,

194 1389 309 1446 mulieri
331 1388 467 1445 dicebant
483 1408 491 1440 τ
511 1387 587 1464 Quia
606 1388 673 1465 jam
700 1404 760 1443 nou
782 1396 900 1464 propter
991 1385 1030 1446 ἔτι
1042 1386 1086 1447 διδ
1095 1387 1143 1460 τὴν
1158 1389 1206 1462 σὴν
1216 1388 1310 1448 λαλιάν
1322 1389 1495 1467 πιστεύομεν·
1507 1389 1612 1471 αὖτολγ

193 1492 274 1539 tuam
289 1480 437 1558 loquelam
456 1479 599 1546 eredimus
618 1499 626 1531 :
645 1480 700 1556 ipsi
717 1481 803 1536 enim·
813 1477 899 1534 oudi-
990 1478 1099 1558 κόαμεν,
1113 1479 1158 1540 καὶ
1168 1480 1286 1560 οίδαμεν,
1300 1481 1340 1540 άτι
1350 1472 1425 1549 οὗτός
1435 1485 1507 1542 ἐστιν
1519 1484 1612 1555 ἀληθῶ

192 1575 285 1645 γιυίιιιιε
296 1582 324 1628 et
337 1573 454 1641 scimus,
471 1571 541 1649 quia
557 1570 604 1629 lu'o
623 1581 666 1627 est
679 1587 750 1626 vere
761 1567 899 1628 Salvator
988 1571 1040 1653 τὴρ
1050 1579 1096 1632 τοῦ
1108 1572 1209 1651 κόσμου
1224 1578 1239 1632 δ
1253 1573 1374 1653 Χριστός·
1392 1573 1469 1634 *ltu
1484 1573 1554 1654 μετά
1565 1573 1611 1636 δύο

192 1662 295 1720 mundi
311 1662 453 1720 Christus.
470 1660 520 1718 ίό,
539 1660 581 1717 Et
592 1672 659 1739 post
677 1660 738 1718 dies
756 1659 830 1718 duos
847 1679 897 1717 ex·
990 1663 1094 1737 ἐξῆλθεν
1107 1667 1213 1739 ἐκεῖθεν,
1227 1664 1273 1724 καί
1284 1667 1400 1738 ἀπῆλθεν
1411 1669 1448 1733 είς
1461 1664 1510 1738 τὴν
1525 1667 1612 1727 reto

192 1749 276 1814 cessit
286 1754 365 1825 inde,
380 1765 408 1811 et
421 1755 538 1811 obiitin
551 1752 720 1811 Goliloeam.

193 1949 220 2003 t.
241 1945 318 2006 Nihil
327 1944 430 2006 invidia
443 1959 469 2016 et
477 1945 564 2007 livore
574 1946 662 2027 pejus,
675 1943 742 2005 nihil
753 1944 827 2005 inani
837 1945 895 2027 glo·
912 1961 931 2009 c
988 1939 1072 2002 Οὐδὲν
1087 1942 1180 2024 φθόνου
1199 1943 1245 2002 καί
1257 1941 1403 2022 βασκανίας
1420 1950 1519 2024 χεῖρον,
1531 1940 1608 2002 οθδίν

152 2037 192 2096 ria
202 2037 320 2098 deterius
331 2036 403 2108 :haec
414 2037 552 2096 innumera
563 2058 733 2119 eorrumpere
743 2036 810 2097 solet
816 2037 895 2097 bona.
949 2035 1005 2105 ξίας
1017 2035 1215 2153 χαλεπώτερον·
1231 2035 1298 2109 αύτη
1313 2035 1364 2096 ’τά
1379 2034 1462 2115 μυρία
1473 2035 1551 2095 είουθε
1567 2037 1613 2096 δια

137 2127 240 2191 'Judaei
256 2149 319 2208 ergo
341 2150 404 2189 oum
425 2130 554 2210 majorem
574 2150 656 2209 quam
676 2129 838 2191 samaritani
853 2151 898 2189 ου-
950 2128 1044 2208 άγαθά.
1077 2132 1114 2188 Οἱ
1135 2152 1179 2188 ουν
1202 2128 1326 2189 Ἰουδαῖοι
1361 2128 1469 2188 πλείονα
1498 2133 1552 2187 τῶν
1585 2129 1612 2189 Σ

153 2220 301 2299 guitionem
314 2220 453 2296 haberent,
468 2235 494 2281 et
507 2243 569 2281 cum
578 2221 717 2303 prophetis
731 2220 837 2281 edueati
852 2244 897 2282 es-
949 2225 1001 2280 τῶν
1016 2220 1300 2301 γιῶσινέγσντεςμαλ
1329 2228 1383 2288 τοῖς
1401 2220 1551 2303 προφήταις
1568 2245 1612 2281 συν

152 2324 219 2388 sent,
234 2311 289 2371 illis
307 2326 395 2372 tamen
413 2312 477 2371 hine
493 2313 629 2373 inferiores
647 2313 763 2372 fuerum.
780 2312 897 2373 Samari-
949 2337 1005 2389 τες,
1026 2310 1131 2392 ὕστεροι
1154 2311 1253 2372 τούτων
1276 2311 1413 2393 ἐφάνησαν
1437 2302 1612 2373 ἐντεῦθεν.οί

152 2405 208 2464 tani
222 2405 373 2466 testimonio
388 2405 511 2481 mulieris
526 2405 610 2465 fidem
629 2405 756 2484 habuere,
770 2407 898 2487 nulloque
949 2405 1001 2486 γάρ
1015 2404 1060 2464 καλ
1077 2404 1130 2464 άπδ
1141 2408 1189 2476 τῆς
1201 2404 1346 2486 μαρτυρίας
1361 2402 1516 2464 ἐπίστευσαν
1529 2409 1612 2484 τῆςγτ

152 2497 211 2556 viso
230 2496 431 2577 signo³exeunt
452 2497 571 2577 rogaturi
594 2497 733 2556 Christum
759 2512 789 2557 ut
808 2519 898 2558 secum
950 2496 995 2555 καλ
1017 2505 1127 2574 σημεῖον
1148 2495 1246 2563 ίδόντες
1270 2494 1360 2568 οὐδὲν,
1384 2494 1489 2567 ἐξῆλθον
1512 2519 1612 2576 mpero

153 2602 283 2666 maneret3
298 2585 387 2649 Judaei
410 2608 485 2661 vero,
495 2588 577 2647 etiam
591 2588 659 2648 visis
678 2588 827 2667 miraculis,
845 2611 898 2649 uon
951 2586 1015 2647 ”riv
1026 2589 1143 2668 Χριστὸν
1164 2597 1252 2667 μεῖναι
1265 2591 1329 2669 παρ’
1343 2590 1442 2656 αὐτοῖς·
1455 2592 1479 2648 οἱ
1494 2587 1522 2648 δὲ
1537 2587 1612 2648 ’two

152 2680 233 2741 modo
250 2699 303 2738 non
318 2678 402 2737 'illum
421 2678 495 2760 apud
515 2701 543 2738 se
560 2677 737 2754 retinuerunt,
750 2679 798 2740 sed
817 2680 898 2742 etiam
950 2679 1074 2758 θαύματα
1085 2679 1256 2758 θεασάμενοι,
1269 2682 1298 2739 ού
1308 2679 1386 2755 μόνον
1397 2682 1427 2738 οὔ
1436 2688 1561 2760 κατεῖχον
1573 2682 1612 2741 τά

153 2773 241 2854 ἰρειιιιι
255 2769 427 2851 expulerunt,
441 2769 565 2849 nihilque
578 2791 631 2830 non
645 2784 756 2852 egerunt
765 2785 795 2831 ut
808 2773 898 2855 ipsum
950 2775 1065 2846 ἑαυτοῖς,
1080 2771 1149 2831 ἀλλά
1172 2773 1218 2831 καὶ
1234 2773 1396 2849 ἀπήλαυνον,
1412 2773 1458 2832 καί
1478 2774 1570 2833 πάντα
1587 2773 1612 2834 ἱσ

152 2865 287 2945 eregione
300 2883 348 2921 sua
367 2858 544 2922 bliminmnt.
561 2862 676 2923 Etiamsi
690 2862 800 2924 illorum
812 2867 899 2946 gratia
951 2862 1076 2924 ὥστεκαὶ
1091 2868 1139 2935 τῆς
1150 2862 1239 2946 χώρας
1252 2864 1329 2924 αὐτὸν
1349 2864 1481 2939 ἐκάαλεῑν,
1492 2864 1582 2926 καίτοι
1604 2891 1612 2946 η

152 2956 277 3034 venisset,
289 2954 553 3016 illumnihilominus
563 2955 711 3036 ejecerunt3
723 2955 753 3015 hi
767 2971 858 3018 eontra
868 2972 900 3018 ut
918 2963 968 3030 ῡὴ
992 2956 1123 3040 παρουσία
1137 2957 1170 3016 δι’
1191 2955 1303 3025 ἐκείνους
1319 2957 1442 3038 ἐγεγόνει.
1465 2958 1536 3018 Ἀλλ’
1560 2962 1612 3019 ἐκεῖ

152 3049 226 3130 apud
239 3071 267 3109 se
282 3063 401 3109 maneret
417 3061 554 3128 rogarunt.
569 3049 643 3107 Num
660 3069 724 3129 ergo
743 3048 778 3109 ad
793 3049 843 3110 h'os
857 3074 900 3112 ro-
953 3050 1112 3122 άιτόλαυνον,
1123 3040 1194 3108 οὗτοι
1213 3047 1240 3109 δὲ
1264 3048 1307 3108 καί
1321 3057 1409 3127 μεῖναι
1429 3048 1518 3120 ἠξίουν
1537 3054 1603 3133 παρ’

153 3155 246 3220 gentes
259 3163 312 3201 non
322 3141 503 3202 accedendum
514 3140 575 3216 fuit,
589 3139 901 3221 sediliis,quisibibene
952 3142 1068 3208 Τούτους
1082 3131 1126 3200 olo
1149 3143 1196 3199 οὐκ
1212 3143 1292 3221 ἐχρῆν
1311 3139 1467 3223 προσίεσθαι
1489 3145 1612 3224 παρακαλ

152 3233 241 3292 allecti
257 3248 340 3309 orant,
356 3233 466 3309 relictis,
484 3231 557 3312 apud
580 3231 746 3291 insidiatores
763 3247 789 3292 et
805 3235 900 3295 adver-
953 3233 1010 3293 είπέ
1021 3257 1082 3311 μοι,
1094 3232 1139 3291 καὶ
1156 3230 1304 3310 δεομένους,
1316 3232 1385 3293 ἀλλὰ
1395 3242 1449 3300 τοῖς
1466 3232 1513 3311 μὲν
1533 3234 1612 3296 ἐπιθυ

119 3401 120 3405 ¹
153 3324 237 3384 sarios
254 3347 361 3383 munero
379 3323 517 3405 oportuit?
534 3326 566 3380 At
581 3344 633 3382 nou
649 3323 742 3382 luisset
760 3324 829 3384 illud
843 3328 901 3407 ejus
953 3326 999 3385 καλ
1014 3325 1224 3406 διακρουομένοις
1235 3324 1426 3408 προσεδρεύειν,
1438 3335 1493 3394 τοῖς
1510 3326 1539 3387 δὲ
1550 3331 1612 3408 άγαι

153 3415 323 3495 providentio
337 3415 460 3494 dignum.
476 3412 540 3472 Ideo
553 3434 655 3473 morem
669 3414 749 3492 gessit
764 3428 789 3474 et
803 3418 902 3477 mansit
956 3417 1121 3496 βουλομένοις
1138 3417 1214 3476 αὐτὸν
1225 3416 1357 3496 κατέχειν,
1373 3416 1410 3495 μὴ
1423 3417 1523 3479 διδόναι
1536 3423 1612 3480 ίαντί

155 3499 229 3587 apud
243 3528 287 3566 eos
307 3506 415 3566 duobus
428 3504 533 3564 diebus.
546 3505 601 3585 Ipsi
622 3504 731 3584 quidem
751 3506 902 3569 voluissent
954 3511 1002 3568 οὐκ
1014 3501 1047 3582 ἦν
1060 3517 1136 3568 τοῦτο
1157 3507 1226 3576 άξιον
1242 3513 1288 3579 τῆς
1303 3514 1381 3568 αὐτοῦ
1402 3511 1569 3589 κηδεμονίας.
1584 3515 1612 3570 Δι

154 3601 232 3660 illum
248 3614 377 3682 perpetuo
395 3598 509 3658 retinere
514 3621 522 3674 ς
534 3597 607 3656 illud
618 3597 690 3657 enim
703 3588 803 3658 indicat
816 3622 899 3661 evan-
954 3600 1000 3660 καὶ
1010 3599 1149 3674 θέδέξατο,
1159 3600 1204 3658 καλ
1220 3599 1306 3676 ἔμεινε
1316 3602 1380 3682 παρ’
1393 3604 1480 3668 αὐτοῖς
1493 3603 1598 3683 ἡμέρας

155 3693 249 3774 gelista
266 3694 310 3751 his
327 3691 417 3752 verbis
428 3715 435 3747 :
448 3693 634 3771 Rogaverunt
647 3711 714 3749 eum
737 3706 769 3752 ut
782 3697 824 3751 ibi
838 3716 900 3753 ma·
953 3694 993 3752 τολ
1005 3692 1053 3771 μὲν
1064 3692 1116 3773 γάρ
1128 3691 1263 3752 ἐθούλοντο
1274 3693 1399 3763 διηνεκῶς
1411 3694 1489 3753 αὐτὸν
1500 3695 1612 3776 κατέχει

156 3800 236 3846 neret
241 3798 253 3858 ς
274 3787 330 3868 ipse
356 3806 420 3846 vero
438 3784 533 3858 noluit,
548 3782 594 3842 sed
618 3783 688 3842 duos
713 3798 819 3845 tantum
842 3787 900 3848 dios
953 3783 1369 3866 γὰρέδήλωσενύεύαγγελιστλς
1382 3784 1612 3870 ελπὼν,ύτιἪράι

154 3899 217 3939 cum
238 3879 293 3938 illis
311 3876 419 3951 mansit,
438 3890 464 3936 et
488 3876 536 3935 illo
563 3878 691 3957 temporis
710 3879 797 3958 spatio
821 3880 900 3960 longe
952 3876 996 3936 τδν
1013 3886 1101 3955 μεῖναι
1114 3879 1178 3958 παρ’
1197 3879 1315 3950 αὐτοῖς)·
1329 3877 1405 3944 αὐτδς
1420 3875 1447 3937 δὲ
1459 3881 1505 3936 οὐκ
1517 3879 1612 3960 ἠνείχε

153 3974 245 4055 plures
263 3970 434 4030 crediderunt
447 3968 475 4027 in
493 3989 564 4026 eum.
580 3968 661 4046 Atqui
680 3990 733 4028 non
753 3970 900 4031 verisimile
952 3969 1053 4048 ἡμέρας
1079 3969 1125 4030 δύο
1150 3968 1227 4046 μόνον
1252 3967 1363 4045 ἔμεινεν,
1386 3969 1432 4027 καί
1455 3975 1481 4030 ἐν
1503 3970 1612 4040 ταύταις

153 4079 220 4143 erat,
240 4064 302 4123 illos
322 4084 378 4123 esse
392 4061 548 4134 credituros,
565 4073 623 4119 tum
644 4061 717 4138 quod
739 4062 846 4121 nullum
864 4065 899 4122 si·
951 4061 1055 4128 πλείους
1072 4062 1226 4122 ἐπίστευσαν
1246 4065 1282 4128 εἷς
1303 4061 1389 4122 αὐτόν.
1405 4063 1500 4123 Καίτοι
1520 4090 1551 4145 γε
1567 4066 1612 4127 eol

153 4180 236 4237 guum
247 4155 387 4229 vidissent,
401 4168 460 4212 turn
471 4153 545 4233 quod
559 4152 666 4213 Judaeos
682 4153 744 4212 odio
757 4154 894 4215 haberent.
916 4171 935 4216 E
952 4157 1019 4224 εἰκὸς
1033 4148 1065 4228 ἦν
1080 4161 1238 4227 πιστεῦσαι,
1253 4158 1291 4235 τῷ
1305 4179 1333 4214 τε
1349 4145 1457 4234 σημεῖον
1469 4158 1552 4236 μηδὲν
1566 4162 1612 4241 lor}

154 4255 275 4308 Attamen
289 4249 353 4326 quio
366 4246 501 4305 dictorum
511 4245 587 4305 illius
596 4246 736 4305 veritatem
747 4247 819 4327 juste
827 4249 897 4307 aesti·
953 4249 1052 4330 καὶτῷ
1074 4251 1197 4329 ἀπεχθῶς
1211 4249 1275 4329 πρὸς
1297 4247 1439 4315 Ἰουδαίους
1463 4250 1550 4329 ἔχειν·
1571 4254 1612 4312 tto·

153 4355 271 4416 morunt,
283 4340 326 4397 his
337 4338 407 4397 nihil
417 4338 607 4410 officientibus,
623 4337 780 4397 sublimiora
798 4339 832 4397 de
849 4338 897 4398 illo
952 4339 1043 4412 ἐπειδὴ
1061 4348 1115 4407 τοῖς
1135 4339 1286 4420 λεγομένοις
1310 4339 1379 4418 μετὰ
1402 4341 1527 4412 ἀληθείας
1550 4342 1612 4403 ἐδίκι

152 4432 312 4511 cogitarunt,
322 4453 402 4508 quoru
414 4453 473 4508 quae
488 4444 595 4510 possent
606 4429 763 4509 hujusmodi
773 4431 895 4492 obicibus
951 4432 1082 4514 προσέστη
1101 4438 1177 4491 τοῦτο
1191 4435 1278 4498 αὐτοῖς
1286 4479 1294 4507 ,
1310 4434 1368 4492 ἀλλ’
1380 4432 1544 4512 ὑψηλοτέραν
1564 4437 1612 4495 τῶι

152 4523 290 4603 impediri,
306 4545 337 4581 oc
351 4523 472 4581 certatim
487 4523 565 4580 illum
575 4522 661 4601 magis
672 4544 703 4581 ac
714 4523 801 4603 magis
809 4524 895 4584 admi·
904 4549 940 4588 τοι
953 4525 1044 4601 μάτων
1055 4524 1149 4583 ἔλαθον
1169 4525 1279 4599 ἔννοιαν,
1290 4526 1335 4584 καλ
1356 4528 1554 4606 ἐφιλοτιμοῦντο
1564 4529 1609 4589 ἐπὶ

152 4615 289 4673 rebantur.
301 4616 373 4673 Nam
387 4614 508 4672 Mulieri
520 4616 673 4672 dicebant:
683 4617 820 4696 Noujam
830 4638 897 4696 pro·
917 4606 933 4651 l
952 4615 1030 4686 ζόνως
1050 4616 1192 4694 θαυμάζειν
1214 4616 1300 4676 αὐτόν.
1312 4619 1355 4697 Τῇ
1370 4616 1422 4697 γάρ
1436 4619 1555 4697 γυναικὶ,
1566 4645 1612 4702 φηι

150 4720 215 4786 pter
239 4720 319 4764 tuam
343 4705 490 4785 loquelam
511 4708 538 4762 ei
559 4707 702 4765 credimus
718 4729 725 4762 :
743 4710 798 4787 ipsi
819 4713 896 4767 euim
952 4731 1011 4788 γον·
1030 4707 1118 4767 οὐκέτι
1132 4708 1175 4767 διδ
1195 4707 1243 4780 τὴν
1268 4708 1315 4781 τὴν
1338 4708 1432 4768 λαλιάν
1457 4712 1612 4790 πιστεύομεν

152 4799 318 4857 audivimus
333 4809 361 4854 et
375 4799 492 4866 seimus,
510 4800 580 4876 quio
592 4798 639 4855 lu‘c
656 4811 698 4856 est
712 4821 783 4858 vere
791 4800 896 4860 Salva·
954 4800 1026 4860 αὐτοὶ
1040 4800 1092 4881 γάρ
1112 4805 1189 4879 ἡμεῖς
1214 4800 1364 4879 ἠκούσαμεν
1386 4803 1432 4860 καλ
1457 4801 1577 4882 οἴδαμεν,
1595 4805 1612 4866 δ

49 4891 311 4949 ‘biset-tormundi
325 4889 468 4948 Christus.
486 4883 897 4969 *Discipuli'magistramillam
954 4895 1024 4953 ἐστιν
1046 4896 1151 4965 ἀληθῶς
1172 4898 1185 4951 θ
1209 4892 1306 4974 Σωτὴρ
1326 4897 1371 4952 τοῦ
1393 4893 1492 4972 κόσμου
1515 4901 1530 4955 ὁ
1550 4898 1612 4980 Χριι

1 4963 143 5071 emm»
152 4993 320 5064 sumunt,
334 4979 369 5037 Hi
379 4998 493 5056 namque
504 4976 612 5039 Judaeos
624 4979 685 5060 jure
698 5002 821 5042 accusare
835 5004 897 5064 pos·
955 4985 1072 5064 μαθηταί
1094 4985 1138 5044 τὸν
1159 4985 1316 5045 διδάσκαλον
1341 4987 1559 5067 ὑπερηκόντισαν.
1573 4982 1612 5052 Ol

185 5167 201 5199 *
212 5165 288 5227 [μετὰ
299 5166 322 5214 ii
334 5170 375 5220 τὰς
384 5164 421 5214 δύο
432 5157 509 5211 Sar-il.
524 5169 549 5208 et
559 5157 643 5211 Codd.
656 5165 758 5230 nostri]
998 5167 1010 5205 b
1025 5164 1111 5215 Moret.
1125 5175 1163 5218 τδν
1175 5175 1271 5232 Χριστὸν
1281 5172 1334 5220 εἶναι
1347 5171 1384 5220 σὺν
1393 5172 1474 5226 αὐτοῖς.

184 5257 195 5281 ⁵
207 5239 294 5294 Morel.
308 5249 339 5294 τὰ
349 5245 421 5311 μύριοι
434 5243 565 5309 διάρθιιριν.
996 5257 1007 5283 0
1019 5242 1105 5296 Metel.
1121 5250 1245 5307 ἐξελέξατο-
