3750 5940
150 422 223 515 434
516 440 547 489 s.
574 439 714 490 rotnnrs
738 439 923 492 cnrrsosr.

146 587 196 648 ret,
209 573 279 634 nihil
287 573 439 637 timendum
448 591 505 635 esse
514 572 616 634 nullius
629 574 682 636 sibi
692 574 757 635 meli
771 574 891 651 ouuscioc

145 667 194 728 sed
209 688 273 728 eum
285 667 333 746 qui
352 667 529 727 malefecerit
547 667 716 750 puniendum
729 672 832 746 (qnare
842 688 891 726 no-

145 760 189 820 bis
208 759 278 820 nibil
295 758 457 834 timendum,
470 780 533 820 cnm
544 759 615 820 nibil
627 774 714 820 morte
724 758 839 840 dignum
852 761 891 819 se-

144 853 281 931 cerimus)
294 877 302 912 :
314 855 358 917 vel
385 855 425 915 sic
448 855 600 936 intelligas,
619 855 676 930 Qui
701 854 791 915 lucem
809 855 892 935 bujns

140 945 242 1005 mundi
251 945 337 1024 ridet,
354 944 453 1006 intuto
466 959 521 1026 est,
534 946 557 1006 si
571 960 661 1007 antem
671 946 718 1006 ille
731 946 829 1006 intuto
841 958 891 1020 est,

144 1037 233 1097 nrttlto
245 1036 333 1118 magis
344 1037 369 1096 is
381 1036 429 1116 qui
440 1058 546 1097 mecum
559 1051 608 1115 est,
621 1038 673 1098 nisi
686 1059 703 1097 a
715 1036 892 1097 medisoesse-

144 1128 191 1188 rit.
203 1127 253 1188 His
273 1127 365 1202 verbis
387 1127 450 1188 illos
471 1128 654 1207 confirmavit,
666 1143 694 1189 et
715 1128 893 1188 necessarium

137 1239 254 1283 'caumm
276 1217 409 1298 snbdidit,
428 1239 478 1279 cur
497 1219 545 1279 illo
567 1219 743 1300 migrandum
764 1232 832 1278 esset
846 1244 853 1275 ι
867 1232 893 1278 et

144 1323 289 1392 postquem
309 1310 487 1387 declarasset,
505 1332 558 1372 non
575 1312 661 1372 ituros
682 1310 891 1392 lerosolymam,

140 1401 191 1464 sed
205 1403 375 1483 bethaniam,
387 1403 460 1465 dixit
470 1406 538 1463 stt.
554 1406 687 1464 Lazarus
700 1407 813 1464 audeus
823 1404 892 1461 dor-
906 1408 926 1463 t

116 1572 119 1580 μ
144 1497 461 1575 mit,etuudoutillum
470 1495 786 1571 excitem.Hocest,Non
794 1494 893 1554 iterum

143 1585 214 1648 redo
232 1607 295 1646 cum
312 1587 415 1651 Judaeis
436 1587 624 1669 disputaturus
642 1600 669 1646 et
690 1606 892 1666 congressurus,

99 1704 100 1707 ¹
143 1678 191 1740 sed
203 1679 321 1740 amioum
335 1694 458 1741 nostrum
470 1681 645 1740 excitaturus.
661 1683 709 1739 tn.
721 1681 835 1738 Dicunt
848 1679 894 1736 ἀι·-

142 1772 250 1853 scipuli
264 1794 271 1828 ε
286 1774 429 1846 Borrine,
453 1776 480 1834 si
502 1774 627 1845 dormit,
649 1770 750 1831 solvus
773 1769 894 1829 erit.1d

142 1885 208 1927 vero
226 1884 280 1925 non
302 1863 361 1925 sine
373 1885 453 1926 causa
470 1862 611 1941 dixerunt,
625 1861 672 1923 sed
688 1877 718 1923 ut
731 1863 893 1945 impedirent
898 1906 936 1945 πυ

143 1956 290 2038 quominus
316 1957 378 2016 iret.
393 1955 480 2033 Dicis,
499 1955 637 2036 inquiunt,
653 1953 733 2014 illum
750 1954 893 2015 dormire?
908 1962 928 2009 Α

144 2070 209 2129 ergo
222 2048 292 2108 nibil
303 2048 376 2129 cogit
390 2048 439 2109 illo
452 2047 536 2108 abire.
549 2047 631 2127 Atqui
642 2047 689 2107 ille
703 2046 764 2106 ideo
774 2045 892 2125 dixerat,

145 2139 271 2200 Amicus
287 2152 400 2219 noster,
420 2153 450 2199 ut
472 2138 621 2200 ostenderet
639 2137 815 2199 necessariam
837 2159 894 2199 esse

144 2230 345 2313 prosectionem.

186 2608 217 2664 ἱ.
239 2602 313 2676 Quia
321 2622 387 2664 vero
399 2602 442 2663 illi
455 2601 589 2683 segniores
599 2614 684 2678 ment,
691 2599 763 2660 dixit
771 2599 891 2678 tandem,

148 2697 195 2757 14.
205 2697 342 2756 Mortuus
354 2707 406 2755 est.
418 2695 512 2754 Primo
524 2694 615 2774 itaque
628 2707 658 2754 nt
666 2693 769 2754 festum
782 2693 893 2768 tolleret,

98 2839 101 2854 t
146 2788 187 2848 sic
202 2788 331 2867 loquutus
344 2788 448 2864 bremt3
465 2807 529 2847 erm
542 2799 633 2847 antem
648 2786 677 2846 id
690 2785 732 2845 illi
745 2805 798 2846 non
811 2784 891 2844 intel·
910 2786 929 2835 B

146 2871 270 2960 lig'ercnt,
287 2878 397 2962 adjecit,
418 2881 554 2940 Mortuus
579 2891 639 2956 est,
662 2879 711 2938 15.
734 2890 763 2938 et
781 2878 894 2959 gaudeo

145 2984 263 3053 propter
281 2993 348 3032 uos.
373 2972 439 3046 Cur,
456 2973 582 3054 Propter
598 2977 676 3031 uos?
696 2967 779 3045 Quod
800 2969 895 3028 absens

147 3063 323 3144 pmdixerim
336 3064 445 3145 :itaque
461 3086 525 3125 cum
543 3063 747 3138 resuscitarem,
762 3061 836 3121 nullu
852 3081 895 3119 re·

55 3230 57 3233 ,
147 3154 268 3215 manebit
282 3155 411 3237 suspicio.
428 3155 529 3216 Viden’
542 3154 678 3235 quomodo
693 3154 784 3214 adhuc
797 3153 896 3233 imper-

147 3247 268 3307 fectiores
281 3262 367 3307 essent
381 3247 519 3330 discipuli,
529 3268 577 3307 nec
591 3249 649 3327 ejus
659 3247 786 3309 virtutem
799 3258 829 3304 ut
847 3266 897 3325 par

148 3351 205 3397 erat
218 3340 427 3418 cognoscerent?
441 3339 522 3411 Quod
534 3360 568 3398 cx
582 3353 656 3398 metu
668 3339 779 3399 illorum
792 3337 897 3396 animos

148 3430 274 3489 turbante
287 3431 472 3512 proveniebat.
484 3431 521 3490 Et
534 3452 595 3490 cnm
610 3429 692 3506 dixit,
702 3433 833 3501 Dormit,
848 3428 897 3486 ad·

148 3520 230 3599 didit,
247 3522 329 3582 Vade
342 3534 374 3581 ut
397 3527 521 3581 excitem
542 3543 620 3591 eum;
632 3543 694 3580 cum
714 3535 804 3580 autem
814 3518 897 3595 dixit,

149 3615 285 3671 Mortmtr
299 3625 351 3684 est,
366 3632 419 3671 uon
434 3613 492 3692 jam
516 3611 632 3687 addidit,
648 3613 732 3670 Vudo
753 3625 785 3670 ut
808 3615 897 3669 susei-

150 3716 207 3762 tem
218 3723 295 3763 eum.
308 3705 367 3763 Non
381 3703 453 3763 enim
466 3702 574 3764 volebat
587 3725 622 3762 ex
636 3703 726 3764 verbis
740 3703 894 3784 predicere,

149 3816 211 3874 que
222 3815 302 3876 opere
310 3794 518 3855 confirmaturus
531 3807 597 3871 eret,
608 3816 657 3855 nos
666 3815 771 3876 semper
785 3794 894 3874 docens,

148 3907 247 3949 vanam
260 3884 375 3967 gloriam
386 3906 443 3945 esse
455 3885 621 3966 fugiendum,
635 3907 721 3967 neque
730 3900 830 3946 temere
841 3909 898 3947 esse

149 3977 372 4060 promittendum.
384 3977 500 4051 Quodsi
515 3992 625 4059 rogatus
635 3979 687 4038 boc
698 3979 849 4038 centurioni
858 3980 897 4038 se-

28 4088 140 4151 uut.8.7.
151 4069 188 4130 cit
200 4068 292 4145 (dixit
305 4068 390 4144 enim,
402 4071 467 4150 Ego
481 4075 657 4140 veniam;et
673 4075 894 4149 meroveum),

151 4161 182 4222 id
196 4161 278 4238 dixit,
288 4174 319 4220 ut
329 4161 388 4242 ejus
398 4160 482 4221 fidem
495 4161 652 4222 ostenderet.
660 4161 690 4222 Si
703 4162 766 4241 quis
777 4184 841 4223 vero
853 4162 898 4221 di-

151 4255 233 4331 xerit,
247 4256 303 4314 Cur
325 4274 451 4313 somnum
471 4254 679 4337 suspicabantur
689 4276 745 4314 esse
755 4255 896 4336 discipuli,
913 4257 933 4306 0

152 4367 236 4425 neque
245 4358 374 4407 noverunt
386 4360 524 4406 mortuum
534 4367 670 4422 esse,cum
676 4346 784 4424 diceret,
790 4347 898 4410 Vadam

152 4451 179 4498 et
199 4439 303 4498 curubov
320 4439 401 4497 eum?
416 4438 548 4513 (stultum
561 4439 633 4497 enim
656 4453 712 4497 erut
731 4438 755 4498 si
774 4452 900 4520 putarent

153 4533 248 4593 Jesum
267 4530 422 4608 quindecim
440 4529 528 4590 stedia
547 4532 729 4591 confecturum
744 4553 808 4609 esse,
823 4549 852 4593 ut
866 4534 900 4593 it-

151 4622 213 4682 lum
229 4621 461 4702 expergefaceret)
478 4643 484 4676 :
501 4621 686 4702 respondebo,
708 4637 815 4703 putasse
841 4624 901 4684 illos

155 4715 206 4775 boc
213 4714 326 4793 aenigma
337 4727 438 4788 esse,ut
447 4715 499 4773 alia
507 4714 592 4773 multu
603 4737 662 4794 quae
672 4715 787 4775 dicebat.
801 4719 901 4778 Omnes

154 4808 246 4887 itaque
258 4806 415 4870 Judaeornm
425 4807 555 4887 impetum
568 4808 750 4867 formidabant
755 4833 764 4886 3
780 4810 902 4870 omnium

155 4899 274 4959 maxime
289 4899 410 4981 Thomas
425 4923 431 4954 :
446 4899 505 4959 ideo
527 4899 609 4978 dixit,
626 4903 675 4960 16.
692 4904 815 4977 Eamus,
827 4918 858 4963 ut
873 4918 902 4962 et

188 5047 201 5088 d
219 5044 306 5099 llorel.
318 5054 356 5100 rel
367 5049 499 5117 διιλότιρος.
506 5045 601 5097 Deinde
613 5057 671 5112 post
683 5059 722 5108 τῆς
732 5056 819 5118 ἡμέρας
827 5048 915 5101 llorel.

156 5135 223 5181 τοῦτο
235 5130 259 5179 dl
270 5129 338 5186 clerte,
350 5133 450 5192 ἐμφῆναι
460 5131 596 5194 βουλόμενος
606 5133 641 5179 ὅτε
653 5132 665 5178 ὸ
675 5132 755 5193 μηδέν.

190 5215 200 5238 ·
216 5203 304 5256 llorel.
317 5212 389 5260 ἔσται.

190 5286 201 5323 s
218 5284 358 5352 [ἀναγκαίαν
374 5287 441 5340 οὖσαν
452 5282 529 5337 Sutil.
547 5292 670 5352 cleu-prelato
689 5289 744 5341 elren
763 5283 847 5338 Codd.
860 5287 917 5352 705,
