3750 5940
259 414 322 500 :qa

252 570 308 615 tres
323 561 466 615 rrrei?non
480 570 593 615 matrem
615 556 777 617 contumelia
798 555 931 633 alliciens,
945 555 993 613 ab⁴
1050 558 1103 617 Διά
1116 565 1192 620 τοῦτο
1202 560 1290 639 ἔλεγε,
1304 558 1354 628 Τίς
1366 563 1436 620 ἔστιν
1451 566 1470 634 ἡ
1487 558 1577 641 μήτηρ
1588 582 1639 639 μω
1649 558 1697 619 καὶ
1708 560 1735 619 el
1752 560 1828 621 tad:

252 648 301 721 sit;
317 647 364 707 sed
386 648 438 729 ipsi
458 649 560 729 optime
581 648 738 727 considens,
760 669 809 708 nec
829 647 918 707 sinens
935 653 1028 707 eamn
1049 650 1224 733 ροίμουςούχ
1238 651 1350 734 ύδρίζων
1365 650 1414 725 την
1426 658 1629 732 γτγιννηκνῑαν·
1647 651 1755 732 ἀπσγε·
1768 654 1827 713 ἀλλ’

588 432 618 479 S.
645 430 784 480 lOllll'NlS
809 428 994 478 cttntsosr.
1024 432 1177 481 attctttnt’.
1206 434 1477 484 conmanentes.

252 740 307 799 sile
319 740 461 822 quidpiam
474 755 500 800 et
512 742 649 823 abjectum
661 740 696 801 de
708 763 736 801 se
749 740 913 801 existimare.
924 742 995 800 Nam

251 834 273 892 si
287 833 403 893 alionum
416 854 509 893 cetram
523 834 641 913 gerebat,
652 833 776 913 nihilque
788 855 842 893 non
854 834 951 915 agebat
964 849 995 894 ut

250 938 441 1005 congruentem
466 926 501 986 dc
525 946 554 986 se
577 925 732 1007 opinionem
765 926 820 985 illis
845 925 992 1005 ingereret,

251 1017 337 1076 undto
358 1018 445 1098 magis
464 1038 528 1096 erga
544 1031 657 1076 matrem
671 1017 702 1077 id
714 1018 820 1097 agebat.
836 1018 908 1089 Quia
921 1017 992 1076 enim

250 1108 398 1168 uerisimile
410 1122 462 1186 est,
475 1130 538 1168 cum
551 1108 615 1168 talia
629 1109 747 1168 audisset
760 1130 776 1167 a
788 1108 846 1168 filio
853 1153 862 1186 ,
877 1109 994 1168 noluisse

249 1214 337 1260 tamen
358 1202 552 1283 obtemperare,
570 1200 619 1261 scd
632 1201 733 1281 primas
747 1200 800 1259 sibi
813 1222 918 1282 semper
931 1202 992 1261 riu·

248 1292 351 1354 dicasse
371 1308 473 1376 partes,
487 1308 580 1376 utpote
595 1308 721 1363 matrem,
743 1294 805 1354 idco
824 1295 863 1353 sic
883 1294 930 1353 ille
950 1318 992 1354 re-

247 1386 367 1466 spondit.
383 1388 476 1465 Neque
487 1384 560 1445 enim
573 1385 649 1445 illam
658 1388 693 1444 ab
706 1386 805 1445 humili
818 1386 943 1466 opinione
955 1388 991 1447 ad

247 1479 433 1539 sublimiorem
451 1479 609 1538 senteutiam
628 1479 768 1555 erexisset,
782 1480 805 1538 si
826 1501 931 1560 semper
943 1502 990 1539 ex·

246 1586 387 1651 spectasset
402 1571 462 1648 illa,
477 1592 504 1629 se
521 1572 628 1652 abipso
653 1584 791 1649 tamquam
804 1593 820 1629 a
835 1570 892 1630 filio
906 1572 989 1631 horm-

247 1663 370 1737 rondam,
393 1684 480 1741 neque
501 1663 591 1743 ipsum
612 1676 642 1721 ut
666 1662 813 1721 Dominum
834 1662 989 1722 habituram

245 1776 310 1813 csse.
323 1756 379 1814 llac
392 1775 456 1835 crgo
469 1753 504 1814 de
517 1774 596 1813 eausa
607 1753 646 1813 sic
655 1765 719 1813 tunc
726 1754 901 1832 loquebatur:
913 1756 990 1833 Quid

1048 744 1156 822 «ispaldis
1176 742 1210 804 τά
1235 744 1363 824 μέγιστα,
1380 742 1426 803 καί
1448 745 1496 803 οὐκ
1515 742 1601 823 ἀριείς
1623 742 1742 805 ταπεινά
1764 744 1825 829 περί

1047 836 1127 896 αὐτοῦ
1138 845 1248 917 φρονεῖν.
1260 838 1295 896 Et
1307 835 1360 917 γάρ
1371 839 1425 895 τῶν
1440 834 1529 897 ἄλλων
1540 836 1663 911 ίκήδετο,
1679 834 1727 895 καλ
1736 836 1824 899 πέντε

1048 925 1174 1007 ἔτραπεν
1189 926 1257 989 ὥστε
1278 931 1387 988 ἐνθεῖναι
1399 929 1485 995 αὐτοῖς
1495 926 1544 1002 clu
1554 928 1744 1011 προσήκωσαν
1762 930 1823 1013 περί

1048 1021 1126 1078 αὐτοῦ
1137 1019 1223 1093 δόξαν,
1238 1021 1329 1099 πολλῷ
1346 1022 1446 1097 μᾶλλον
1463 1020 1507 1081 tut
1525 1019 1634 1103 μητρός.
1643 1019 1758 1095 Ἐπειδὴ
1770 1022 1823 1105 γλρ

1047 1110 1114 1177 εἰκὸς
1127 1101 1159 1182 ἦν
1170 1111 1216 1170 καὶ
1232 1110 1381 1170 ἀκούσασαν
1394 1111 1470 1192 παρὰ
1483 1118 1529 1171 τοῦ
1545 1112 1641 1181 παιδδς
1653 1108 1717 1191 1’μὴ
1732 1111 1821 1191 βούλε-

1046 1205 1107 1259 σθαι
1124 1201 1191 1280 μηδὲ
1207 1201 1276 1261 οὕτω
1295 1205 1450 1277 πεισθῆναι,
1464 1205 1523 1263 ἀλλ’
1534 1202 1621 1272 ἀξιοῦν
1638 1202 1738 1275 leurdo
1750 1228 1821 1265 παν·

1044 1300 1127 1373 ταγόῦ
1136 1299 1188 1355 τῶν
1200 1294 1347 1377 πρωτείων,
1372 1294 1418 1355 ἅτε
1440 1294 1545 1377 μητέρα
1560 1288 1652 1371 οὖσαν,
1675 1296 1723 1357 διδ
1745 1304 1820 1361 τοῖσι

1044 1384 1125 1454 ούτοις
1140 1387 1300 1469 ἀπεκρίνατο
1314 1388 1380 1468 πρὸς
1399 1386 1458 1454 τούς
1475 1386 1606 1456 εἰπόντας.
1621 1387 1694 1448 Οάδλ
1710 1386 1763 1471 γὰρ
1786 1390 1817 1451 ἀι

1044 1477 1137 1555 ἑτέρως
1147 1478 1228 1551 αὐτὴν
1245 1478 1374 1559 ἀνήγαγεν
1389 1479 1442 1538 ἀπὸ
1458 1482 1506 1550 τῆς
1523 1477 1712 1548 ταπεινώσεως
1722 1480 1819 1555 ταύτης

1044 1568 1148 1649 πρδςτδ
1158 1570 1220 1650 ὕψος
1231 1576 1332 1644 ἐκεῖνο,
1347 1574 1369 1629 εἰ
1383 1569 1531 1652 προσεδόκα
1542 1574 1579 1639 ὣς
1589 1569 1664 1653 παρλ
1674 1572 1770 1641 παιδδς
1779 1572 1819 1635 ἀεί

1042 1662 1253 1739 τιμηθήσεσθαι,
1274 1662 1343 1723 ἀλλά
1359 1660 1396 1740 μὴ
1416 1666 1453 1730 ὡς
1475 1661 1612 1736 Δισπύτην
1634 1662 1708 1735 ἥξειν
1733 1664 1818 1727 educit.

1042 1754 1095 1813 lind
1117 1757 1227 1815 ἐνταῦθα
1243 1754 1291 1833 μὲν
1312 1744 1356 1815 σύν
1377 1753 1475 1827 ταύτης
1493 1754 1581 1814 ἕνεκεν
1600 1759 1650 1828 τῆς
1662 1757 1819 1839 προφάσεως

244 1848 318 1905 milei
329 1862 358 1907 et
370 1851 424 1907 atti
437 1859 489 1915 est,
507 1847 630 1905 turtlier?
646 1846 705 1904 ¹llia
719 1868 826 1925 quoque
838 1868 918 1906 causa
935 1866 987 1907 non
1004 1856 1022 1904 C
1041 1845 1129 1926 ἔλεγε·
1141 1845 1178 1907 Τί
1192 1846 1251 1925 ἐμοὶ
1265 1847 1311 1906 καὶ
1322 1845 1380 1919 σοὶ,
1394 1835 1418 1904 ὦ
1431 1846 1526 1927 γύναι;
1543 1846 1597 1906 Καί
1620 1848 1654 1906 δι’
1675 1847 1770 1930 ἑτέραν
1790 1848 1817 1911 dl

243 1940 333 1999 minus
342 1938 489 1999 necessaria
507 1938 599 1998 afferri
612 1951 709 2019 potest.
726 1939 858 2010 Quaenam
868 1938 933 1998 illa?
947 1942 988 1999 Ne
1041 1937 1187 2018 ἀναγκαίαν
1203 1938 1289 1999 αἰτίαν
1299 1940 1348 2019 οὐχ
1360 1929 1448 2009 ἧττον.
1461 1937 1546 1999 Ποίαν
1560 1937 1590 1997 δὲ
1602 1937 1718 2013 cndu-qm
1730 1938 1817 2001 Ὥστε

242 2048 315 2113 gesta
329 2032 459 2091 miracula
472 2030 500 2090 in
517 2029 698 2110 suspicionem
711 2028 834 2090 venirent
845 2054 851 2087 :
863 2032 897 2091 ab
911 2030 986 2090 indi·
1040 2030 1077 2108 μὴ
1099 2035 1292 2103 ὑποπτευθῆναι
1312 2029 1347 2089 τὰ
1367 2030 1492 2110 γινόμενα
1511 2030 1644 2110 θαύματα.
1668 2030 1753 2113 Παρία
1766 2034 1817 2115 γὰρ

243 2122 531 2199 gentibusenim,non
548 2135 662 2181 amatre
679 2121 895 2203 roganduscrat.
912 2123 986 2195 Qua-
1037 2127 1088 2181 τῶν
1114 2124 1243 2202 δεομένων
1271 2126 1477 2205 παρακληθῆναι
1496 2126 1587 2204 ἐχρῆν,
1612 2129 1643 2184 ού
1667 2124 1744 2205 παρά
1768 2130 1816 2199 τῆς

241 2219 288 2276 rc?
310 2217 383 2290 Quia
404 2217 452 2276 illu
474 2238 534 2293 quae
555 2230 731 2295 cognatorum
751 2217 877 2297 precihus
900 2216 985 2298 impe·
1038 2216 1145 2297 μητρός.
1163 2215 1199 2274 Τί
1211 2216 1323 2287 δήποτις
1340 2212 1406 2274 Ὅτι
1426 2214 1461 2275 τὰ
1475 2213 1522 2293 μὲν
1538 2219 1569 2276 ἐκ
1585 2219 1634 2288 τῆς
1645 2220 1701 2276 τῶν
1712 2216 1815 2277 οἰκείων

240 2324 356 2386 tuantur,
370 2310 432 2369 lieet
444 2330 551 2388 magna,
566 2330 618 2368 non
636 2308 673 2368 ita
687 2322 763 2389 grata
773 2324 837 2369 stant
849 2313 985 2391 prasenti·
1036 2308 1229 2387 παρακλήσεως
1241 2307 1382 2385 γινόμενα,
1403 2304 1452 2365 κάν
1463 2304 1567 2387 μιγοίλα
1581 2297 1617 2388 ᾔ,
1636 2306 1814 2388 προσίσταται

240 2405 330 2464 busut
339 2404 489 2485 plummum
502 2426 508 2459 ι
519 2423 582 2461 eum
592 2416 682 2462 autem
696 2401 845 2482 indigentes
859 2403 911 2484 ipsi
918 2426 984 2486 sup-
1035 2408 1089 2467 τοῖς
1099 2402 1179 2480 ὁρῶσι
1194 2399 1338 2467 πολλάκις·
1355 2397 1417 2458 ὅταν
1437 2397 1465 2459 δὲ
1480 2403 1505 2459 οἱ
1520 2398 1613 2482 χρείαν
1627 2400 1734 2481 ίχοντες
1744 2392 1813 2463 οὗτοι

240 2498 354 2579 plicant,
369 2512 433 2557 tuuc
446 2495 608 2555 miraculum
629 2494 781 2576 suspicione
798 2510 889 2573 sanat,
907 2518 983 2579 purae
1035 2491 1160 2565 δέωνται,
1180 2490 1327 2552 ἀνύποπτον
1343 2491 1374 2551 τδ
1389 2497 1479 2570 θαῦμα
1492 2489 1610 2572 γίνεται,
1631 2490 1679 2553 καί
1699 2495 1813 2577 καθαρὸς

238 2590 333 2651 laudes
345 2603 419 2663 saint,
435 2608 531 2667 magna
547 2586 660 2647 utilitas.

1035 2589 1048 2642 ὁ
1063 2584 1183 2651 ἔπαινος,
1194 2585 1240 2643 καὶ
1251 2583 1336 2657 πολλὴ
1346 2590 1364 2656 ἡ
1379 2583 1502 2663 ὠρελεια.

278 2687 307 2743 5.
321 2682 429 2743 Etenim
438 2681 460 2740 si
471 2681 532 2758 quis
542 2680 660 2762 optimus
671 2679 792 2739 medicus
805 2679 833 2740 in
846 2701 980 2761 aegrorum
999 2697 1016 2739 u
1076 2676 1128 2736 Καὶ
1143 2676 1194 2756 γὰρ
1210 2678 1296 2755 ἰατρὸς
1312 2676 1337 2735 εί
1355 2700 1395 2743 τις
1407 2676 1527 2757 ἀριστος,
1539 2678 1576 2743 τίς
1592 2676 1680 2738 οἰκίαν
1703 2678 1814 2758 καμνόν-

238 2775 417 2858 complurium
432 2773 528 2835 domos
542 2774 690 2852 ingressus,
705 2772 740 2831 ab
752 2772 859 2852 egrotis
872 2774 916 2831 rel
930 2774 980 2834 ad-

237 2869 370 2929 stantibus
379 2867 449 2928 nihil
461 2866 563 2937 audiat‚
573 2864 620 2925 sed
630 2886 647 2923 a
656 2878 742 2923 matre
751 2878 855 2924 tantum
865 2880 981 2945 rogetur,

236 2959 300 3019 ltine
318 2972 458 3041 suspectus
475 2971 502 3018 et
516 2956 645 3016 molestus
661 2954 741 3035 aegris
754 2956 821 3023 erit,
846 2977 877 3015 ac
899 2977 983 3036 neque

235 3052 311 3131 egri,
327 3071 413 3129 neque
424 3049 560 3110 adstantes
577 3066 705 3126 magnum
719 3045 860 3126 quidpiam
878 3048 914 3106 ab
934 3048 981 3107 illo

234 3142 437 3222 exspectabunt.
459 3140 523 3200 Ideo
545 3153 609 3198 tunc
632 3137 780 3218 increpavit
802 3136 904 3197 dicens.
926 3142 982 3217 Qui

235 3238 308 3293 milti
322 3247 350 3294 et
365 3236 418 3293 tibi
431 3246 484 3305 est,
503 3232 625 3289 utulier?
640 3249 749 3289 monens
771 3228 846 3288 illam
861 3250 893 3289 ne
907 3231 981 3290 sirni-

234 3324 261 3383 le
271 3324 410 3405 quidpiam
422 3323 450 3382 in
465 3336 603 3403 posterum
612 3332 710 3399 ageret.
723 3320 800 3377 Caum
815 3341 929 3399 namque
940 3322 981 3381 illi

234 3429 290 3475 erat
305 3427 441 3474 maternus
452 3414 548 3481 honor,
558 3411 697 3489 multoque
707 3410 793 3490 magis
809 3410 883 3469 illius
895 3413 979 3491 salus,

234 3519 259 3565 et
273 3506 367 3566 multis
379 3503 529 3587 praestanda
543 3502 685 3578 lrcueliciu,
702 3523 751 3582 pro
764 3501 864 3578 quibus
874 3522 980 3562 carnem

233 3598 367 3658 induerat.
386 3598 450 3657 Haee
463 3597 552 3676 itaque
565 3596 647 3657 rerba
667 3615 719 3653 non
734 3607 808 3652 eraut
826 3609 981 3674 arroganter

233 3704 347 3750 matrem
357 3689 528 3768 alloquentis,
541 3687 587 3747 scd
600 3685 816 3767 dispensationis,
832 3708 885 3765 qua
906 3702 931 3747 ct
946 3688 980 3747 il-

233 3781 287 3842 lam
309 3783 476 3855 institueret,
490 3795 515 3839 et
530 3780 660 3839 miracula
683 3800 745 3837 cum
766 3778 899 3858 dignitate
920 3780 979 3839 fieri

233 3875 394 3956 provideret.
409 3876 479 3934 Nam
493 3873 565 3952 quod
580 3892 677 3951 magno
688 3871 763 3930 illam
778 3870 806 3930 in
820 3871 920 3932 honore
931 3873 977 3932 lra-

1034 2793 1086 2827 τιιιν
1104 2768 1209 2828 πολλῶν
1226 2765 1359 2839 εἰσελθὼν,
1380 2766 1455 2849 παρά
1473 2764 1520 2844 μὲν
1535 2769 1588 2826 τῶν
1607 2768 1812 2848 ἀρρωστούντων

1036 2860 1117 2938 μηδὲν
1133 2860 1221 2920 ἀκούοι
1236 2859 1302 2938 μηδὲ
1313 2864 1365 2918 τῶν
1377 2859 1564 2940 προσηκόντων
1580 2860 1707 2937 ἐκείνοις,
1718 2863 1771 2925 tut
1783 2864 1811 2927 δλ

1035 2958 1082 3025 τῆς
1104 2952 1200 3020 οἰκείας
1221 2952 1319 3032 μητρὸς
1340 2954 1521 3030 παρακαλοῖτο
1540 2951 1638 3029 μόνης,
1652 2951 1811 3023 ὕπαπτύςτι

1035 3047 1109 3125 παρὰ
1127 3055 1181 3113 τοῖς
1202 3046 1344 3123 κάμνουσιν
1360 3043 1435 3103 ἔσται
1456 3045 1520 3103 οκαὶ
1536 3046 1657 3124 ἐπαχθλς
1666 3092 1675 3120 ,
1695 3046 1742 3107 καί
1752 3046 1809 3109 ὥτε

1034 3144 1086 3198 τῶν
1106 3138 1243 3216 κειμένοιν,
1264 3136 1323 3197 οὔτε
1336 3140 1388 3195 τῶν
1403 3134 1580 3217 παρεστώτοιν
1593 3141 1683 3207 αὐτοῖς
1695 3140 1809 3213 οἰησετεί

1034 3256 1074 3300 τις
1089 3232 1165 3290 αὐτὸν
1178 3231 1246 3309 μέγα
1257 3253 1283 3287 τι
1294 3228 1340 3288 καί
1352 3238 1469 3307 γενναῖον
1481 3229 1661 3298 ἐπιδείξασθαι
1676 3233 1806 3295 δύνασθαι.

1034 3324 1082 3383 sto
1096 3324 1141 3382 καὶ
1152 3324 1212 3383 τότε
1229 3321 1385 3399 ἐπετίμησε,
1398 3321 1497 3401 λέγων·
1512 3321 1550 3381 Τι’
1565 3324 1625 3401 ἐμοὶ
1639 3323 1688 3384 καί
1699 3324 1754 3401 σοί,
1765 3326 1807 3405 pi,-

1034 3440 1092 3487 ναι;
1104 3414 1235 3474 παιδεύων
1246 3413 1327 3487 αὐτὴν
1343 3416 1380 3481 εἰς
1392 3413 1423 3472 τδ
1433 3414 1527 3490 μέλλον
1539 3414 1637 3493 μηκέτι
1652 3415 1688 3477 td
1702 3424 1805 3479 τοιαῦτα

1033 3518 1125 3569 ποιεῖν.
1145 3506 1247 3586 Ἔμελε
1260 3506 1311 3588 γάρ
1327 3505 1458 3584 αὐτῷκαὶ
1478 3511 1525 3578 τῆς
1536 3509 1573 3573 είς
1593 3506 1643 3580 τὴν
1655 3510 1758 3594 μητέρα
1770 3534 1805 3571 τι·
1836 3528 1850 3563 ¹·

1034 3603 1100 3679 μῆς,
1112 3602 1202 3679 πολλῷ
1217 3598 1244 3656 δὲ
1255 3598 1334 3657 πλέον
1355 3601 1402 3667 τῆς
1418 3598 1552 3680 σωτηρίας
1564 3601 1614 3669 τῆς
1630 3600 1704 3661 κατὰ
1712 3601 1804 3683 διερὴν,
1835 3626 1850 3659 τ

1032 3694 1137 3763 καὶτῆς
1151 3696 1202 3750 τῶν
1214 3692 1319 3749 πολλῶν
1330 3688 1493 3772 εὐεργεσίας,
1515 3690 1549 3748 δι’
1560 3690 1593 3761 ἣν
1608 3690 1655 3751 καί
1664 3691 1714 3766 τὴν
1723 3694 1804 3777 σύρκε
1832 3718 1850 3753 a:

1031 3782 1121 3844 ὑπέδυ.
1138 3783 1179 3841 Οὐ
1189 3782 1272 3841 τοίνυν
1288 3780 1550 3859 ἀπανθαδιαζομένον
1564 3781 1631 3863 πρὸς
1644 3782 1695 3857 τὴν
1707 3784 1804 3867 μητέρι
1832 3812 1850 3855 t:

1030 3882 1114 3936 ταῦτα
1123 3874 1157 3934 τά
1171 3874 1279 3954 ῥήματα
1296 3864 1338 3944 ἦν,
1357 3875 1415 3932 ἀλλ’
1427 3871 1576 3952 οἰκονομίας
1597 3877 1701 3949 πολλῆς
1713 3880 1802 3961 palpat-

231 3970 316 4042 beret‚
329 3969 372 4029 rel
385 3968 437 4027 hoe
449 3968 547 4048 ipsum,
560 3979 591 4024 ut
615 3978 707 4023 caetera
722 3977 833 4043 taceam,
847 3963 920 4042 quod
945 3965 977 4023 il·
992 3975 1011 4021 E
1031 3967 1124 4040 ζούοης
1144 3966 1224 4038 αὐτήν
1236 3989 1265 4024 τε
1279 3963 1390 4037 ἐκείνην,
1405 3965 1450 4024 καί
1473 3964 1507 4025 τὰ
1526 3964 1653 4045 θαύματα
1671 3968 1741 4047 μηδ
1759 3974 1818 4045 ἧς.
1846 4016 1850 4023 .

232 4060 285 4120 lam
306 4061 442 4142 increpare
455 4058 589 4131 videatur,
604 4057 719 4137 prinlum
732 4070 837 4137 potest,
853 4056 977 4136 indigna-

231 4155 320 4234 tioque
331 4156 389 4236 ipsa
400 4173 526 4233 magnam
536 4172 593 4232 pra
605 4172 632 4209 se
646 4150 696 4209 teu
708 4150 892 4209 reuerentiam.
902 4150 975 4224 Quo

229 4264 292 4303 nam
303 4261 392 4305 atatem
407 4260 504 4326 paeto,
518 4244 546 4302 iu
560 4240 682 4321 sequenti
697 4240 822 4301 concione
843 4242 974 4304 dicemus.

228 4335 293 4396 llaec
301 4337 523 4416 itaqueeogitans,
530 4357 593 4395 eum
600 4333 717 4394 audieris
726 4333 868 4394 mulierem
877 4356 972 4413 quam-

1030 4058 1212 4139 προσηκούσης
1229 4056 1349 4137 γενέσθαι
1360 4056 1610 4138 παρασκευαζούσης
1628 4058 1716 4129 ἀξίας.
1729 4060 1765 4123 'E

1028 4152 1068 4212 ὅτι
1083 4150 1184 4231 σρύδρα
1198 4148 1279 4221 αὐτὴν
1291 4148 1383 4227 ἐτίμα,
1405 4148 1450 4206 καὶ
1471 4148 1555 4230 χωρίς
1578 4152 1632 4210 τῶν
1643 4150 1734 4212 ἀλλαια
1794 4226 1797 4235 Ι

1028 4244 1142 4304 τοῦτοτί)
1153 4245 1242 4302 δοκοῦν
1260 4243 1450 4319 ἔπιτιμητικῶς
1465 4245 1603 4323 εἰρῆσθαι,
1612 4244 1741 4322 μάλιστα

1026 4336 1069 4395 νὸν
1090 4338 1214 4415 ἐμφῆναι.
1228 4338 1254 4395 Τ
1255 4359 1277 4416 ῳ
1291 4333 1344 4415 γὰρ
1358 4334 1517 4415 δυσχερᾶναι
1532 4332 1627 4404 ἔδειξεν
1643 4335 1687 4397 δτι

77 4442 125 4487 Luc
140 4454 217 4507 ιιαγ.
227 4428 292 4488 dam
310 4428 453 4504 dicentem,
471 4431 581 4488 Beatus
601 4438 707 4487 venter
721 4429 772 4506 qui
786 4438 814 4486 te
828 4432 968 4506 portavit,
978 4462 1015 4505 „4
1026 4428 1106 4501 αὐτὴν
1127 4429 1294 4488 δυσωπεῖται.
1305 4427 1369 4493 Πῶς
1390 4425 1418 4486 δὲ
1437 4425 1483 4486 καί
1498 4424 1551 4485 τίνι
1565 4426 1677 4510 τρόπῳ,
1692 4432 1730 4509 τῇ
1848 4432 1850 4443 “

226 4534 254 4581 et
276 4524 367 4580 utrem
387 4540 452 4600 qne
470 4523 585 4589 suxisti,
601 4517 734 4595 illumque
757 4518 970 4599 respondentem,
987 4518 1006 4564 Λ
1023 4527 1100 4582 τοῦτο
1119 4525 1238 4603 ἀροῦμεν.
1252 4523 1347 4581 Ταῦτα
1362 4510 1407 4578 oda
1426 4522 1530 4594 ἐννοῶν,
1540 4518 1586 4580 καί
1609 4520 1675 4582 ὅταν

73 4625 162 4677 [οταν.
175 4627 214 4679 aa,
228 4614 397 4691 Quirdmmo
414 4612 492 4669 beati
505 4613 557 4689 qui
568 4610 692 4689 faciunt
705 4610 892 4669 voluntatem
904 4612 968 4670 Pa·

222 4708 276 4765 tris
287 4706 344 4763 mei
350 4725 364 4776 ,·
375 4699 468 4761 eadem
491 4698 621 4759 sententia
635 4699 695 4758 haec
713 4698 786 4760 dieta
799 4722 855 4761 esse
867 4701 969 4761 existi-

218 4806 301 4854 mato.
316 4792 377 4851 Non
391 4789 463 4849 enim
476 4801 590 4848 matrem
603 4786 755 4867 repellentis
763 4789 899 4870 responsio
912 4803 962 4868 est,

219 4895 267 4957 sed
287 4890 457 4969 declarantis,
472 4888 540 4949 nihil
555 4887 607 4969 ipsi
621 4888 793 4969 profuturum
807 4889 889 4950 fuisse
899 4912 962 4971 pat·-

251 5086 350 5140 bsauit.
363 5084 442 5138 etalii
453 5093 487 5153 μὴ
499 5088 618 5151 βούλεσθαι
630 5090 732 5145 εὐκόλως.
749 5085 838 5139 Metel.
851 5094 886 5153 μὴ
897 5088 978 5153 βούλε-

219 5176 268 5221 σθαι
282 5172 340 5233 μηδὲ
353 5171 419 5220 οὗτοι.

246 5243 355 5297 οθίοιεί.
372 5250 408 5297 καί
424 5249 536 5313 ρορτικδς,
549 5247 586 5294 καὶ
602 5247 710 5306 ίπαχθής.
725 5241 794 5307 [Mox
813 5241 976 5313 Snt'ildydoa·

1022 4614 1144 4695 γνιαικύς
1152 4638 1221 4682 τινος
1230 4612 1389 4692 ·λεγούσης·
1403 4611 1533 4694 Μακαρία
1543 4618 1560 4687 ἡ
1572 4614 1663 4677 κοιλία
1673 4622 1692 4690 ἡ
1704 4618 1736 4697 βε

1022 4705 1093 4768 σασοί
1108 4730 1151 4780 σε,
1165 4705 1211 4765 καὶ
1227 4705 1323 4785 μαστολ
1344 4704 1387 4772 οδς
1402 4704 1546 4779 ἐθήλασας·
1564 4695 1622 4767 εἶτα
1636 4709 1722 4771 αὐτοῦ

1021 4799 1186 4880 κρινομένου·
1206 4801 1308 4859 Μενοῦν
1327 4822 1356 4878 γε
1368 4797 1495 4879 μακάριοι
1514 4801 1539 4858 ol
1556 4798 1736 4869 ποιῶνττςτδ

1021 4894 1096 4970 λημα
1113 4897 1159 4950 τοῦ
1181 4890 1287 4969 Πατρός
1300 4912 1363 4968 μοι·
1388 4890 1441 4951 α’πδ
1455 4892 1504 4961 τῆς
1522 4892 1605 4964 σίπῆς
1620 4890 1728 4972 γνιίιμης

1028 5111 1066 5141 ται
1083 5102 1130 5154 pro
1153 5095 1260 5147 οἰήσεται.
1282 5087 1351 5140 Infra
1375 5087 1442 5142 idem
1460 5106 1519 5141 cum
1530 5086 1616 5145 Codd.
1631 5088 1679 5143 eit.
1703 5112 1712 5149 ς

1028 5169 1080 5219 sine
1095 5167 1146 5231 cst]

1062 5262 1072 5284 ⁸¹
1085 5243 1132 5297 Alii
1146 5250 1264 5306 λαλούσης,
