3750 5940
741 417 771 462 tlt
801 416 928 465 PASCUA
955 416 1017 463 vu.

1584 426 1652 499 971

85 536 172 594 αὐτοῦ
190 533 350 612 προθεσμίας
364 534 561 611 ἀναλεμόάνει,
583 537 629 594 καί
648 537 796 618 ἰσημερίαν,
816 540 861 597 καὶ
880 544 899 589 ί)
913 536 1037 628 diemque
1052 550 1156 596 sextam
1168 536 1249 596 simul
1263 540 1400 599 conserens
1406 564 1415 616 ς
1428 556 1457 600 ut
1476 541 1656 607 hisomm'bus

81 614 381 694 τεσσαρεσκαιδεκάτην
394 613 442 687 τὴν
463 617 520 691 μετ’
538 614 688 695 ἰσημερίαν,
703 615 748 676 καί
758 616 860 696 ἡμίρσν
913 629 1019 675 statutis
1039 615 1214 696 temporibus,
1228 617 1286 697 ejus
1301 619 1349 696 qui
1371 640 1465 700 passus
1479 635 1520 681 est
1532 643 1654 683 resurre-

82 693 171 766 sstnp
181 691 345 772 συναγαγὼν,
356 694 399 751 ίνα
410 693 454 753 διδ
465 696 559 752 πασῶν
574 699 741 775 προθεσμιῶν
754 696 803 768 τὴν
816 702 862 756 τοῦ
913 695 1030 754 ctionem
1036 694 1284 774 ostenderet,atque
1298 710 1399 757 naturae
1413 700 1614 763 renovationem
1628 719 1655 764 et

81 773 219 838 παθόντος
230 772 373 832 ἀνάστασιν
384 772 489 847 δείξειε,
499 773 544 831 καί
554 777 601 844 τῆς
610 774 710 853 φύσεως
718 775 861 836 ἀνανέωσίν
912 774 1140 834 restaurationem.
1154 774 1219 834 ldoo
1240 776 1376 854 apostolus
1400 777 1469 838 hanc
1484 783 1655 842 restauratio·

80 850 176 911 τεκαί
186 851 488 930 ἀνακεφαλαίωσιν.Διά
497 854 753 921 τοῦτοδάπόστολος
764 853 861 927 ταύτην
912 874 974 912 nem
994 855 1082 912 aDeo
1097 855 1195 912 laetam
1215 854 1364 932 declarans,
1376 853 1499 916 dicebat:
1512 861 1551 917 Ῑτι
1574 867 1655 921 omni
1665 879 1747 936 reptes.
1774 890 1794 920 ι.

80 929 138 1004 τὴν
152 930 381 1010 ἀνακεφαλαίωσιν
398 929 533 1012 ἐμφαίνων
547 933 598 991 ὑπὸ
608 939 654 991 τοῦ
668 936 739 992 θεοῦ
752 934 859 1012 γινομέ-
912 937 1058 1012 sapientia
1071 947 1100 991 et
1111 934 1269 1013 prudentia
1284 957 1293 988 .·
1310 947 1342 991 ut
1357 947 1458 994 notum
1475 937 1587 1013 faceret
1602 963 1653 999 no·
1663 939 1760 988 ⁸·-¹⁰·

80 1031 136 1082 νην
151 1009 255 1088 ίλεγεν·
271 1012 317 1069 Ἐν
332 1009 406 1091 πάσῃ
425 1010 502 1090 σοφίᾳ
522 1013 568 1070 καί
586 1013 710 1091 φρονήσει
730 1015 860 1095 γνωρίσας
913 1015 957 1070 bis
971 1025 1186 1070 sacramentum
1210 1013 1377 1071 voluntatis
1397 1035 1467 1086 suoe,
1496 1020 1654 1079 seeundum

79 1092 154 1166 ἡμῖν
173 1089 205 1148 τὸ
221 1088 366 1168 μυστήριον
386 1094 432 1148 τοῦ
448 1088 595 1167 θελήματος
611 1095 706 1165 αὐτοῦ,
724 1093 793 1152 κατδι
812 1092 860 1165 τίν
912 1092 1125 1170 beneplacitum
1138 1094 1210 1160 εἰει,
1225 1093 1304 1170 quod
1323 1098 1473 1171 proposuit
1492 1099 1525 1152 in
1538 1117 1581 1167 σο,
1597 1100 1654 1158 dis·

79 1167 206 1228 εὐδοκίαν
228 1167 367 1241 αὐτοῦ,ἣν
381 1167 506 1249 προέθετο
519 1173 545 1229 ἀν
560 1174 630 1250 αὐτῷ
652 1175 687 1238 εἰς
710 1173 861 1250 οἰκονομίαν
908 1166 1108 1248 perisationem
1127 1114 1319 1249 plenitudinis
1345 1184 1515 1250 temporum,
1541 1179 1653 1235 instau-

79 1250 134 1306 τοῦ
147 1246 327 1328 πληρώματος
338 1252 391 1306 τῶν
405 1251 517 1324 καιρῶν,
528 1249 812 1329 ἀνσκεραλαιώσασθσι
826 1252 860 1312 τὰ
910 1270 978 1307 rare
991 1253 1092 1308 omnia
1104 1254 1137 1307 in
1151 1250 1276 1323 Christo,
1301 1269 1364 1325 quse
1385 1253 1417 1307 in
1438 1254 1529 1325 coelis,
1546 1267 1573 1312 et
1588 1276 1653 1336 φατε

69 1325 177 1409 ’πάντα
190 1329 266 1407 ἀντῷ
281 1328 451 1407 Χριστῷ,τά
464 1329 491 1384 ἐν
504 1331 859 1409 τοῖςοὺραιοῐς,κα“ιτίιέπί
910 1332 942 1386 in
964 1342 1042 1388 terra
1056 1342 1134 1388 sunt.
1150 1328 1244 1403 Vides,
1268 1326 1404 1406 quomodo
1433 1332 1653 1394 restaurationem

79 1409 146 1485 γῆς.
160 1404 243 1487 Ὁρᾷς
262 1411 319 1472 πῶς
340 1408 568 1487 ἀνακεφαλαίωσιν
588 1415 641 1466 τῶν
663 1410 706 1468 ἐπὶ
724 1413 772 1488 γῆς
789 1413 859 1487 λέγει
910 1428 1015 1484 eorum,
1033 1428 1093 1484 quse
1105 1420 1168 1466 sunt
1179 1407 1206 1465 in
1220 1421 1302 1482 terra,
1313 1406 1386 1466 dicat
1401 1429 1453 1467 una
1464 1431 1527 1468 cum
1540 1413 1653 1471 calesti·

80 1485 153 1565 πρὸς
163 1483 197 1544 ed
211 1484 335 1584 οὐράνιος
348 1486 527 1552 Ἰῖκτττόιεεως
540 1485 568 1545 δὲ
578 1492 623 1544 τοῦ
638 1487 776 1567 ἀνθρώπου
789 1513 859 1567 γενο-
910 1486 980 1544 bus?
998 1488 1088 1567 Lapsu
1102 1499 1192 1545 autem
1211 1485 1329 1544 hominis
1351 1485 1491 1564 incidente,
1505 1503 1531 1547 et
1545 1511 1653 1571 separa-

81 1563 169 1642 μάνης
183 1563 228 1624 καὶ
241 1571 417 1643 οιαμερισμοῦ
432 1566 485 1624 ἀπὸ
498 1570 544 1636 τῆς
563 1566 696 1634 εὖτεόείας
709 1570 762 1626 τῶν
781 1573 859 1647 oupe-
911 1564 1008 1624 tionea
1025 1566 1125 1656 pietate
1143 1565 1288 1624 caelcstium
1299 1564 1467 1644 angelorum,
1479 1567 1590 1648 cupiens
1605 1592 1653 1629 nos

79 1641 178 1702 νίεινά
202 1643 289 1723 ιε’λων,
302 1648 338 1710 είς
349 1643 447 1716 ταύτην
459 1644 598 1721 ἐπανάγειν
620 1645 664 1705 διίι
688 1654 735 1707 τοῦ
761 1648 860 1716 πάθους
911 1664 959 1724 per
990 1665 1121 1704 assionem
1139 1643 1176 1703 ad
1189 1644 1259 1704 hanc
1278 1644 1409 1704 unitatem
1429 1645 1569 1723 reducere,
1587 1649 1654 1727 quid

79 1721 157 1794 ’τὴν
171 1666 264 1805 ίρίυσιν
278 1726 350 1799 ἡμᾶς
360 1721 592 1803 προμηθούμενος,
605 1725 633 1787 τί
641 1726 722 1800 ἀλλο,
735 1725 753 1797 ἢ
768 1728 861 1786 ἀνακε-
909 1667 989 1782 aliud
1008 1737 1134 1804 operatur
1142 1769 1150 1798 ,
1164 1744 1247 1801 qnam
1256 1723 1476 1783 restaurationem
1496 1726 1653 1786 bonorum?

80 1800 235 1883 φσλσίωσιν
267 1804 372 1880 ἀγαθῶν
401 1803 630 1883 πραγματεύεταις
654 1806 703 1866 dd
729 1806 774 1864 καί
800 1804 859 1873 τοὺς
877 1807 895 1851 l'·
910 1801 1027 1880 Ideoque
1039 1818 1159 1882 tempora
1174 1801 1315 1862 creationis
1326 1802 1363 1860 ad
1375 1823 1404 1861 re
1423 1803 1568 1864 arationem
1579 1827 1653 1865 assu-

74 1881 196 1961 γρόνσυς
209 1884 256 1952 τῆς
270 1883 441 1960 δημιουργίας
460 1881 548 1961 terli-5
570 1883 707 1962 διορθώσει
717 1888 860 1963 παραλαρ-
912 1881 960 1940 mit
971 1905 978 1937 :
989 1882 1191 1963 συστρατιῶται
1200 1881 1350 1939 maximum
1360 1824 1455 1942 audire
1461 1883 1569 1963 poteris.
1581 1885 1653 1956 Quia
1733 1924 1735 1928 -

80 1949 180 2030 άάνει,
189 1961 235 2019 καί
245 1958 388 2042 μυστίριον
399 1961 469 2040 ἔχεις
480 1963 590 2021 ἀκοῦσαι
604 1962 737 2042 μέγιστον.
748 1963 859 2036 Ἐπειδὴ
911 1959 982 2019 enim
997 1960 1054 2020 haec
1069 1958 1309 2041 temporadiffieilc
1316 1980 1473 2020 concurrere
1487 1977 1600 2042 possunt
1614 1985 1654 2023 se-

79 2037 141 2120 γάρ
158 2041 289 2120 δυσχερῶς
302 2031 374 2099 oleos
387 2044 411 2099 ot
424 2038 515 2120 χρόνοι
533 2041 712 2102 συμπίπτουσι
730 2042 800 2102 κατίι
816 2044 860 2102 τὸν
912 2038 1032 2099 cundum
1077 2040 1176 2100 riorem
1191 2037 1302 2097 modum
1328 2039 1356 2096 in
1382 2059 1463 2099 tinam
1480 2055 1506 2100 et
1532 2041 1656 2105 eamdem
1692 2052 1698 2063 '

80 2120 193 2200 πρῶτον
212 2117 310 2198 τρόπον
335 2122 373 2187 είς
394 2120 457 2197 μίαν
480 2121 526 2177 καί
548 2101 595 2193 τλν
619 2121 702 2194 αὐτὴν
726 2121 861 2200 ίόδομάδα
912 2062 1109 2179 hebdomadim
1128 2117 1304 2193 (consideres
1329 2117 1411 2177 velim
1434 2119 1553 2198 priorem
1577 2118 1656 2182 illam

79 2196 221 2292 (πρόσεχε
237 2196 307 2268 δτιὴ
324 2197 417 2278 πρώτη
432 2199 546 2266 ίόδοαίις
559 2199 645 2273 ἐκείνη
661 2200 730 2260 κατά
746 2201 795 2272 τὴν
814 2203 860 2274 δη·
910 2197 1118 2272 hebdomadam,
1130 2197 1157 2255 in
1179 2197 1311 2256 creatione
1328 2194 1401 2268 dico,
1423 2197 1615 2277 aequinoctium
1625 2200 1656 2261 in

80 2299 235 2356 μιουργιαν,
253 2277 343 2356 φημί,
359 2279 386 2335 ίν
398 2279 464 2358 αὐτῇ
484 2256 540 2358 είχε
553 2278 601 2352 τὴν
612 2279 660 2358 μὲν
679 2279 818 2360 ἰσημερίαν
832 2285 860 2339 ἐν
909 2276 1043 2357 principio
1064 2276 1091 2335 in
1117 2298 1145 2335 se
1168 2275 1304 2351 habuisse,
1316 2274 1467 2354 ddndoque
1491 2291 1588 2356 qtmrta
1608 2276 1656 2341 dio

80 2356 275 2439 ἀρχῇ,ίπειτα
286 2356 333 2429 τὴν
349 2358 488 2437 πλησιφειῆ
500 2358 612 2431 σελήνην
627 2358 696 2418 κατὰ
706 2340 754 2430 τδν
766 2360 859 2438 τετάρ-
909 2356 1016 2435 plenam
1030 2356 1132 2431 lunam,
1141 2355 1258 2436 etpattlo
1269 2366 1329 2434 post
1345 2368 1449 2413 sextam
1463 2354 1546 2433 diem,
1560 2357 1588 2417 itt
1598 2378 1655 2436 qtttt
1756 2418 1760 2425 ,

79 2458 136 2509 την
152 2434 255 2516 ἡμέραν
274 2439 437 2515 ὑφεστῶσαν,
453 2438 498 2496 καὶ
511 2439 560 2510 eti
574 2438 653 2508 ἕκτην
665 2437 775 2509 εύθίως,
796 2442 824 2499 ἐν
840 2429 859 2510 ἦ
909 2435 1040 2494 formatus
1053 2434 1186 2494 esthemo
1200 2457 1207 2489 ε
1222 2433 1270 2491 illa
1282 2455 1345 2494 vero
1357 2454 1409 2492 non
1444 2449 1537 2494 ossunt
1551 2457 1655 2517 semper

80 2513 206 2598 ἀπλάσθη
217 2519 232 2573 ὁ
245 2513 395 2596 ἄνθρωπος·
413 2517 444 2573 οὐ
469 2517 521 2594 μὴν
544 2518 585 2577 ἀεί
606 2524 682 2577 τοῦτο
704 2503 859 2594 συμόαίνειν
909 2516 1063 2593 contingere
1079 2514 1106 2573 in
1124 2534 1175 2572 una
1196 2511 1344 2589 eademque
1357 2456 1550 2589 hebilirmada)
1566 2539 1572 2570 ι
1590 2516 1655 2606 quia

78 2591 196 2653 δύναται
215 2593 284 2653 κατὰ
298 2592 347 2664 την
366 2593 428 2672 μίαν
451 2597 496 2656 καί
516 2597 565 2669 τὴν
592 2595 672 2668 αὐτὴν
693 2597 857 2674 ίόδομάδα)·
909 2614 972 2672 ergo
989 2593 1101 2653 difficile
1123 2606 1188 2666 erat,
1203 2606 1242 2666 ut,
1264 2590 1494 2669 quemadmodum
1515 2592 1544 2651 in
1566 2615 1655 2673 prtmtt
1730 2649 1733 2657 .

77 2672 178 2744 ἀπειδά,
193 2672 317 2753 δυσχερὲς
328 2665 360 2745 ἧν
375 2674 421 2732 καί
435 2674 607 2754 δυσπόριστον
625 2678 653 2734 ἐν
668 2686 717 2757 μιᾷ
730 2672 1093 2755 ίθδομάδιυεηττεείίυιιτ,ίτεε
1102 2692 1193 2731 omnes
1200 2684 1351 2750 temporum
1359 2669 1474 2729 rationes
1480 2669 1508 2728 in
1519 2692 1602 2730 unum
1611 2693 1653 2731 oo·

78 2749 156 2812 κατδ
175 2751 223 2825 τὴν
248 2751 356 2833 πρώτην
379 2754 552 2834 δημιουργίαν
573 2754 670 2822 ταύτας
692 2754 736 2856 ὑφ’
759 2754 787 2814 ίν
809 2756 857 2824 τίς
875 2764 893 2804 Α
909 2751 1147 2830 gerentur‚h0rum
1158 2764 1245 2809 tamen
1260 2770 1391 2808 concursu
1404 2747 1440 2807 ad
1449 2748 1654 2829 passionisoeoo·

77 2830 247 2983 :podroplue
257 2840 424 2909 συναγαγεῖν,
439 2831 508 2893 ὥστε
520 2835 667 2913 συνδρομῆς
677 2857 775 2894 τουτων
792 2833 857 2916 πρὸς
909 2830 1027 2889 nomiam
1040 2831 1240 2889 Servatorusus
1258 2841 1308 2903 est,
1319 2840 1351 2886 ut
1367 2827 1532 2909 propositam
1551 2842 1654 2888 restau-

118 2916 189 2970 ντοίῖ
200 2910 299 2979 πάθους
313 2910 463 2988 οἰκονομίαν
480 2918 495 2971 δ
510 2913 606 2992 Σωτλρ
619 2914 737 2996 ίγρηζεν,
751 2911 795 2973 ίνα
809 2913 856 2987 τὴν

78 2990 262 3069 προκειμένην
276 2991 505 3070 ἀνακεφαλαίωσιν
518 2991 625 3059 δείξειε·
641 2978 685 3051 διδ
699 2998 776 3051 τοῦτο
790 2995 855 3054 πολ-

79 3068 163 3135 λάκις
185 3068 341 3148 ζητούμενος
364 3069 416 3127 ὑπὸ
437 3074 490 3128 τῶν
514 3069 649 3129 Ἰουδαίων
673 3075 856 3151 ἀναιρεθῆναι,

80 3146 170 3226 μήπω
197 3154 245 3220 τῆς
268 3149 415 3228 συνδρομῆς
438 3154 491 3208 τῶν
518 3150 619 3230 χρόνων
644 3150 856 3222 ἐκπεπτωκυίας,

78 3225 209 3306 δπίφυγε.
222 3227 274 3287 Καί
287 3226 356 3307 ίχεις
370 3229 397 3285 ἐν
407 3237 461 3293 τοῖς
472 3229 656 3309 Εὐαγγελίοις,
670 3227 711 3288 ὅτι
723 3228 857 3301 ἠθέλησαν

82 3305 165 3365 atsto
180 3306 319 3366 συλλαύεῖν
334 3310 358 3366 oi
369 3305 511 3378 Ἰουδαῖοι,
526 3309 572 3367 καί
582 3313 597 3367 δ
607 3307 705 3387 Σωτὴρ
719 3308 856 3409 ἀντχύρη·
906 3304 1068 3385 mysterium
1081 3307 1158 3383 ignor

79 3407 125 3444 σε.
142 3385 194 3444 Kal
207 3391 283 3444 τοῦτο
294 3389 318 3446 οἱ
329 3387 439 3462 ἀμαθεῖς
458 3388 489 3446 τὸ
503 3387 646 3467 μυστήριον
658 3387 757 3446 δειλίαν
771 3391 858 3465 ἀναμι-

81 3485 149 3522 σαν.
164 3466 222 3524 Οὐκ
233 3456 265 3536 ἦν
281 3464 307 3522 δί
320 3464 418 3536 δειλία,
431 3464 499 3524 ἀλλά
512 3471 558 3537 τῆς
572 3466 720 3546 συνδρομῆς
730 3472 783 3526 τῶν
794 3489 858 3545 προ·

82 3545 203 3621 θεσμιῶν
213 3544 376 3623 ίπιτήρησις.
386 3542 454 3603 Ὅτε
464 3545 553 3622 μέντοι
563 3545 730 3621 ουνήγαγενὸ
743 3547 803 3612 Υἱὸς
814 3553 859 3605 τοῦ

82 3622 159 3682 Θεῶ
178 3621 239 3688 τοὺς
255 3623 382 3703 χρόνους,
399 3622 444 3683 ὅτε
458 3622 507 3696 τὴν
528 3623 663 3700 ίύδομάδα
674 3623 739 3704 πρδς
749 3623 798 3698 τὴν
813 3627 860 3704 ἀρ·

82 3700 167 3782 χαίαν
182 3701 354 3782 δημιουργίαν
368 3702 486 3782 ἥρμοσε,
502 3702 546 3760 καί
559 3700 684 3782 ίοημερίσ
703 3703 748 3762 καί
762 3707 860 3775 πλησι-
875 3762 878 3767 ,

82 3779 159 3862 quel<
171 3779 270 3853 σελήνη
284 3781 329 3841 καί
347 3786 364 3853 ἡ
384 3780 556 3864 παρασκευὴ,
573 3786 599 3841 ἐν
619 3773 638 3861 ᾗ
657 3782 710 3842 ἔδει
733 3782 860 3854 *παθεῐη

87 3858 142 3930 τὴν
164 3859 308 3921 ἀνανίεοσιν
330 3863 465 3940 δειχθῆναι
489 3860 643 3941 σύνδρομον,
666 3861 697 3920 τδ
716 3866 861 3933 τηνικαῦτα

87 3938 227 4001 ἀποδίδοται
251 3939 299 4018 μίν
324 3940 416 3999 ἑαυτὸν
437 3944 476 4021 τῷ
502 3939 589 4000 πάθει,
608 3939 727 4020 Ἐπάρας
753 3939 780 4000 δὲ
803 3938 862 4008 rol<
879 3954 896 4000 tt
915 3936 984 3994 vatis
997 3948 1087 3994 autem
1100 3933 1186 3992 oculis
1197 3933 1274 4003 incar
1288 3953 1345 4008 um,
1361 3930 1432 3990 dixit
1443 3953 1450 3987 τ
1460 3933 1562 4004 Pater,
1574 3935 1657 3991 venit
1668 3955 1736 3998 toan.
1749 3965 1810 4009 ιρι,

87 4021 142 4099 ύφθ
212 4020 240 4087 “ς
253 4023 290 4087 είς
302 4019 347 4079 τδν
358 4018 476 4098 οὐρανὸν,
493 4009 565 4092 είπε,
582 4019 686 4098 Πάτερ,
708 4020 861 4092 ίλήλυθενὴ

86 4097 167 4179 ὅρα,
220 4098 282 4159 ασόν
298 4122 344 4159 σου
358 4099 403 4157 τὸν
415 4099 486 4168 Υἱδν,
498 4096 541 4157 ίνα
555 4099 601 4157 καί
612 4099 697 4166 δΥίύς
708 4121 754 4159 σου
765 4097 861 4178 δοξάσῃ

87 4199 142 4238 σε·
155 4178 200 4237 καί
211 4179 276 4258 πρὸς
295 4178 354 4247 τούς
372 4177 508 4256 μαθητὰς,
526 4177 670 4250 Ἐλήλυθεν
692 4182 709 4249 ἡ
730 4177 804 4258 ὥρα,
820 4178 862 4236 tva

85 4255 204 4337 δοξασθῇ
215 4262 230 4317 θ
246 4259 308 4326 Υἱὸς
316 4265 361 4316 τοῦ
374 4256 521 4338 ἀνθρώπου.
536 4257 628 4324 Οὕτως
638 4256 761 4336 ἐπιμελίς
773 4257 862 4336 γέγονε

85 4339 131 4417 τῷ
146 4358 181 4413 μο
227 4345 278 4397 ενεῖ
301 4339 359 4417 Υίῷ
380 4341 426 4394 τοῶ
451 4338 535 4408 Θεοῦ,
558 4337 659 4404 πάντας
677 4334 737 4403 τοὺς
755 4335 863 4417 Ιχρόνους

86 4414 153 4482 τοὺς
166 4438 301 4495 πρωτους,
321 4419 380 4475 καθ’
402 4415 445 4481 οὓς
467 4415 592 4483 πλασθείς
606 4414 724 4476 διίπεσεν
735 4420 750 4476 ί
761 4405 864 4496 ἀνθρω-

85 4517 154 4569 ττος,
176 4504 333 4574 συναγαγεῖν
353 4495 397 4554 ίπί
417 4499 450 4575 τῇ
473 4493 610 4576 διορθώσει
631 4499 727 4570 αὐτοῦ,
747 4496 793 4554 καί
814 4495 863 4568 τὴν

85 4582 99 4610 ”
109 4574 289 4647 ἀποστολικην
301 4574 444 4635 ἀνανέωσιν
454 4579 501 4647 τῆς
512 4574 613 4652 φύσεως
623 4575 770 4647 ὓποὸῆναι,
782 4577 864 4644 αὐτῆς

86 4657 141 4724 τῆς
153 4653 302 4732 σορίουλῆς
319 4658 372 4712 τῶν
385 4659 553 4791 προθεσμιῶν
567 4653 711 4732 ἀναγκαίας
730 4654 808 4724 οὔσης
825 4658 864 4712 τῶ

85 4732 239 4815 πράγματι.
253 4733 306 4793 Διά
319 4739 396 4793 τοῦτο
421 4732 451 4790 πί
465 4737 503 4814 τῷ
517 4733 596 4792 πάθει
605 4733 651 4792 καί
665 4732 806 4813 ίοημερίσ,
821 4713 863 4792 oli:

84 4811 192 4893 κορυφὴ
206 4818 251 4872 τοῦ
263 4810 377 4894 χρόνου,
397 4821 527 4893 τηρεῖται.
552 4812 611 4891 Πρὸ
631 4812 680 4890 μίν
698 4812 749 4893 γάρ
763 4812 861 4884 ταύτης

908 2911 1039 2969 rationem
1054 2908 1205 2967 exhiberet.
1221 2905 1336 2985 Ideoque
1357 2927 1419 2965 cum
1439 2927 1534 2988 saepea
1553 2906 1655 2968 Judaeis

907 2989 991 3067 quaesi
1007 3003 1050 3047 tus
1067 2987 1160 3048 suisset
1182 2999 1213 3045 ut
1236 2985 1512 3063 interficeretur,quod
1535 2985 1655 3047 nondum

907 3088 1053 3127 concursus
1067 3066 1114 3125 ille
1123 3079 1178 3125 tem
1197 3078 1276 3124 orum
1289 3063 1430 3137 accideret,
1444 3066 1507 3123 aulu
1529 3064 1560 3124 it.
1576 3064 1656 3146 Legis

907 3146 953 3225 qni
975 3168 1008 3226 pe
1021 3145 1048 3204 in
1060 3145 1135 3206 Evan
1156 3087 1226 3219 eliis,
1241 3141 1358 3203 voluisse
1369 3141 1478 3203 Judaeos
1491 3084 1571 3203 illum
1582 3165 1655 3203 eom·

907 3168 1082 3305 proliendere,
1102 3166 1155 3284 secl
1166 3223 1173 3281 i
1195 3242 1256 3281 sum
1279 3221 1428 3297 recessisse,
1443 3220 1505 3282 illos
1518 3243 1592 3298 vero,
1606 3224 1655 3301 qui

1159 3246 1251 3370 alant,
1263 3323 1298 3361 ex
1312 3315 1384 3360 metu
1396 3301 1497 3360 factum
1507 3302 1654 3382 putavisse.

911 3385 971 3442 Non
987 3396 1045 3441 erat
1058 3396 1147 3442 antem
1160 3395 1258 3456 metus,
1272 3379 1320 3440 sed
1337 3401 1481 3439 concursus
1503 3393 1657 3462 temporum

911 3461 1073 3522 observatio.
1096 3463 1167 3520 Cum
1181 3481 1261 3541 porro
1274 3461 1297 3520 F
1299 3460 1362 3518 ilius
1375 3459 1426 3518 uei
1441 3472 1595 3540 temporum
1608 3481 1657 3519 no·

911 3554 952 3600 tas
967 3541 1126 3620 collegisset,
1137 3560 1200 3598 cunr
1218 3536 1417 3598 hebdomadam
1434 3539 1504 3598 hanc
1523 3534 1565 3598 'ad
1579 3539 1656 3598 illem

912 3619 1052 3680 creationis
1076 3619 1269 3695 concinnasset,
1291 3616 1583 3696 atqueaequinoctium,
1598 3617 1656 3698 ple·

913 3720 976 3765 nam
1000 3700 1094 3760 lunam
1117 3712 1143 3758 et
1167 3699 1348 3770 Parasceven,
1362 3697 1391 3755 in
1414 3718 1467 3774 qua
1490 3717 1618 3776 passurus
1632 3710 1658 3755 et

913 3779 1111 3838 renovationem
1134 3777 1253 3835 lecturus
1279 3789 1350 3849 erat,
1375 3794 1534 3832 concurrere
1563 3773 1582 3833 d
1616 3796 1658 3834 re-

914 3857 1060 3932 hendisset,
1073 3870 1139 3915 tunc
1151 3876 1207 3914 sese
1220 3851 1255 3912 ad
1273 3851 1431 3990 patiendum
1454 3850 1577 3911 tradidit.
1619 3853 1658 3912 le·

915 4016 999 4086 liora,
1013 4013 1147 4095 clarifica
1161 4013 1273 4071 Filium
1284 4024 1376 4082 tuum,
1391 4023 1424 4069 ut
1438 4023 1467 4068 et
1482 4011 1579 4070 Ftttus
1591 4022 1658 4071 tuus

914 4094 1058 4175 clarificet
1072 4107 1101 4152 te
1113 4116 1121 4148 .·
1137 4104 1163 4150 et
1175 4089 1318 4170 discipulis
1333 4088 1407 4148 suis:
1431 4091 1516 4148 Venit
1530 4090 1614 4162 hora,
1626 4103 1657 4149 ut
1669 4109 1730 4154 τινα,
1748 4120 1784 4152 12.

914 4174 1096 4311 clampficetur
1106 4171 1203 4229 Filius
1216 4166 1518 4228 dominissiccuravit
1529 4167 1657 4247 unigeni-
1669 4173 1708 4220 23.

915 4265 959 4311 tus
994 4253 1067 4311 'ilius
1080 4250 1144 4328 Dei,
1159 4247 1249 4307 omnia
1260 4247 1308 4306 illa
1317 4247 1407 4328 priora
1421 4260 1550 4327 tempora,
1560 4247 1661 4340 quibus

915 4331 1046 4392 formatus
1058 4333 1140 4391 homo
1154 4330 1246 4409 lapsus
1264 4340 1313 4402 est,
1329 4325 1479 4385 coadunare
1493 4325 1529 4385 ad
1550 4347 1608 4406 ejus
1621 4349 1662 4386 re·

917 4411 1082 4492 parationem
1096 4423 1122 4470 et
1143 4431 1159 4468 a
1209 4407 1318 4466 tolicam
1340 4404 1539 4465 renovationem
1559 4419 1662 4465 naturae

917 4491 1026 4565 subire,
1040 4488 1155 4568 eoquod
1188 4486 1233 4545 uic
1246 4486 1285 4544 rei
1299 4485 1463 4544 necessarius
1472 4497 1539 4543 esset
1559 4497 1663 4567 tempo·

915 4591 977 4629 rum
990 4590 1144 4628 concursus.
1156 4565 1222 4626 ldeo
1241 4565 1270 4624 in
1284 4563 1406 4645 passione
1418 4562 1621 4642 aequinoctium,
1634 4578 1664 4633 ut

916 4662 996 4729 caput
1009 4647 1152 4728 temporis,
1162 4646 1331 4706 observatur.
1343 4642 1484 4702 Namante
1497 4641 1570 4703 illud
1582 4643 1666 4722 aqui-

915 4728 1046 4803 noctium,
1058 4749 1092 4785 an
1138 4746 1200 4784 uam
1213 4722 1272 4784 dies
1282 4735 1360 4798 esset,
1373 4721 1488 4781 tenebrae
1507 4734 1584 4780 erant
1595 4745 1602 4778 ε
1615 4743 1663 4782 ne·

915 4830 968 4886 que
976 4740 1152 4886 dignnmfflo
1165 4803 1259 4864 luisset
1275 4801 1448 4863 tenebrarum
1459 4815 1581 4881 tempore
1595 4802 1664 4882 pati,

123 4985 137 5010 ⁸
154 4979 195 5030 τὴν
206 4978 284 5042 ίρωσιυ
299 4968 417 5022 vitiatum
432 4985 485 5034 est,
499 4971 546 5023 nisi
556 4972 589 5023 sit
605 4969 638 5021 ab
654 4970 771 5038 imperito
789 4973 853 5022 scri·
904 4970 1003 5038 δρομα]

86 5062 167 5118 ptore
183 5049 333 5114 proiectum.
352 5050 478 5115 Opinatur
494 5048 571 5102 savit.
592 5047 725 5119 legendum
744 5059 785 5110 τὴν
804 5071 856 5104 ιτε-

88 5137 181 5198 ρίιυσεν.
194 5127 272 5176 Forte
284 5124 372 5176 mellus
389 5134 474 5180 ίνωσιν.

125 5204 138 5232 ⁴
157 5202 254 5269 [Setil.
272 5213 300 5257 ίσ.
318 5212 406 5270 παθεῖν,
422 5214 460 5260 καί
475 5215 517 5271 τὴν
537 5215 656 5260 eniteat
672 5211 797 5274 δειχθῆναι,
811 5212 860 5259 σνν-

939 5051 1117 5106 ·άπεστολυιην
1130 5061 1177 5096 vox
1198 5053 1323 5108 suspectu.
1337 5040 1413 5107 [Mox
1433 5035 1540 5090 Suillius
1557 5042 1669 5106 συμδσλιῖς
1716 5084 1719 5089 ,

908 5144 954 5193 pto
968 5131 1093 5194 συμδονλῆς
1109 5123 1156 5192 leg.
1168 5121 1263 5189 putet]

1478 5260 1525 5319 05.
