3750 5940
163 399 230 476 292
494 399 524 450 S.
551 396 686 450 toartis
711 399 897 450 cflnrsosr.
926 399 1080 450 ARCHIEP.
1107 397 1371 452 cousratt'rtuor.

98 585 109 604 .-
152 527 292 607 jaciunt,
313 527 365 584 sed
385 529 435 606 qui
458 525 584 583 ίααιίαιιί
595 526 755 607 facientes.
779 525 902 585 Fortasse
951 525 1045 594 κακίας
1056 525 1193 609 παρέχειν,
1206 525 1252 584 καλ
1271 521 1337 606 ύπίρ
1355 511 1392 585 ὄν
1415 525 1537 594 κολάζειν
1560 528 1608 605 ίχρ

162 616 251 675 aerius
272 638 321 676 vos
341 616 512 695 incessimus,
529 616 578 676 sed
596 616 618 675 si
644 630 693 674 nos
708 637 762 676 non
784 615 899 676 incessa-
950 616 1049 679 τούτων
1059 617 1252 699 τιμᾷν;”οταν
1268 619 1295 680 δὲ
1309 618 1356 680 καλ
1373 616 1503 700 θρφαναλς
1526 619 1608 678 duodo*

162 730 232 785 mus,
246 709 379 790 supplicia
399 723 507 768 manent
520 729 564 768 eos
577 708 624 787 qui
649 730 797 788 numquam
812 730 901 769 emen·
952 710 1059 794 *χήρας
1077 713 1185 787 ἀδικῶν,
1199 711 1298 794 τρίφης
1318 709 1467 791 ἀσέλγειαν,
1491 709 1608 782 ίννύησοι

162 801 270 862 dantur.
295 801 369 875 Quid
391 803 501 884 juvaret
525 823 573 862 vos
593 801 709 880 gratiose
734 802 846 882 alloqui,
860 825 901 862 re·
951 812 1004 871 τοῖς
1017 811 1100 864 ταῦτα
1113 805 1246 883 τολμῶσιν
1269 803 1344 864 ἔσται
1361 805 1393 862 τὸ
1406 807 1470 884 πῦρ.
1492 799 1608 861 Ἄκοιισσ

161 893 219 975 ipsa
234 895 369 976 supplicio
382 907 492 976 propter
509 914 588 974 opera
603 893 780 955 afficiendos?
794 895 901 959 Laudas
950 920 991 955 σιν
1004 901 1018 956 ὁ
1033 898 1153 964 Παῦλος·
1167 899 1208 956 Οὐ
1220 893 1298 974 μόνον
1310 894 1377 956 αύτλ
1390 899 1519 965 ποιῶσιν,
1529 891 1602 952 ἀλλὰ

74 996 78 1003 ’
159 987 309 1064 saltantem,
325 989 450 1062 celebras,
464 986 593 1045 miraris?
606 986 680 1068 Ergo
699 986 747 1048 illo
765 988 900 1050 iaetus'os
918 1003 936 1049 Ε
950 989 1084 1049 αυδοκοῦσι
1098 997 1153 1056 τοῖς
1164 987 1321 1070 πράσσουσι.
1332 986 1414 1068 Τάχα
1425 987 1544 1068 σφοδρῶς
1557 988 1608 1063 opti

53 1127 56 1133 .
159 1079 282 1139 deterior.
292 1080 374 1140 lllum
386 1093 529 1162 paupertas
542 1099 670 1139 excusare
677 1079 795 1163 uidetur,
806 1081 899 1142 etiam-
951 1080 1070 1161 ψάμιθα,
1085 1078 1154 1140 ἀλλὰ
1167 1077 1217 1138 κᾶν
1239 1083 1317 1158 ἡμεῖς
1337 1077 1375 1158 μὴ
1401 1075 1605 1158 καθαφιύμιθα,

157 1171 180 1230 si
194 1193 247 1231 non
262 1172 342 1254 eulpa
353 1173 389 1231 sit
403 1171 547 1250 immunis,
563 1186 592 1230 tn
611 1192 677 1232 vero
690 1173 771 1234 etiam
784 1174 836 1236 hae
848 1174 897 1236 de·
950 1177 1002 1232 τῶν
1023 1172 1188 1256 πραγμάτων
1212 1170 1318 1252 μένουσι
1343 1169 1472 1250 τιμωρίαι
1491 1168 1552 1237 robe
1575 1171 1608 1229 dd

157 1263 277 1322 fensione
295 1286 378 1324 cares.
391 1264 474 1323 Illum
487 1263 511 1322 si
525 1264 695 1344 interrogem,
708 1265 764 1324 Cur
777 1266 839 1326 aliis
855 1291 899 1329 re·
949 1265 1156 1348 ἁμαρτάνοντας.
1170 1264 1207 1327 Τί
1224 1254 1269 1324 odo
1284 1263 1375 1346 ύφιλος
1394 1265 1421 1322 ἐν
1436 1271 1491 1330 τοῖς
1505 1261 1596 1342 λόγοις

158 1354 229 1415 lictis
250 1357 362 1435 artibus,
377 1358 447 1416 hanc
457 1357 592 1438 impuram
606 1369 632 1415 et
649 1357 843 1420 exsecrandam
856 1382 897 1420 se-
948 1365 1009 1421 σθαι
1026 1368 1081 1427 τοῖς
1095 1356 1139 1418 διὰ
1149 1361 1201 1419 τῶν
1226 1357 1309 1441 ἔργων
1324 1355 1483 1426 κολάζεσθαι
1500 1353 1608 1432 μίλλαιι

157 1448 255 1509 eteris?
274 1449 455 1531 respondebit,
468 1448 542 1523 Quia
561 1470 672 1530 possum
694 1472 780 1532 parvo
803 1451 899 1514 labore
950 1453 1062 1519 ευδσκεῐς
1088 1454 1127 1531 τῷ
1149 1449 1318 1532 ὀρχουμένη),
1346 1451 1461 1516 ἐπαινεῖς
1493 1447 1540 1506 καὶ
1566 1450 1608 1506 θαι

154 1540 273 1599 multum
284 1540 392 1601 lutrari
409 1543 450 1600 Te
465 1561 530 1604 vero
551 1540 574 1599 si
596 1540 768 1621 interrogem,
778 1543 835 1603 Cur
856 1542 897 1605 la-
905 1589 941 1631 25,
950 1547 1051 1604 Οὐκοῦν
1067 1541 1167 1604 ἐκείνω
1176 1541 1284 1623 γίγονας
1294 1538 1400 1622 χαίρων.
1415 1541 1463 1620 Τῷ
1480 1537 1528 1617 μὲν
1543 1535 1599 1618 γὰρ

154 1631 261 1694 seivum
273 1633 389 1711 miraris,
403 1633 452 1712 qui
470 1632 507 1692 ad
529 1632 678 1692 multorum
690 1634 836 1714 perniciem
850 1637 894 1696 vi·
912 1647 932 1691 Α
950 1633 1106 1715 συγγνώμην
1121 1632 1237 1707 δίδωσιν,
1251 1635 1274 1692 εἰ
1285 1631 1331 1691 καὶ
1344 1629 1423 1710 λόγον
1441 1633 1488 1690 ούκ
1508 1628 1608 1709 ἔχουσα

154 1742 209 1788 tam
222 1726 318 1787 ducit?
338 1744 391 1787 non
404 1725 504 1807 poteris
516 1725 553 1784 ad
568 1724 691 1787 eamdem
713 1726 895 1790 defensionem
948 1727 993 1788 καί
1017 1726 1114 1801 ταύτης
1137 1724 1318 1808 ἀπεστύρησαι
1342 1728 1391 1796 τῆς
1415 1721 1572 1801 ἀπολογίας.
1594 1722 1608 1782 Ι

153 1821 306 1900 confugere,
319 1818 367 1877 sed
380 1817 483 1897 cogeris
503 1816 620 1877 demisso
633 1818 713 1878 vultu
731 1820 894 1882 erusbescere.
947 1821 995 1900 μὲν
1012 1819 1057 1879 ίὰν
1072 1819 1189 1903 ἔρωμαι,
1203 1818 1229 1877 τί
1243 1816 1341 1890 δήποτε
1357 1814 1406 1883 τίις
1423 1813 1508 1882 ἄλλος
1524 1811 1608 1895 τέχνα

153 1912 235 1984 Quod
254 1911 277 1970 si
298 1911 377 1971 nobis
390 1910 521 1969 rationem
542 1909 723 1990 exigentibus,
743 1932 777 1971 ne
795 1916 896 1975 mutire
947 1913 990 1974 ἐπὶ
1013 1912 1110 1985 ταύτην
1131 1903 1208 1984 ἦλθες
1227 1909 1275 1982 τλν
1299 1911 1380 1988 ἐναγῆ
1400 1906 1446 1967 καὶ
1468 1905 1608 1986 μιαράνςί

152 2006 263 2085 quidem
281 2020 371 2087 potes,
382 2004 490 2085 quando
505 2003 671 2064 horrendum
683 2003 755 2064 illud
768 2019 793 2066 et
811 2007 896 2070 inevi-
946 2005 1043 2075 ἔξεστιν
1059 2003 1135 2084 ὀλίγα
1155 2009 1298 2075 πονοῦντα,
1312 1998 1398 2060 πολλὰ
1421 2002 1597 2079 καρποῦσθαι

148 2098 234 2157 tabile
245 2097 365 2157 tribunal
382 2096 532 2179 apparebit,
550 2095 596 2155 ubi
615 2109 642 2154 et
661 2096 856 2176 eogitationum
869 2116 896 2160 et
946 2095 991 2156 ίίιν
1013 2095 1131 2179 ἔρωμαι,
1147 2093 1173 2153 τί
1193 2093 1291 2167 δήποτε
1313 2090 1454 2171 θαυμάζεις
1480 2089 1525 2149 τὸν
1551 2091 1608 2150 bi

149 2204 259 2249 actuum
273 2189 405 2248 reddituri
420 2209 513 2248 sumus
522 2187 660 2263 rationem,
673 2187 809 2266 quomodo
824 2205 894 2253 stare
947 2191 1053 2266 βιοῦντα
1066 2186 1112 2246 καλ
1124 2185 1169 2245 ἐπὶ
1184 2183 1255 2265 λύμη
1270 2186 1355 2253 ζῶντα
1369 2183 1492 2254 πολλῦνς
1510 2184 1561 2241 οὐκ
1582 2179 1608 2263 ἔγ

149 2281 314 2363 poterimus?
335 2281 435 2360 quibus
455 2279 541 2339 oeulis
556 2278 676 2360 judicem
696 2282 893 2363 respiciemus?
944 2279 992 2351 τὴν
1004 2277 1084 2352 αὐτὴν
1101 2277 1233 2360 πρόφασιν
1246 2273 1428 2354 καταφεύγειν,
1445 2272 1515 2334 ἀλλὰ
1529 2273 1608 2355 ἀνάγι

148 2369 217 2448 quid
243 2368 387 2430 dicemus?
409 2389 491 2447 quam
506 2366 688 2427 defensionem
707 2369 892 2449 proferemus?
944 2370 1061 2444 κύπτειν,
1073 2369 1119 2429 καλ
1140 2366 1309 2448 αἰσχύνεσθαι
1329 2364 1377 2424 καὶ
1393 2369 1525 2446 ίρυθριᾷν.
1539 2367 1577 2425 Εἰ
1601 2364 1608 2424 ί

146 2485 227 2541 quam
250 2462 448 2523 exornationem
464 2469 568 2543 aptam,
585 2461 703 2541 ineptam
714 2461 892 2526 habebimus?
943 2466 1019 2541 ἡμῶν
1031 2460 1136 2528 εὐθύνας
1153 2457 1343 2538 ἀπαιτούμενος
1353 2456 1425 2517 οὐδὲν
1443 2455 1494 2515 ”dv
1508 2455 1604 2538 σχοίης

147 2577 181 2614 an
195 2576 243 2616 nos
256 2553 287 2616 id
299 2556 386 2615 faeere
397 2575 448 2637 pro
461 2553 593 2634 impensa,
609 2574 660 2633 pro
679 2553 829 2636 voluptate,
841 2580 890 2639 pm
942 2553 1003 2614 ὅταν
1017 2555 1048 2615 τὸ
1060 2553 1169 2636 φούερθν
1185 2549 1321 2613 ἔκεῖνοκαλ
1335 2547 1516 2632 ἀπαραίτητα
1533 2574 1608 2634 παρα

147 2650 263 2710 aliorum
287 2649 414 2731 pernicie,
429 2669 496 2727 quos
510 2645 540 2706 in
559 2646 606 2706 illa
629 2659 688 2706 arte
704 2647 794 2728 perire
817 2652 890 2732 eogi-
941 2648 1119 2730 δικαστήριον,
1140 2648 1201 2707 ἔνθα
1224 2649 1286 2704 τῶν4
1299 2642 1449 2722 νοημάτων,
1467 2642 1514 2703 καλ
1540 2666 1608 2727 πραγ

147 2743 228 2801 mus?
245 2742 322 2802 Nihil
333 2755 404 2801 certe
417 2739 564 2821 poterimus
577 2737 683 2818 dicere,
704 2739 752 2799 sed
767 2762 887 2804 neeessa-
903 2766 921 2811 ις
939 2742 985 2803 καὶ
998 2741 1104 2802 πάντων
1118 2738 1222 2818 πίνομεν
1241 2734 1362 2811 εὐθύνας,
1377 2740 1434 2804 πῶς
1445 2734 1600 2815 στησόμεθα
1604 2759 1608 2813 γ

144 2835 186 2894 rio
200 2835 353 2917 puniemur,
365 2832 499 2915 supplicio
508 2853 657 2912 numquam
668 2832 796 2913 finiendo,
809 2856 887 2897 num·
939 2835 1083 2916 ὀφθαλμοῖς
1093 2832 1137 2892 τὸν
1152 2828 1245 2909 κριτὴν
1264 2826 1399 2909 ῦφόμαθας
1418 2825 1445 2885 τί
1456 2830 1608 2910 ἰρσῦμινςι

143 2951 225 3008 quam
235 2916 556 2999 terminumn-Quodne
566 2924 681 3004 aecidat,
691 2925 737 2986 hie
741 2928 800 3009 jam
809 2951 885 2990 sum-
937 2927 1117 3008 λογησόμεθα;
1127 2921 1206 2982 ποίαν
1223 2919 1338 3000 εὔλογον,
1353 2917 1431 2979 ποίαν
1445 2918 1545 2999 άλογσν
1566 2942 1608 3003 πμ

142 3042 187 3081 mo
200 3021 291 3082 studio
304 3042 455 3096 caveamus,
469 3033 500 3079 ut
521 3040 585 3079 cum
604 3019 676 3079 bona
698 3041 745 3101 spe
759 3020 885 3084 hincmi-
938 3027 1006 3100 μκθα
1017 3017 1157 3099 πράφασιν;
1174 3012 1222 3086 τλν
1236 3017 1284 3085 τῆς
1305 3011 1437 3085 δαπάνης
1450 3009 1500 3084 τλν
1516 3010 1608 3085 τῆςπί

142 3128 259 3192 grantes,
273 3129 373 3175 aterna
387 3113 459 3172 bona
476 3132 681 3192 consequamur:
695 3133 757 3190 quae
774 3112 880 3176 utinam
937 3113 954 3185 ἢ
978 3111 1025 3186 ι-λν
1049 3115 1098 3182 τῆς
1118 3106 1213 3187 ἐτέρων
1235 3104 1367 3172 ἀπωλείας
1374 3148 1383 3177 ,
1407 3102 1451 3171 οὓς
1472 3102 1517 3164 διὰ
1536 3106 1585 3176 τῆς

142 3226 233 3265 omnes
249 3206 440 3287 adipiscamur,
459 3205 544 3285 gratia
555 3218 580 3264 et
591 3204 756 3283 benignitate
769 3206 884 3267 Domini
935 3207 1031 3286 τέχνης
1058 3201 1224 3279 ἀπολλυμεν,
1248 3200 1307 3258 Ούκ
1334 3195 1404 3256 ἔστιν
1432 3192 1505 3255 οὐδὲν
1531 3197 1608 3256 είπιῖι

140 3299 224 3359 nostri
237 3303 301 3361 Jesu
313 3299 424 3376 Christi,
443 3319 491 3378 per
513 3318 593 3376 quem
606 3310 633 3357 et
651 3318 714 3356 eum
734 3303 796 3377 quo
809 3300 883 3362 Patri
935 3299 1037 3378 ἀνάγκη
1052 3289 1324 3361 κολάζεσθαικύλασιν
1337 3287 1411 3356 τέλος
1429 3291 1477 3347 οὐκ
1492 3287 1608 3368 ἔχουσαν

140 3393 237 3471 gloria,
252 3392 387 3469 simulque
403 3391 517 3471 Spiritui
533 3404 634 3468 saneto,
645 3410 716 3450 nunc
733 3405 759 3451 et
778 3413 883 3474 semper
934 3396 983 3452 οὐκ
1003 3384 1191 3466 ἐπισταμένην.
1209 3381 1300 3464 Ὅπερ
1320 3380 1364 3440 ἵνα
1385 3379 1423 3459 μὴ
1443 3378 1570 3460 γίνηται,
1592 3383 1608 3440 ί

139 3499 165 3544 et
179 3484 313 3545 insaecula
326 3484 492 3544 saeculorum.
506 3486 598 3544 Amen.
934 3484 986 3556 ἤδη
999 3478 1086 3541 πάντα
1109 3473 1284 3558 φυλαὶώμεθα
1292 3520 1301 3548 ,
1316 3471 1359 3532 ἵνα
1379 3470 1447 3551 μετίι
1468 3474 1608 3553 χρηστῆςί

135 3572 141 3582 ’
934 3573 1104 3642 ἀπελθόντες,
1120 3567 1242 3648 τύχωμεν
1263 3569 1315 3625 τῶν
1338 3563 1450 3623 αἰωνίων
1470 3567 1594 3643 ἀγαθῶν·

933 3689 1003 3727 νοιτο
1016 3665 1118 3730 πάντας
1136 3666 1208 3738 ἡμᾶς
1224 3662 1366 3738 ἐπιτυχεῖν,
1377 3655 1468 3738 χάριτι
1490 3655 1537 3715 καί
1555 3656 1608 3736 φιλα

933 3759 982 3838 πίφι
992 3764 1038 3818 τοῦ
1047 3754 1145 3836 Κυρίου
1157 3755 1232 3830 ἡμῶν
1247 3750 1335 3821 Ἰησοῦ
1349 3749 1482 3828 Χριστοῦ,
1496 3747 1531 3806 δι’
1547 3739 1578 3805 ού
1591 3770 1608 3806 α

896 3842 962 3909 cod
978 3854 1016 3929 τῷ
1036 3847 1125 3929 Πατρλ
1138 3851 1155 3918 ἡ
1170 3843 1246 3918 δόξα,
1264 3844 1322 3921 άμα
1341 3844 1380 3922 τῷ
1400 3837 1468 3919 ἁγίῳ
1492 3838 1608 3919 Πνεύμα

933 3943 977 4000 καὶ
992 3940 1033 4002 tet
1047 3939 1092 3997 καλ
1107 3941 1141 4004 εἷς
1151 3936 1209 4002 τούς
1221 3938 1315 4001 αἰῶνας
1327 3935 1379 3992 τῶν
1390 3929 1503 3990 αἰώνων.
1514 3929 1608 4009 Ἀμήν.

169 4154 179 4178 “
199 4155 292 4224 [χήρας
307 4152 384 4205 Saril.
403 4165 428 4203 et
446 4149 509 4208 Cod.
528 4153 586 4203 705.
597 4144 738 4216 Legebatur
757 4149 781 4199 in
801 4143 890 4197 Mones.
975 4136 1091 4190 ¹Morel.
1105 4143 1130 4189 οὺ
1146 4141 1169 4189 ὀί
1181 4144 1227 4188 ίαν.

135 4235 225 4301 rara-t
975 4222 988 4258 s
1007 4216 1089 4272 attia
1101 4220 1175 4285 ιιχιης
1186 4221 1260 4267 anet
