3750 5940
586 460 620 507 tlt
648 461 774 508 ntscttn
801 463 849 509 Ἣ.

55 582 142 658 ίννης,
164 585 231 647 'tiri
247 592 261 646 ὁ
275 585 357 663 ἀμνὸς
370 589 415 645 τοῦ
436 588 532 646 flacii
552 584 633 664 αίρων
653 583 703 656 τὴν

55 687 67 720 ν
85 672 130 724 τοῦ
151 665 261 744 κόσμου.
275 663 385 725 Τίλειον
407 663 435 723 δὲ
454 664 485 724 τὸ
507 663 638 746 πρόδοτον
657 662 703 723 καί

55 768 72 814 ν,
87 744 185 805 τελειον
200 744 228 803 δὲ
244 748 280 812 ὡς
294 748 319 804 ἐν
333 749 376 825 γῇ.
387 744 522 812 Ἔνιαυτθς
536 742 630 824 χρόνον
652 743 701 821 μί-

55 823 186 902 γῇὲαυτὸν
202 822 400 901 ἐπιλαμὸσίνων,
421 824 466 882 καί
480 825 516 891 είς
530 824 622 883 ἑαυτὸν
638 826 703 882 ἀνα-

55 925 124 977 ενος,
142 903 234 983 καίτῇ
254 905 290 971 είς
314 903 405 962 ἑαυτὸν
425 901 556 982 δπεριόδῳ
572 912 703 1002 περιρορίρ

55 1003 138 1061 τρητον
153 985 236 1042 αἰῶνα
253 981 419 1060 μιμούμενος.
436 980 611 1061 Λαμὸσίνεται
626 982 654 1040 δε
667 1005 701 1062 τῃ

55 1059 702 1202 ’ὖίίίίςίίὶπᾶῶίῶῶχῶίῗίὼῶῗῶ

55 1163 291 1319 ίίρίάλογος·ιμοεςτά
304 1165 419 1288 bilibri*
452 1244 469 1279 α
479 1225 524 1279 τοῦ
531 1163 619 1298 ρνιίῗιίῑου
632 1219 702 1279 ἕντο-

55 1321 99 1357 ;το
112 1299 244 1380 προὸατον
262 1300 276 1358 ἔ
291 1323 368 1380 χεται
380 1299 411 1359 τὸ
422 1301 547 1379 μυστικὸν
566 1299 597 1358 τί
607 1300 637 1357 ix
649 1303 701 1359 τῶν

55 1424 57 1436 .
72 1378 201 1456 Τηρεῖται
212 1379 239 1438 δὲ
254 1325 301 1446 vd<
313 1378 356 1439 iri
366 1378 447 1458 μέσον
461 1378 575 1458 ἡμέρας,
590 1377 701 1438 αἰνιττό-

1431 440 1501 539 95,

758 605 789 643 se
807 596 913 644 meatus.
930 583 967 642 Et
988 586 1104 646 Joannes
1123 607 1129 642 ι
1154 588 1232 648 Eece
1250 608 1345 667 agnus
1361 590 1429 662 Dei,
1449 593 1577 671 qttirorn.
1590 621 1652 671 μσς,

759 663 837 722 tollit
848 676 1000 743 peceatum
1015 666 1125 731 mundi.
1138 666 1287 725 Perdectum
1300 680 1391 726 autem
1424 669 1501 728 uaerit

757 763 857 823 agnum
868 756 895 802 et
906 742 1073 818 anniculum,
1090 745 1238 824 perfectum
1248 758 1278 804 ut
1291 746 1320 804 in
1333 690 1500 808 terr-altahe

757 834 812 881 tur.
829 824 923 882 Annus
936 823 1065 903 temporis
1085 844 1238 883 mensuram
1252 825 1280 884 in
1300 840 1370 886 terra
1382 826 1437 886 sibi
1449 849 1501 887 su-

757 900 826 978 mit,
841 922 927 961 annus
940 901 968 960 in
984 923 1013 961 se
1032 902 1202 977 revolvitur,
1225 917 1251 964 et
1266 904 1315 962 illa
1334 906 1501 967 revolutione

757 979 977 1041 immensurabile
988 980 1117 1040 seculum
1128 981 1260 1042 imitatur.
1273 984 1397 1043 Sumitur
1410 998 1501 1045 autem

756 1057 860 1119 decima
880 1061 991 1136 mensis,
1012 1060 1093 1138 idque
1107 1060 1255 1121 admodum
1270 1064 1437 1144 symbolice:
1454 1066 1500 1124 lex

756 1138 830 1198 enim
850 1138 934 1200 distat
953 1141 989 1199 ab
1007 1141 1157 1219 evangelio.
1184 1141 1264 1221 Legis
1282 1142 1384 1224 quippe
1402 1144 1500 1224 praeci-

777 1240 843 1277 uum
856 1218 954 1300 dogma
976 1232 1015 1278 est
1036 1218 1201 1301 decalogus:
1217 1235 1278 1301 post
1292 1221 1387 1281 decem
1411 1237 1501 1282 antem

756 1239 824 1377 legis
832 1312 966 1380 praecepta
978 1312 1042 1358 tunc
1054 1319 1140 1378 agnus
1151 1300 1282 1380 mysticus
1291 1300 1326 1359 dc
1339 1303 1405 1361 caelo
1417 1302 1499 1362 venit.

756 1378 886 1438 Servatur
906 1391 996 1449 autem
1016 1399 1065 1459 per
1082 1379 1213 1458 quosdam
1235 1379 1408 1441 intermedius
1425 1382 1498 1456 dies,

68 1457 91 1514 Γ
93 1463 161 1555 pupi]
177 1462 203 1557 ἐν
218 1459 291 1541 μέσῳ
306 1465 352 1517 τοῦ
365 1458 460 1538 χρόνον
476 1456 556 1539 μέχρι
577 1462 622 1517 τοῦ
644 1457 701 1516 πσί-
719 1469 738 1517 B
757 1477 810 1535 quo
820 1456 984 1547 'subindicat
999 1458 1139 1537 Scriptura
1159 1473 1264 1540 tempus
1280 1459 1352 1519 illud
1367 1461 1501 1552 usquead

55 1541 77 1615 ,ᾔ
93 1559 278 1616 reoccupare<
289 1539 417 1621 ἐπιδημία
430 1542 474 1597 τοῦ
486 1538 578 1618 πάσχα
594 1537 639 1596 καί
652 1537 701 1610 τὴν

55 1639 71 1690 v,
85 1616 117 1687 ἣν
137 1617 163 1675 ἐν
178 1625 232 1684 τοῖς
253 1625 298 1677 τοῦ
313 1618 456 1698 ἀρχιερέως
470 1618 626 1697 συλληφθεὶς
640 1620 699 1690 ἔτη·

55 1698 65 1752 λ
89 1694 116 1754 δὲ
136 1695 405 1776 προσλαμθανόμενος
429 1700 465 1763 είς
487 1696 517 1758 τὸ
537 1695 702 1776 πρόόατονθ

59 1775 113 1852 εἶμί
131 1776 224 1852 γείτων
240 1775 300 1855 ἐγώ.
313 1775 383 1836 Ὑπὸ
396 1780 442 1836 σοῦ
478 1764 556 1858 ἀρ,ῶ
576 1775 701 1855 Ἰσραὴλ,

55 1877 107 1913 ιτον
121 1857 169 1913 οὐκ
180 1857 310 1936 ἐχωρήθη.
323 1847 392 1915 Εἶτα
407 1853 434 1916 δὲ
448 1800 479 1915 τί
491 1853 622 1935 πρόάατον
637 1855 703 1992 πρὸς

61 1932 157 1992 θύεται.
179 1935 232 1994 liet
245 1934 296 2014 γάρ
309 1935 352 1995 ἐπί
367 1933 467 2013 δυομάς
483 1942 530 1994 τοῦ
544 1934 619 2005 ἡλίου
630 1958 663 1993 κα
688 1941 703 1997 θ

55 2013 96 2079 νὸς
105 2012 249 2093 φονεύεται.
263 2012 398 2094 Σράξουσι
408 2014 435 2074 δὲ
450 2013 515 2073 αὐτὸ
527 2023 580 2073 πᾶν
594 2013 624 2072 τὸ
635 2016 702 2086 πλῆ-

55 2098 141 2194 γωγῆς
154 2097 216 2152 υἱῶν
225 2093 343 2174 Ἰσραήλ.
360 2093 395 2153 Ὁ
406 2093 515 2160 ἄπιστος
526 2093 576 2173 γάρ
593 2093 703 2173 Ἰσραὴλ

55 2195 137 2249 εγονεν
153 2171 252 2232 ἐκείνου
263 2181 309 2234 τοῦ
319 2169 408 2251 τιμίου
422 2172 546 2251 αἵματος·
559 2177 573 2232 ὁ
584 2172 632 2250 μὲν
651 2173 702 2254 γὰρ

55 2251 153 2324 ννειίων,
165 2257 179 2311 θ
192 2251 220 2310 δὲ
240 2251 320 2333 μέχρι
333 2261 376 2313 νῦν
396 2255 525 2312 ἀπιστῶν.
550 2252 598 2311 Διὸ
618 2276 702 2312 κατα-

55 2340 102 2390 ῑται
120 2333 206 2391 αὐτῶν
226 2332 257 2393 τὸ
273 2337 340 2391 θεῖον
352 2334 464 2409 Πνεῦμα
476 2331 522 2390 καί
544 2334 593 2410 doit
610 2331 701 2412 λέγον·

55 2435 71 2478 ις
86 2414 159 2488 ὑμῶν
181 2409 292 2489 αἵματος
311 2411 429 2492 πλήρεις.
454 2412 494 2473 Τὸ
520 2408 547 2470 δὲ
570 2392 636 2490 αἷμα
658 2412 702 2472 ἐπί

755 1557 915 1616 passionem,
927 1535 1033 1615 quando
1045 1538 1251 1618 comprehensus
1270 1540 1398 1599 Servatur
1412 1562 1439 1599 ιιι
1450 1541 1500 1599 do-

756 1636 800 1673 mo
810 1616 909 1675 summi
923 1616 1060 1696 pontificis
1074 1616 1198 1676 detentus
1212 1631 1260 1676 cst.
1278 1619 1331 1690 Qui
1345 1633 1435 1677 autern
1454 1641 1499 1679 as·

755 1695 872 1753 sumitur
879 1695 986 1756 vicinus
994 1695 1030 1755 ad
1039 1696 1233 1756 comedendum
1244 1718 1355 1777 agnum,
1366 1720 1414 1778 ego
1424 1721 1494 1758 sum.

757 1777 818 1833 dte
831 1775 913 1847 enim,
929 1796 945 1834 o
963 1776 1055 1851 Israel,
1069 1797 1155 1856 agnus
1176 1797 1227 1835 non
1242 1791 1335 1857 captus
1354 1793 1401 1837 cst.
1416 1779 1500 1838 Dein·

755 1874 817 1934 ceps
828 1875 891 1914 vero
904 1875 990 1934 agnus
1001 1855 1036 1914 ad
1048 1876 1186 1936 vualteram
1202 1856 1367 1916 immolatur.
1382 1859 1453 1917 Nam
1464 1857 1501 1917 ad

755 1933 920 1993 occidentem
933 1934 1016 1993 solem
1028 1955 1103 1994 sacer
1113 1956 1199 2026 agnus
1209 1937 1362 2016 jugulatur.
1380 1941 1501 1996 Mactant

755 2025 845 2071 autem
862 2013 940 2072 illum
960 2015 1046 2074 omnis
1061 2015 1207 2074 multitudo
1223 2036 1366 2096 synagoga
1381 2017 1501 2075 filiorum

755 2092 847 2152 Isra'c'l.
859 2094 1019 2153 incredulus
1032 2094 1104 2154 enim
1117 2095 1199 2154 lsraiil
1217 2116 1277 2154 reus
1291 2097 1376 2154 iactus
1390 2111 1429 2155 est
1445 2096 1499 2154 bu·

753 2171 799 2251 jus
811 2172 955 2232 venerandi
966 2174 1103 2254 sanguinis
1118 2198 1123 2231 :
1141 2195 1203 2233 nam
1215 2174 1292 2251 idem,
1326 2176 1424 2255 opulus
1435 2175 1502 2234 olim

756 2251 867 2327 occidit,
888 2252 1014 2333 idemque
1034 2275 1106 2313 nune
1126 2275 1179 2313 non
1200 2195 1378 2314 creditideo
1390 2254 1502 2314 divinus

757 2329 876 2410 Spiritus
895 2345 987 2392 eontra
999 2333 1071 2413 ipsos
1085 2332 1243 2395 testificatur
1254 2347 1280 2392 et
1293 2334 1392 2393 clamat
1405 2358 1411 2391 :
1428 2336 1500 2393 Mn·
1513 2345 1570 2388 isat.
1583 2357 1602 2388 t.
1616 2341 1652 2388 15.

755 2430 809 2468 nus
822 2423 929 2471 oestrae
945 2413 1043 2502 plene
1062 2424 1132 2471 sunt
1148 2418 1301 2487 sanguine.
1321 2412 1439 2492 Sanguis
1453 2434 1501 2472 au-

55 2513 83 2564 ιν,
97 2494 132 2556 ὡς
152 2492 195 2550 ἐπί
211 2489 259 2564 τὴν
272 2490 451 2561 Ἐκκλησίαν·
467 2489 513 2551 καὶ
532 2490 576 2551 ἐπί
590 2495 642 2551 τῶν
657 2490 701 2552 δύο
710 2526 747 2565 2„
756 2501 809 2548 tem
830 2510 912 2628 supra
932 2490 1013 2550 hmeu
1028 2505 1067 2551 est
1077 2536 1086 2568 ,
1098 2491 1174 2570 quasi
1191 2513 1272 2572 supra
1292 2491 1459 2566 Ecclesiam3
1475 2506 1501 2551 et

57 2615 65 2643 ,
88 2574 123 2637 ὡς
138 2569 183 2628 ἐπί
195 2573 247 2629 τῶν
267 2569 312 2631 δύο
325 2571 406 2629 λαῶν.
421 2572 462 2630 Ob
481 2569 533 2651 γάρ
554 2572 701 2651 ἀρκεῖταιὸ
719 2584 739 2629 Δ
756 2589 837 2659 super
874 2589 923 2629 uos

55 2647 114 2730 πρὸς
128 2647 157 2707 σὲ
171 2655 285 2730 πρῶτον,
305 2638 327 2707 d
344 2648 468 2733 Ἰσραὴλ,
490 2648 700 2728 ἀπεσταλμένος·

58 2729 219 2801 ἀπεστάλην,
233 2730 311 2809 φησί,
330 2728 396 2809 πρὸς
413 2732 494 2807 ὑμᾶς,
509 2727 577 2788 aiil
591 2731 656 2811 πρὸς
667 2730 701 2790 vd

72 2806 106 2866 τίι
131 2808 287 2867 ἀπολωλότα
309 2810 380 2870 alnou
399 2806 518 2890 Ἰσραήλ.
534 2807 607 2888 Ἐγὼ
623 2808 651 2868 δὲ
665 2814 701 2878 ὡς

59 2887 185 2970 ἀλλοτρίᾳ
199 2888 316 2968 τραπίζη
332 2886 559 2969 παρεκαθεζθμην,
581 2888 625 2948 τθν
652 2888 699 2967 μὲν

55 2955 577 3128 territiinitiabilis
591 2966 699 3130 ini·

62 3124 89 3183 δὲ
106 3131 155 3185 οὐκ
168 3071 248 3194 {imula
262 3127 292 3186 τὸ
305 3072 397 3206 ρμιίννα
416 3125 446 3185 τὸ
466 3130 495 3187 ἐκ
508 3131 561 3185 τῶν
574 3129 700 3206 οὐρανῶν,

64 3204 141 3284 ἄρτος
155 3151 258 3278 διάντῆς
269 3205 384 3274 πίστεως
400 3205 525 3285 μετετέθη
535 3248 543 3276 ,
554 3205 600 3264 καί
613 3209 628 3264 ὁ
642 3206 700 3266 ἀντὶ

55 3288 76 3352 λς
95 3285 145 3358 ἤδη
167 3286 318 3366 γιγνόμενος
339 3286 447 3345 *ἐννυδε
462 3286 496 3345 τὰ
509 3285 574 3364 κρέα
592 3282 699 3346 ἐσθίετε.

55 3363 105 3422 >rb
123 3373 169 3425 τοῦ
184 3364 283 3443 κόσμου
299 3369 353 3446 pti<
369 3364 412 3424 ἐπί
423 3370 461 3446 τῷ
473 3365 580 3445 μεγοίλῳ
595 3363 700 3442 σώματι

55 3451 122 3503 σποῦ.
145 3444 266 3517 Addere,
286 3444 396 3525 φάγετε,
417 3445 494 3504 τοῦτό
513 3443 564 3522 μού
591 3447 647 3504 ἐστι
669 3444 700 3504 τὸ

55 3523 75 3581 ’ἀ
88 3523 115 3581 δὲ
131 3526 195 3607 apia
208 3523 278 3584 ὀπτά
293 3525 365 3604 πυρί.
380 3523 519 3606 Ἔμπυρον
531 3523 582 3605 γάρ
593 3524 699 3602 λογικὸν

55 3607 74 3660 νῦ
89 3604 213 3684 Χριστοῦ.
236 3605 296 3686 Πῦρ
310 3595 388 3676 ἦλθον
411 3605 500 3683 βαλεῖν
516 3606 552 3672 εἰς
573 3602 621 3676 τὴν
640 3608 699 3683 γῆν,

55 3684 133 3756 θελον,
155 3688 177 3743 εἰ
201 3683 252 3836 ρθη
268 3684 385 3764 ἀνήρθη;
400 3687 458 3742 Οὐκ
481 3683 554 3762 ὠμὸν
566 3683 596 3742 τὸ
609 3683 700 3821 κρέας·

55 3761 189 3841 ιε’ργαστος
206 3830 210 3843 ¹
232 3763 335 3842 ὀλίγος
350 3762 395 3824 καί
408 3762 584 3845 εὐπρόσρορος
598 3782 632 3821 κα
656 3766 697 3822 εὖ·

971 2584 1043 2645 stes,
1065 2585 1094 2629 ut
1108 2592 1189 2651 super
1207 2570 1275 2631 duos
1328 2572 1416 2653 pulos.
1440 2573 1501 2632 Nou

755 2668 828 2707 enrm
845 2647 911 2708 satis
929 2591 1011 2721 &bet
1025 2652 1192 2726 Servatur,o
1213 2593 1399 2730 lsraedoquod
1417 2651 1452 2709 ad
1475 2665 1501 2711 te

755 2725 875 2807 primurn
890 2728 987 2790 missus
1001 2728 1055 2789 sit:
1074 2732 1142 2788 Il'on
1155 2729 1226 2788 enim
1250 2735 1353 2789 missus
1370 2751 1445 2802 sum,
1459 2729 1501 2789 in·
1511 2739 1597 2785 tratri.
1614 2741 1653 2788 rt.

755 2805 825 2883 quit,
837 2809 879 2866 ad
888 2827 954 2880 οοο,
967 2810 1020 2868 sed
1031 2811 1072 2867 ad
1085 2829 1152 2867 oves
1162 2829 1227 2890 qnae
1236 2813 1387 2889 perierunt
1398 2811 1501 2870 domus
1511 2797 1550 2861 ²l·

755 2888 860 2945 Israe'l.
872 2885 932 2966 Ego
948 2908 1013 2947 vero
1036 2901 1065 2947 ut
1079 2888 1190 2948 catellus
1202 2888 1238 2947 ad
1252 2888 1368 2948 alienam
1381 2910 1501 2948 mensam

755 2964 917 3042 assidebam,
925 2986 988 3025 cum
1000 2967 1119 3027 nondum
1129 2988 1226 3050 panem
1237 2968 1374 3028 comedere
1383 2990 1501 3050 possem,

755 3042 804 3102 sed
825 3045 949 3105 cadentes
970 3047 1054 3106 micas
1079 3048 1212 3124 parasitus
1238 3046 1400 3127 colligerem.
1429 3049 1501 3122 Quia

756 3142 819 3184 vero
829 3137 857 3183 tu
869 3144 967 3184 manna
980 3126 1015 3185 de
1028 3127 1093 3186 calo
1110 3148 1163 3186 non
1176 3127 1338 3205 cognovisti,
1353 3126 1380 3187 in
1395 3150 1439 3187 me
1450 3149 1497 3208 pa·

755 3201 798 3262 nis
807 3225 857 3284 per
867 3202 950 3263 iidem
960 3206 1104 3265 translatus
1115 3220 1164 3281 ast,
1177 3221 1204 3265 et
1215 3206 1288 3265 canis
1301 3207 1361 3266 loco
1373 3205 1447 3267 iilius
1460 3209 1500 3266 ci·

754 3281 850 3361 iectus,
861 3304 953 3344 carnes
968 3283 1087 3344 comedo.
1102 3283 1209 3345 Occidit
1219 3285 1290 3344 euim
1300 3286 1350 3345 lux
1361 3287 1455 3346 mtrndi
1471 3287 1500 3347 in

755 3382 852 3442 magno
867 3384 979 3445 corpore
991 3364 1104 3424 Christi.
1118 3365 1265 3446 Accipite,
1279 3369 1431 3438 comedite,
1444 3369 1596 3432 locarant.
1610 3390 1650 3436 26.

755 3454 797 3503 est
816 3464 919 3524 corpus
937 3464 1042 3504 merem.
1057 3446 1169 3505 Carnes
1182 3458 1281 3507 coctas
1301 3451 1370 3526 igni.
1384 3448 1498 3529 igneum
1508 3446 1547 3493 ²⁶·

754 3521 828 3580 enim
842 3536 881 3582 cst
895 3522 1054 3584 rationabile
1067 3545 1164 3606 corpus
1178 3525 1292 3584 Christi.
1309 3529 1411 3606 Ignem
1427 3531 1499 3586 ceni
1509 3535 1647 3595 [νουσα.

754 3605 869 3662 mittere
880 3606 1041 3678 interram,
1052 3617 1081 3664 et
1093 3606 1166 3687 quid
1179 3607 1250 3664 volo
1268 3610 1294 3666 si
1322 3609 1378 3664 'om
1395 3628 1498 3666 accen-

753 3701 803 3740 sus
816 3686 874 3742 sit?
889 3684 950 3742 Non
962 3684 1073 3754 amdam
1087 3705 1212 3758 carnem3
1226 3698 1255 3743 ut
1266 3629 1380 3744 verbum
1391 3688 1426 3744 sit
1435 3708 1497 3766 ope·

753 3761 856 3820 rationo
867 3762 956 3840 facile,
974 3764 1051 3841 utile,
1063 3763 1227 3844 acceptabile
1244 3789 1251 3821 ε
1266 3785 1317 3822 non
1332 3786 1401 3842 aqua
1422 3786 1495 3824 assa-

55 3863 102 3908 τος·
114 3843 170 3901 οὐδὲ
185 3846 211 3901 ἐν
223 3841 297 3901 itan
308 3842 457 3980 ἡψημένον·
469 3842 512 3902 iva
527 3841 565 3921 μὴ
578 3841 656 3924 ὑγρὸς
671 3834 698 3921 ᾖ,
716 3854 734 3900 Β
754 3853 812 3898 tum
821 3864 829 3914 ;
847 3861 881 3900 ne
900 3840 1062 3918 humidum,
1078 3863 1194 3920 aqueum
1216 3843 1259 3902 vel
1279 3843 1426 3902 resolutum
1448 3845 1493 3903 sit.

55 3920 152 3994 ιτῶδης
170 3920 288 4002 ὁλόγος,
310 3923 364 4001 μηδ
392 3921 570 4072 ἐκλελυμίνος.
586 3921 697 4001 Κεφαλὴ

55 4001 118 4059 ποσί
134 4001 241 4068 καὶτοῖς
253 4000 400 4070 ἔντοσθίοις.
416 4001 479 4081 ’App

754 3920 849 3996 Caput
865 3940 932 3977 cum
940 3923 1062 4010 pedibus
1073 3934 1101 3978 et
1114 3924 1269 3980 intestinis.
1282 3921 1450 4002 Principium
1468 3937 1496 3983 et

519 4000 564 4059 nal
583 3999 697 4078 μεσότης
750 3997 881 4071 medium,
891 3999 968 4076 quasi
982 3999 1119 4059 invisibile
1130 3999 1293 4091 consilinmj
1309 3999 1391 4081 pedes
1402 4015 1431 4059 ut
1445 4001 1496 4061 bo-

55 4104 88 4148 te<
103 4080 200 4159 βουλὴ,
214 4080 292 4150 πόδες
311 4086 347 4148 ὡς
365 4066 513 4164 ἄνθρωπος.
526 4078 635 4160 Κεραλὴ
648 4077 695 4138 σὺν
749 4096 802 4134 mo.
818 4077 906 4157 Caput
925 4099 986 4137 cum
1003 4078 1115 4162 pedibus
1130 4078 1313 4139 etintcstinrs:
1328 4080 1495 4161 principium

75 4160 187 4227 καὶτοῖς
206 4160 353 4227 ἐντοσθίοις.
370 4159 452 4241 Ἀρχὴ
466 4158 512 4220 καί
526 4158 638 4236 μεσότης
650 4158 696 4218 καί
748 4169 773 4213 ct
782 4156 901 4214 medium
912 4170 938 4216 et
951 4158 1014 4217 [inis
1027 4183 1033 4215 :
1047 4159 1137 4217 omnia
1151 4159 1277 4235 continet,
1291 4159 1449 4238 constringit
1468 4175 1495 4220 et

55 4237 120 4298 ἀντα
135 4240 249 4320 συνέχων
261 4240 306 4300 καί
322 4263 372 4299 συσ
393 4239 471 4322 ίγγων
486 4238 531 4297 καὶ
544 4240 694 4317 ουγκολλῶν
749 4235 915 4314 conglutinat
930 4237 956 4296 in
971 4238 1058 4318 seipso
1074 4238 1266 4297 insolubilibus
1279 4239 1415 4312 vinculis,
1430 4262 1494 4300 vere

67 4319 169 4388 ἀλίποις
184 4320 305 4399 δεσμοῖς,
319 4341 457 4425 γενομονος
470 4320 574 4392 ἀληθῶς
587 4317 696 4396 μεσίτης
747 4314 833 4374 iactus
852 4315 985 4377 mediator
998 4318 1049 4377 Dei
1066 4331 1092 4376 et
1101 4317 1251 4377 bominum.
1271 4319 1358 4399 Caput
1370 4340 1432 4377 cum
1446 4341 1493 4400 pe-

69 4397 261 4479 οίνθρώπων.Κ
295 4398 345 4471 αλλ
365 4423 411 4459 ουν
424 4407 479 4466 τοῖς
497 4398 560 4458 ποσί
578 4397 624 4456 καί
641 4406 695 4465 τοῖς
748 4393 829 4454 dibus
843 4408 869 4453 et
882 4394 1024 4456 intestinis.
1040 4396 1209 4470 Altitudine,
1223 4397 1415 4477 profunditate,
1426 4398 1490 4457 lati-

55 4501 71 4543 ς.
82 4476 165 4558 “iper
189 4478 235 4537 καί
249 4483 324 4557 βαθει
344 4478 389 4538 καί
409 4477 505 4540 πλάτει
519 4477 565 4536 καί
580 4479 628 4557 γῆς
641 4500 694 4535 κα-
748 4474 852 4550 tudine,
866 4496 927 4554 quae
941 4491 1003 4535 sunt
1019 4491 1095 4535 terrm
1109 4475 1219 4535 radices.
1234 4478 1325 4558 Caput
1336 4499 1398 4541 cum
1419 4478 1490 4538 redi·

55 4580 119 4616 ,ατσι
136 4560 160 4617 K
194 4556 245 4629 alvi
260 4555 306 4618 obv
322 4567 377 4627 τοῖς
389 4557 453 4618 ποσί
474 4556 519 4616 καί
541 4565 594 4624 τοῖς
618 4559 693 4615 ἐντο-
746 4553 798 4612 bns
813 4567 839 4613 et
856 4554 999 4614 intestinisr
1018 4557 1088 4633 lter,
1108 4556 1232 4630 verbum,
1246 4569 1276 4615 nt
1290 4571 1316 4616 et
1334 4558 1406 4617 consi
1421 4558 1488 4618 ium.

55 4636 124 4715 ίόμος
148 4660 182 4696 κα
219 4635 295 4718 λόγος
317 4640 353 4705 ὡς
377 4637 467 4717 βουλή.
485 4634 533 4704 Ὡς
554 4639 647 4715 ὡραῖοι
669 4640 693 4696 οῖ
750 4635 846 4710 Quam
866 4638 988 4714 speciosi
1004 4638 1092 4715 pedes
1110 4636 1376 4716 evangelizantium
1390 4637 1489 4698 bona!
1500 4646 1638 4709 lsrr.sa.7.

56 4741 69 4775 ν
84 4716 321 4796 εὐαγγελιζομένων
336 4716 370 4775 vd
383 4716 480 4798 ἀγαθοί.
496 4713 606 4776 Ὀστίον
621 4714 649 4776 δὲ
663 4717 693 4776 οὒ
748 4716 787 4772 Os
798 4726 896 4772 autern
908 4735 967 4773 non
979 4719 1180 4775 comminuetis
1187 4738 1224 4775 cx
1235 4738 1291 4786 eo;
1305 4731 1335 4776 ut
1348 4723 1577 4797 cognosca-E-fvd·
1603 4737 1640 4772 ιν.

1499 4786 1537 4845 aa.

55 4918 104 4980 ιοδῳ
116 4921 154 4968 καὶ
166 4937 191 4969 τι.
202 4916 269 4982 conj.
283 4913 414 4986 Servilius]
660 4927 666 4934 ·
731 4920 754 4966 tr
771 4920 832 4966 νυκτὶ
847 4916 912 4966 ib...
932 4920 1037 4967 triferae.
1046 4909 1191 4963 Transierat
1201 4911 1254 4978 jam
1269 4913 1377 4978 scriptor
1394 4910 1427 4962 ad
1447 4911 1488 4979 id,

57 4991 83 5044 il.
97 4993 164 5059 conj.
181 4983 241 5052 ἡνὶθι
252 5003 283 5047 τὰ
293 5003 349 5067 κρέα
360 5002 435 5057 tatio,
449 4991 578 5060 sequentia
595 5009 682 5044 senon
730 4988 800 5059 quod
816 5001 894 5040 noctu
914 4987 1065 5041 dicebantur
1084 4988 1203 5040 Israelita
1221 5006 1313 5056 agnum
1332 4987 1486 5054 comedisse,

55 5070 550 5136 eiatens.Nobisvero‚locoaccuratius
561 5071 679 5124 conside·
728 5071 797 5138 cujus
814 5066 938 5136 allegoria
956 5070 1091 5138 mysticam
1108 5067 1317 5137 significationem
1333 5066 1488 5121 declaratam

55 5150 117 5201 riam
131 5149 286 5202 intercidisse
296 5149 414 5203 videntur
429 5162 488 5218 post
498 5151 633 5218 partipium
646 5175 680 5218 γι-
729 5147 785 5203 vide
795 5161 870 5210 supra
882 5165 907 5215 p.
922 5149 980 5200 263.
991 5148 1023 5200 D.
1038 5144 1054 5197 i.
1069 5147 1106 5210 4,]

55 5232 78 5282 'ur
97 5229 223 5298 corruptis
235 5245 293 5282 vero
305 5225 388 5282 verbis
406 5234 479 5284 ίννυδι
492 5235 590 5309 tortere,
604 5225 680 5280 latete
