3750 5940
384 441 419 489 m
445 439 681 496 νοσιιιιιωιιιι
707 439 856 490 crucum.
1327 425 1392 522 871

61 561 434 647 γντράπσζαν,ούνωκαλι·λν
452 567 505 623 τῶν
520 565 594 644 βρω-
649 561 771 643 junantis
783 560 846 638 lilii,
860 562 1137 656 necsicuteerpentes
1149 567 1228 629 illum
1242 569 1399 653 circumpli-

61 668 82 704 ιν
103 650 121 716 ἡ
141 643 251 718 νηστεία
271 642 523 725 pampineumque
544 642 595 723 γὰρ
653 655 724 701 cant.
736 641 964 732 illioquinautem
975 644 1076 707 letitie
1085 646 1188 708 occasio
1201 662 1241 708 cst
1248 651 1396 730 jejunium.

61 747 92 783 τοι
114 722 210 784 καὶτὸ
230 746 288 783 συνε
310 721 337 790 t<
352 729 400 797 τῆς
417 727 516 804 τρυφῆς
536 724 596 783 δια·
653 723 692 780 Ut
712 742 784 780 emm
804 721 863 782 sitis
888 744 999 784 suavem
1018 739 1096 807 parat
1115 739 1225 807 potum,
1247 743 1274 788 et
1296 731 1397 810 previa

61 828 65 856 ι
81 827 123 865 σοι
133 802 181 878 την
192 746 342 884 μετάληλιν
355 803 461 877 ποιήσει
470 807 597 884 φανῆναι,
652 799 736 860 sames
752 799 861 861 dulcem
885 818 961 883 piaret
978 825 1106 882 mensam,
1118 806 1158 866 sic
1172 808 1307 888 jejunium
1325 810 1398 870 cibo

61 909 76 946 η
654 901 716 970 rum
736 901 814 940 usum
833 881 927 942 letum
939 883 1039 943 reddit.
1057 887 1089 945 ln
1102 886 1224 947 medium
1240 909 1355 968 namque
1370 910 1399 950 se

653 980 681 1018 ιιι
760 979 833 1036 nens,
847 975 873 1021 et
896 963 1051 1024 continuam
1071 966 1239 1048 voluptatem
1260 969 1396 1049 frangens,

653 972 861 1130 άεξάῖίαθιίειιι
883 1042 935 1102 tibi
958 1044 1082 1103 ciborum
1106 1067 1187 1106 usum
1209 1046 1299 1106 reddit
1322 1048 1399 1127 quasi

750 1140 834 1178 inum.

61 1225 89 1261 σι
104 1204 206 1284 σεαυτῷ
217 1201 382 1279 turcopuli
396 1197 597 1261 κατασκευάσαι
653 1138 927 1273 PerligrQuemobrem
946 1201 971 1261 si
989 1202 1106 1263 volueris
1126 1203 1333 1265 desiderabilem
1346 1207 1399 1268 tibi

61 1280 118 1349 ε’ξαι
130 1281 179 1352 τὴν
199 1284 229 1340 ἐκ
242 1286 290 1354 τῆς
302 1279 424 1352 νηστείας
435 1277 596 1357 μεταδολιίν.
652 1284 774 1338 mensam
789 1300 896 1360 parare,
911 1280 982 1340 hanc
997 1303 1032 1342 ex
1041 1283 1145 1364 jejunio
1160 1286 1337 1345 mutationem
1355 1308 1400 1347 ec·

61 1364 111 1442 δρα
123 1366 170 1434 τῆς
186 1385 203 1420 ε
219 1365 287 1440 σφῆς
301 1360 473 1440 παράγεσθαι
484 1358 597 1431 λεληθας
653 1357 720 1436 cipe.
746 1358 792 1416 'l'u
838 1359 892 1419 uod
911 1359 1016 1421 deliciis
1036 1363 1159 1422 ciborum
1181 1365 1262 1423 nimis
1283 1365 1397 1445 haereas,

61 1440 124 1514 ιπλν
137 1465 153 1499 τ
169 1384 246 1521 opis,
260 1440 305 1500 καί
319 1440 370 1499 ὑπὸ
384 1438 535 1520 φιληδονίας
548 1436 597 1512 τὴν
652 1436 797 1517 ignotiore
809 1439 829 1496 ti
851 1439 859 1497 i
874 1437 985 1500 delicias
1005 1442 1154 1502 hebetiores
1173 1444 1297 1520 reddere,
1314 1458 1340 1504 et
1351 1467 1400 1506 vo-

61 1547 74 1581 t,
97 1463 182 1580 Οὐδίν
201 1519 252 1602 γὰρ
265 1518 348 1587 οὕτως
370 1518 541 1596 ἐπιθυμητὸν,
562 1522 598 1586 ὡς
652 1515 1036 1607 luptatisarnorevoluptatem
1045 1521 1222 1602 exstinguere.
1235 1524 1314 1584 Nihil
1326 1524 1399 1584 enim

67 1607 114 1674 τῆς
133 1598 303 1667 ἀπολαύσεως
316 1598 542 1680 εὐκαταφρόνητον
554 1597 598 1678 γί-
652 1608 691 1655 ita
709 1597 829 1677 optab1le
846 1612 897 1675 est,
914 1612 945 1658 ut
966 1621 1000 1659 ne
1015 1623 1051 1660 ex
1072 1602 1220 1683 voluptatis
1241 1603 1326 1664 nimia
1344 1606 1400 1664 lre-

61 1680 158 1740 σπανία
172 1686 189 1752 ἡ
205 1685 312 1753 κτῆσις,
332 1675 559 1759 περισπούδαστος
578 1683 596 1750 ἡ
653 1674 773 1753 quentia,
794 1698 825 1736 ea
841 1677 951 1738 tandem
972 1678 1161 1761 despiciatur:
1176 1704 1292 1762 quorum
1309 1699 1400 1743 autem

61 1785 70 1819 ι
83 1759 129 1820 καί
143 1757 260 1826 δκτίσας
275 1763 346 1837 ἡμᾶς
360 1757 404 1817 διδ
413 1763 461 1831 τῆς
472 1757 542 1817 κατὰ
553 1756 598 1816 τὸν
615 1770 634 1819 Β
758 1755 782 1815 ὀ
795 1756 948 1848 infrequens
962 1773 1011 1838 est,
1028 1781 1123 1820 eorum
1144 1782 1209 1821 usus
1222 1777 1339 1843 optatur.
1352 1764 1400 1826 Sic

61 1836 598 1990 πίίίίιίίάίίιῖίιίίίιίσὶῶλῗὲδί
652 1836 1088 1980 σιῖίῗλωίίῗίώῖἓιῖίίῗ
1102 1844 1400 1982 Ρίιὶῗῗλὶωλῖίέ

61 1943 165 2071 Ιύίίιίτα,
182 1942 408 2098 ίὶαίλῗρήγορσις
427 1939 508 2070 ἡδίωύ
530 1940 599 2074 papii
652 1991 765 2053 decursa
787 1936 864 2054 nogcle
884 1939 1014 2056 laeticiem
1028 1964 1096 2074 esse,
1109 2013 1135 2058 et
1149 2000 1258 2080 vigilias
1274 2016 1336 2083 post
1355 2024 1399 2062 so·

62 2079 148 2159 ὐγίεια
162 2082 330 2160 ποθεινοτερα
352 2077 421 2153 μετὰ
434 2075 482 2148 τὴν
502 2084 597 2154 πεῖραν
652 2093 747 2131 ιιιιιιιιιι
767 2071 913 2149 dulciores,
931 2097 1033 2136 necnon
1053 2078 1234 2138 valetudinem
1256 2082 1399 2161 optabilio

61 2160 101 2219 tat
114 2158 233 2239 τράπεζα
253 2156 338 2217 τοίνυν
354 2152 516 2236 χαριεστέρα
531 2152 599 2233 μετίι
651 2173 710 2211 rem
724 2165 785 2233 post
796 2153 992 2215 contrariorum
1006 2158 1230 2239 experimentum.
1245 2163 1339 2221 Mensa
1349 2161 1400 2221 ita-

61 2237 148 2318 ἠεσίως
176 2236 223 2315 μὲν
244 2235 377 2303 πλουσίοις
400 2234 446 2294 καί
473 2233 598 2314 εὐτραπί-
652 2252 705 2309 que
718 2232 818 2312 gratior
831 2247 892 2314 post
903 2234 1050 2315 jejunium,
1066 2251 1121 2296 tam
1137 2238 1271 2298 divitibus
1287 2253 1313 2298 et
1327 2241 1401 2300 laute

61 2328 105 2385 τοῖς
119 2321 201 2383 λιτοῖς
215 2314 260 2374 καί
275 2313 453 2395 αὐτοσχεδίοις
467 2313 516 2387 τὴν
527 2313 597 2373 δίαι-
653 2311 873 2389 eonvivantibus,
896 2334 980 2404 quam
1003 2317 1166 2398 pauperihus
1186 2332 1213 2377 et
1234 2319 1398 2399 frugalibus.

62 2400 93 2458 τὸ
113 2399 261 2494 ὑπόδειγμα
279 2402 325 2454 τοῦ
346 2393 488 2453 πλουσίου·
500 2395 597 2453 ἐκεῖνον
654 2389 821 2472 Exemplum
832 2390 928 2453 dirius
947 2394 1022 2454 illius
1041 2397 1199 2478 pertimesce
1215 2397 1315 2457 xillum
1330 2399 1400 2460 deli·

61 2479 91 2557 pt
102 2484 119 2550 η
132 2477 175 2536 διὰ
188 2479 244 2554 βισιι
257 2474 352 2555 τρυφή.
366 2475 407 2532 Οὐ
420 2471 471 2552 γὰρ
482 2473 598 2544 ἀδικίαν,
653 2468 701 2561 pite
712 2470 797 2562 liujus
811 2471 875 2531 vite
889 2471 918 2533 in
931 2471 1023 2554 ignem
1036 2477 1218 2557 conjecerunt.
1234 2478 1296 2537 Non
1309 2478 1344 2538 de
1359 2479 1401 2538 in·

63 2581 116 2616 ιτον
128 2554 280 2632 ἐγκληθείς,
301 2553 507 2632 ἀπετηγανίζετο
521 2556 548 2612 ἐν
564 2558 597 2626 τῆ
650 2562 769 2638 justitia,
784 2550 833 2610 sed
848 2552 883 2611 de
899 2573 997 2613 mensae
1017 2555 1086 2614 luxu
1102 2569 1243 2616 accusatus
1254 2557 1282 2616 in
1296 2558 1401 2619 camino

61 2661 111 2696 νου.
130 2635 190 2696 Ἵνα
209 2633 294 2693 τοίνυν
318 2633 455 2710 σάίσωμεν
472 2619 599 2693 ἐκεῖνοτδ
654 2628 726 2707 ignis
745 2631 906 2691 torrebatur.
926 2635 965 2693 Ut
984 2654 1048 2715 ergo
1067 2634 1159 2715 ignem
1190 2636 1270 2695 illum
1298 2639 1400 2697 exstin-

61 2717 102 2775 γα,
118 2716 172 2776 Καὶ
192 2715 221 2775 σύ
235 2713 301 2793 πρὸς
320 2710 355 2771 τὰ
369 2711 499 2790 μελλοντα
520 2709 598 2790 μόνον
654 2727 780 2787 guamus,
792 2731 862 2788 aqua
875 2724 915 2770 est
928 2732 1006 2804 opus.
1022 2715 1116 2792 Neque
1130 2715 1217 2774 solum
1231 2715 1399 2776 adfuturam

61 2796 121 2869 τεία,
133 2795 201 2854 α’λλδ
215 2793 261 2853 καί
275 2794 341 2870 αὐτῇ
356 2792 480 2871 τῇσαρκί
492 2792 598 2858 λυσιτε-
654 2789 739 2846 vitam
764 2789 831 2847 utile
853 2803 892 2850 eet
910 2791 1056 2873 jejunium,
1078 2793 1228 2853 sedetiam
1249 2795 1302 2876 ipsi
1324 2796 1400 2856 carni

61 2909 63 2928 .
80 2879 117 2943 εἰς
130 2874 211 2954 ἄκρον
225 2871 320 2942 εὐεξίαι
332 2870 498 2952 ὑποστροφὰς
509 2869 600 2950 ίχουσι
655 2865 830 2957 utilissimum
842 2882 882 2928 est
896 2891 903 2926 ε
917 2890 980 2929 nam
998 2871 1136 3010 pinguedo
1156 2874 1242 2933 nimia
1259 2875 1401 2936 mutationi

61 2980 82 3026 ρ,
103 2952 263 3026 ὁριζούσης
279 2958 327 3024 ,ἧς
346 2949 463 3030 φύσεως,
475 2949 521 3009 καί
537 2954 599 3010 ἀνα.
655 2959 681 3005 et
693 2946 844 3007 mlirmitati
853 2949 970 3009 obnoxia
983 2964 1032 3029 est,
1065 2967 1400 3034 umnatoraaggravatur,

77 3039 124 3106 τῆς
145 3033 243 3103 εὐεξίας
257 3027 444 3101 ἀδυνατούσης.
457 3027 531 3109 Ὅρα
544 3021 599 3103 οὐν,
617 3048 636 3097 c
655 3046 704 3085 nec
724 3039 830 3086 tantum
847 3029 955 3109 pondus
974 3030 1042 3090 seme
1064 3032 1146 3092 valet.
1166 3034 1238 3093 Cave
1257 3034 1352 3113 igitur,
1368 3056 1402 3094 ne

61 3114 104 3173 ,τὸ
115 3114 195 3251 γδωρ,
208 3108 425 3210 θπερσνρανίδος
437 3109 599 3191 ἐπιθυμήσῃ,
656 3104 705 3196 qui
715 3127 814 3184 aquam
830 3128 903 3200 nune
914 3110 1031 3200 respuis,
1041 3111 1143 3171 stillam
1158 3112 1284 3204 deinceps
1301 3134 1400 3174 concu-

61 3217 88 3260 ς.
104 3193 175 3253 otte
188 3216 200 3259 ς
214 3192 408 3330 ίαραιπαλησεν
422 3190 475 3248 ἀπὸ
489 3187 599 3258 ύδατσς·
655 3205 760 3323 piscat,
773 3201 804 3246 ut
823 3186 901 3248 dives
915 3189 972 3249 ille.
989 3191 1075 3250 Nemo
1086 3212 1121 3251 ex
1133 3214 1205 3272 aqua
1218 3213 1247 3252 ιιι
1261 3194 1401 3274 crapulam

61 3272 180 3345 ὐδονήθη
194 3295 245 3331 παι
272 3269 348 3329 ύδατι
363 3271 538 3349 βαρυνθεῖσα·
553 3271 599 3329 οὐ·
675 3264 767 3325 ellexrt
775 3289 784 3344 ρ
800 3267 903 3327 nullius
914 3283 995 3350 eaput
1006 3291 1076 3349 aqua
1087 3287 1230 3351 gravatum
1239 3274 1398 3352 egrotavit3

61 3353 134 3411 εσδῶν
151 3353 243 3424 ἐδεήθη
260 3346 403 3432 ὑδροποσίᾳ
415 3351 513 3416 συζῶν·
528 3350 600 3410 οὐδε·
656 3364 734 3403 nemo
747 3367 844 3425 aquam
858 3360 956 3429 potans
971 3349 1067 3409 alienis
1077 3372 1146 3432 opus
1157 3352 1253 3412 habuit
1268 3351 1400 3434 pedibus3

61 3456 63 3463 ’
79 3431 224 3512 ρειώθηοαν
240 3429 316 3488 ὕδατι
337 3427 541 3507 καταρδόμενοιι.
559 3429 599 3490 'lb
656 3423 759 3484 nullius
768 3427 861 3516 pedeS,
876 3427 980 3488 nullius
993 3450 1106 3506 manus,
1120 3453 1189 3511 aqua
1205 3431 1344 3512 irrigante,
1357 3433 1402 3493 vel

61 3454 108 3592 bo
127 3508 284 3588 πλημμελὲς
302 3515 355 3576 τοῖς
366 3511 497 3589 τρυφῶσιν
512 3510 597 3590 ἀναγ-
655 3504 775 3584 colligati
786 3508 829 3565 rel
840 3505 975 3568 debilitati
988 3523 1059 3569 sunt.
1072 3512 1144 3570 Nam
1156 3525 1345 3571 comessatores
1355 3533 1401 3571 ne-

67 3615 73 3627 ·
87 3597 165 3651 τοῦτο
177 3591 211 3649 τδι
223 3586 324 3669 σφοδρά
337 3586 475 3665 νοσήματα
484 3595 538 3655 τοῖς
548 3589 599 3648 σύν-
655 3585 769 3644 cessorio
782 3585 810 3645 in
820 3588 943 3647 ciborum
952 3588 1106 3650 decoctione
1119 3592 1242 3651 laborant
1255 3615 1262 3648 ι
1276 3592 1329 3650 ίιοσ
1340 3591 1401 3651 vio-

61 3693 92 3730 ιιι.
103 3669 333 3743 Τοῦνηστεύοντος
345 3667 440 3744 σεμνὸν
450 3664 598 3746 τδχρῶμσ,
654 3663 740 3724 lentos
760 3666 918 3747 corporibus
935 3669 1044 3729 morbos
1063 3671 1145 3760 parit.
1160 3670 1251 3752 Jejuni
1267 3671 1340 3731 color
1352 3672 1402 3730 ho·

64 3749 166 3815 ἀναιδὲς
180 3750 312 3820 ίξαυθούν,
326 3749 383 3807 ἀλλ’
397 3744 532 3826 ὠχράεητι
543 3747 597 3808 σοί·
653 3756 745 3804 uestus
757 3760 808 3823 cst,
823 3768 876 3806 non
890 3747 988 3807 rubore
1002 3749 1098 3825 nimio,
1117 3750 1165 3809 sed
1178 3751 1282 3831 pallore
1299 3765 1400 3830 tempe·

61 3829 127 3890 ξνσν·
146 3827 280 3909 ὀφθαλμὸς
298 3825 400 3910 πραύς,
414 3827 598 3907 κατεσταλμί-
653 3836 711 3882 rato
725 3832 835 3885 ornatus
849 3850 856 3883 ε
871 3828 966 3887 oculus
982 3829 1041 3907 ejus
1059 3829 1146 3904 mitis,
1161 3829 1280 3888 incessus
1295 3829 1400 3908 gravis,

62 3909 180 3992 ριίοωπον
202 3908 319 3978 σύννουν,
340 3905 480 3986 ἀκολάστῳ
502 3906 598 3987 γίλωτι
653 3903 746 3962 vultus
767 3904 917 3982 modestus,
937 3906 1114 3987 incomposito
1133 3908 1189 3967 risu
1209 3929 1262 3967 non
1283 3907 1400 3967 dehone-

61 3988 263 4069 ιον,συμμετρία
273 3985 304 4045 λά
322 4009 368 4057 ων,
375 3991 444 4044 καθα
470 3986 476 4002 ’
512 4009 598 4067 ςκαρ·
654 3995 749 4057 status,
763 4003 850 4043 sermo
869 3985 1050 4066 compositus,
1064 4007 1110 4045 eor
1125 4008 1233 4067 purum.
1248 3988 1401 4048 Recordare

61 4068 304 4148 τῗινάπάίῶνοςάγ
338 4054 421 4135 ofili
430 4007 517 4138 offic
528 4067 598 4136 ἄξιος
616 4088 635 4133 [ν
654 4063 863 4143 sanctorumqui
876 4085 892 4122 a
905 4065 1002 4124 saeculo
1011 4066 1094 4142 suere,
1107 4068 1218 4145 Quibus
1227 4067 1332 4147 dignus
1341 4090 1400 4127 non
1411 4091 1480 4136 titur.
1514 4104 1551 4138 η,

61 4150 157 4220 ιιῆλθον
172 4150 198 4206 ἐν
211 4150 362 4225 μηλωταῖς,
375 4149 402 4204 ἐν
416 4145 523 4222 αἰγείοις
537 4146 597 4229 δίρ-
654 4145 859 4216 eratmundus,
874 4144 919 4223 qui
931 4147 1095 4205 circuibant
1106 4151 1137 4204 ιἰι
1145 4147 1258 4205 melotis
1265 4160 1294 4205 et
1301 4151 1333 4205 in
1337 4150 1400 4228 pel·
1409 4151 1449 4218 37·

61 4251 150 4297 αενοι,
180 4226 346 4305 θλιύόμενοι,
369 4224 597 4304 κακουχούμενοι·
654 4223 730 4282 libus
738 4228 878 4302 caprinis,
887 4228 1061 4305 angustiati,
1073 4224 1311 4310 afflictirillot'um
1318 4248 1401 4286 aemu·

61 4306 121 4380 ,τλν
136 4306 313 4387 ἀναστροφὴν,
326 4303 400 4385 είπερ
415 4308 500 4378 ζητεῖς
513 4307 597 4367 αὐτῶν
653 4301 710 4362 lere
731 4302 828 4379 vitam,
848 4305 872 4362 si
895 4318 994 4363 sortem
1012 4304 1088 4363 illam
1107 4304 1232 4383 requiris.
1249 4305 1323 4377 Quid
1343 4308 1399 4367 La-

61 4387 101 4446 τὸν
115 4386 234 4467 Λάζαρον
247 4384 412 4444 ἐπανίπαυσε
424 4394 477 4451 τοῖς
491 4384 599 4456 κάλποις
654 4402 746 4442 aarum
766 4383 854 4442 effecit
875 4383 903 4442 in
920 4383 982 4443 sinu
1005 4383 1119 4444 Abrahae
1136 4384 1293 4463 quiescere?
1312 4407 1401 4447 annon

61 4490 78 4545 γ
90 4464 241 4538 ἡνηστεία;
255 4465 376 4524 Ἰωάννου
391 4460 419 4522 δὲ
433 4468 447 4523 θ
458 4463 517 4564 μίας
529 4465 600 4535 άπας
651 4462 809 4542 jejunium?
820 4462 933 4524 Joannie
945 4484 1010 4523 vero
1023 4463 1081 4522 vita
1095 4478 1150 4523 tota
1166 4465 1300 4544 jejunium
1317 4481 1375 4530 crat
1392 4492 1399 4524 ι

61 4534 106 4612 ι’δς
121 4548 150 4605 οὐ
167 4545 259 4616 κλίνην
278 4535 359 4624 εἶχεν,
372 4545 400 4603 σί
416 4548 557 4624 τραπεζαν,
571 4549 600 4605 οὐ
654 4541 702 4619 qui
715 4562 768 4601 non
781 4541 882 4601 lectum
900 4541 1009 4618 babuit,
1021 4563 1074 4601 non
1094 4565 1222 4621 mensam,
1234 4566 1287 4604 non
1302 4561 1400 4606 terram

61 4627 89 4683 ἰκ
110 4631 228 4705 ἀροτῆρα
248 4626 319 4702 βοῦν,
336 4625 366 4682 οὐ
381 4631 462 4696 σῖτον,
477 4625 506 4681 οὐ
526 4647 599 4684 οιτο-
653 4621 801 4697 arabilem,
817 4642 870 4680 non
889 4621 989 4682 bovem
1013 4623 1192 4762 subjugalem,
1212 4645 1265 4684 non
1282 4626 1401 4685 lrumen-

61 4727 87 4762 τι
101 4708 153 4762 τῶν
166 4704 234 4763 κατὰ
251 4704 295 4762 τὸν
309 4703 376 4782 βίον.
390 4701 442 4761 Ait
453 4709 530 4763 τοῦτο
543 4704 599 4781 μεί-
654 4713 722 4777 tum,
738 4722 790 4760 non
805 4716 950 4783 pastorem,
963 4723 1014 4761 non
1034 4702 1089 4761 alru
1127 4703 1270 4785 quidpiam
1286 4707 1321 4765 ad
1337 4707 1400 4765 vite
1462 4768 1467 4776 ,

67 4787 198 4862 γυναικῶν
212 4784 259 4843 οὐκ
271 4783 341 4841 ἔστιν
356 4781 479 4841 Ἰωάννου
494 4791 540 4844 τοῦ
551 4786 600 4862 βα·
655 4803 743 4840 usum.
759 4781 823 4841 ldeo
837 4782 906 4840 inter
927 4794 1003 4841 natos
1022 4781 1167 4843 mulierum
1182 4806 1233 4844 non
1249 4785 1300 4846 suit
1314 4787 1401 4866 major
1410 4808 1495 4853 prasii,
1515 4819 1552 4853 μ,

61 4888 71 4921 ν
90 4863 117 4924 δὲ
137 4862 204 4940 μετδι
223 4865 275 4922 τῶν
286 4862 374 4921 ἄλλοιν
385 4861 598 4936 καὶήνηοτεία,
654 4864 758 4924 Joaone
779 4860 910 4942 baptista.
932 4861 1048 4920 Paulum
1069 4883 1134 4922 vero
1152 4864 1304 4944 jejunium,
1327 4865 1402 4943 quod
1414 4883 1451 4915 ¹³-

61 4948 104 5015 τῆς
119 4944 231 5023 θλίψεως
250 4942 421 5021 καυχήμασιν
442 4943 599 5022 ἀπηριθμή-
654 4941 725 5000 inter
735 4941 802 5000 alias
815 4961 949 5009 erumnas
963 4942 1174 5008 numerabat,ad
1185 4945 1294 5004 tertium
1306 4946 1400 5003 eaelum

62 5022 115 5081 ίτον
130 5024 260 5101 ἀνήγαγεν
275 5021 393 5103 οὐρανόν.
410 5021 599 5102 Κεφάλαισνδί
654 5020 778 5104 deduxit.
798 5020 834 5079 Et
846 5018 921 5100 quod
933 5021 969 5080 ad
988 5041 1070 5103 supra
1090 5023 1163 5082 dicta
1181 5039 1262 5104 caput
1278 5023 1400 5097 additur,

61 5102 234 5183 νις,θίίύριος
244 5105 321 5179 ἡμῶν
330 5101 438 5180 νηστείᾳ
447 5101 495 5173 τὴν
503 5103 599 5182 σάρκα,
656 5101 790 5161 Dominus
807 5114 895 5160 noster
910 5122 1027 5174 earnem,
1081 5123 1126 5161 am
1138 5124 1189 5184 pro
1202 5103 1279 5162 nobis
1296 5125 1401 5162 assum·

60 5180 191 5253 θνέλαύεν,
211 5180 364 5262 ὀχυρώσας,
385 5179 466 5247 οὐτως
486 5184 514 5241 ἐν
531 5185 599 5262 αὐτῇ
655 5195 733 5258 serat,
741 5179 845 5261 jejunio
863 5181 986 5261 firmans,
1001 5181 1028 5241 in
1045 5183 1052 5240 i
1066 5183 1092 5242 la
1108 5181 1211 5243 diaboli
1226 5183 1343 5274 impetus
1355 5204 1402 5242 cx-

61 5284 70 5328 ς
83 5259 231 5342 προσύσλδις
245 5260 396 5340 ὑπεδέξατο,
411 5265 483 5340 ἡμᾶς
496 5283 525 5322 τε
534 5283 600 5322 παι·
655 5260 736 5341 cepit,
748 5274 778 5320 ut
792 5259 1321 5346 nosdoccret,quomodopcrjejuu1um
1336 5262 1403 5342 ungi
