3750 5940
424 431 457 479 m
486 430 751 498 stuanr'rruau,
778 431 856 479 uro.
1349 405 1423 481 685

53 543 126 627 ιῖπε,
139 554 224 626 δεῦτε,
253 552 346 614 λόπιτι
355 553 425 615 Θεὸν
435 557 462 615 ἓν
472 553 627 635 ἀνθρώποις,
701 573 870 636 uerumque
881 553 942 634 soei
957 573 967 608 .-
983 552 1125 634 uumquid
1137 556 1197 634 ipse
1214 563 1258 613 est
1268 554 1422 616 Christus?

53 631 179 717 νθρώποις
242 656 367 715 ηπαραρ
399 642 461 708 νεῖν,
475 633 519 694 ἴνα
556 634 627 708 ὴεῖ-
681 576 797 705 l'enr'te,
821 634 921 692 videte
941 633 1097 692 hominem.
1117 633 1179 693 Non
1200 630 1272 692 dixit
1285 657 1293 692 ε
1307 633 1421 710 Venite,

53 736 105 786 τοι,
127 712 341 790 admiralium.
391 715 434 772 ότε
447 713 498 797 γὰρ
513 659 567 774 elit
586 739 628 782 τις
680 714 779 772 cernite
788 714 876 771 Deum
887 711 1088 771 interhominet
1102 733 1110 768 z
1124 731 1158 770 ne
1171 710 1327 772 bominibus
1344 713 1421 774 tide·

53 799 152 864 ,οῦντες
170 791 234 852 πότε
249 817 288 859 τις
301 784 353 851 εἴὸε
366 793 434 853 Θεὸν
440 794 506 898 μετ’
525 793 627 877 ἀνθρώ·
679 806 754 852 retur
766 791 883 852 delirare
892 814 900 849 ε
909 811 943 851 ne
955 790 1076 851 dicerent
1083 790 1224 869 homines,
1236 791 1302 850 Huc
1312 791 1421 852 insanit.

53 873 216 956 τρεφόμενον;
230 874 327 946 Δεῦτε,
345 872 413 931 ἴδετε
435 878 581 953 ανθρωπον,
599 873 627 941 ὃς
680 871 797 946 Quando
823 871 896 932 enim
920 871 993 932 vidit
1019 871 1080 950 quis
1105 873 1194 930 Deum
1218 871 1421 932 ambulantem?

53 975 89 1021 α,
103 951 153 1009 ὅσα
166 950 288 1024 ἐποίησα.
308 951 438 1032 Διεγεῖρει
454 952 548 1021 αὐτοὺς
562 954 627 1035 πρὸς
679 950 789 1030 quando
803 951 875 1012 vidit
889 950 950 1030 quis
961 953 1052 1010 Deum
1062 971 1125 1010 cum
1137 950 1294 1010 bominibus
1309 971 1421 1012 conver-

53 1033 132 1102 λθεῖν,
146 1030 192 1090 καῖ
206 1036 238 1102 θη
256 1034 378 1101 τυθῆναι·
394 1036 431 1099 ὡς
444 1033 625 1111 άσαγηνεάθη,
679 1030 755 1090 sari?
769 1034 872 1090 Venite
875 1076 885 1104 ,
900 1032 1000 1090 videte
1014 1032 1176 1106 bominem,
1192 1034 1243 1112 qui
1257 1031 1334 1089 dixit
1348 1034 1423 1091 mibi

53 1056 261 1178 rb’lurdulooeb
273 1108 370 1191 Κύριον
378 1112 539 1192 προέκοπτεν
550 1113 627 1187 αὐτὴ,
680 1113 794 1184 omnia,
819 1129 1007 1191 quaecumque
1014 1113 1092 1193 secl.
1108 1109 1219 1169 Excitat
1233 1130 1277 1169 eos
1294 1109 1332 1169 ad
1345 1112 1421 1192 cupi-

52 1192 113 1257 ιεῖς
127 1190 196 1250 Θεὸν
210 1198 378 1271 χειραγωγεῖ.
391 1188 431 1250 'ss
448 1189 547 1271 πόρνης
561 1194 627 1252 ἀπο-
644 1202 663 1250 E
680 1187 792 1248 ditatam
802 1203 833 1248 ut
841 1189 1047 1269 egrederentur,
1060 1202 1087 1248 et
1096 1202 1194 1248 venatu
1204 1202 1361 1270 caperentur
1372 1213 1380 1248 ε
1390 1204 1423 1250 ut

53 1270 116 1351 όρνη
126 1269 215 1349 γέγονε
223 1274 277 1328 τῶν
286 1268 439 1329 ἀποστόλων
450 1270 626 1352 δυνατωτόρα.
679 1268 782 1327 retibus
805 1282 883 1349 capta
896 1282 953 1346 est,
978 1269 1016 1329 ita
1034 1268 1101 1328 retia
1118 1268 1251 1328 tenditra
1271 1267 1367 1331 Judaeo
1384 1270 1422 1330 ad

53 1351 115 1407 ,υλοι
136 1349 205 1425 μετὸ
228 1349 259 1409 τὸ
281 1351 454 1430 πληρωθῆναι
471 1359 559 1410 πᾶσαν
577 1351 625 1424 τὸν
679 1346 828 1406 Dominum
846 1369 897 1429 pro
970 1369 1017 1407 um
1036 1347 1099 1406 fecit
1118 1347 1185 1423 ista5
1205 1348 1241 1407 ab
1257 1346 1366 1409 bomine
1384 1351 1421 1412 ad

53 1428 91 1487 ότε
112 1432 165 1487 τῶν
189 1430 372 1488 ἀποστολικῶν
389 1428 502 1509 ἤρξαντο
521 1427 625 1511 Ι’κηρυ-
679 1428 768 1486 Deum
788 1447 869 1486 manu
915 1428 1019 1488 neit.0
1039 1427 1207 1486 meretricem
1226 1429 1419 1508 apostolicam!

65 1507 149 1588 πόρνη
164 1507 209 1567 καὶ
222 1508 275 1588 πρὸ
290 1515 336 1568 τοῦ
349 1509 448 1575 πάθους
463 1508 508 1567 καλ
521 1512 569 1580 τῆς
583 1513 625 1570 οἴ·
679 1506 811 1566 Meretrix
821 1505 947 1587 apostolia
959 1506 1094 1587 potentior
1102 1505 1196 1566 evasit.
1206 1506 1346 1585 Siquidem
1355 1529 1421 1590 apo-

53 1590 100 1658 τῆς
114 1587 282 1654 ἀναστάσεως
300 1587 384 1646 τὸνΧ
404 1587 474 1647 ιστὸν
489 1588 623 1692 coappell-
679 1585 760 1662 stoli,
833 1607 913 1664 quam
927 1585 1014 1645 omnis
1032 1585 1143 1645 Domini
1164 1586 1328 1666 dispensatio
1346 1609 1421 1647 oom-

53 1707 58 1734 ‚
77 1667 145 1725 ἴδετε
168 1666 313 1747 ἄνθρωπον,
335 1666 363 1734 ὃς
382 1612 440 1726 rint
463 1690 509 1746 μοι
522 1691 626 1742 ταντα,
679 1665 750 1745 pleta
761 1599 892 1743 θιάῖἴῖλυαι
900 1662 1010 1725 demum
1021 1665 1194 1747 apostolicam
1202 1665 1422 1746 pradicationem

74 1744 228 1818 Στηλιτεόω
243 1745 278 1805 τὸ
297 1746 350 1823 όμὸ
371 1746 567 1828 ἁμαρτήματα,
583 1747 626 1807 ἴνα
678 1745 798 1825 aggressi
822 1758 886 1804 sunt
899 1768 906 1802 ε
917 1759 946 1804 at
959 1746 1086 1805 meretrix
1099 1745 1182 1805 etiam
1193 1758 1254 1804 ante
1270 1747 1421 1826 passionem

53 1825 146 1903 πρόσω·
165 1823 208 1883 ἴνα
228 1829 303 1903 ὑμεῖς
319 1825 392 1895 ἴδητε
405 1826 474 1886 Θεὸν
494 1826 559 1910 πρὸς
577 1832 626 1887 ἄν·
680 1836 706 1882 et
727 1824 771 1883 dis
853 1824 953 1884 tionem
973 1838 1001 1884 et
1022 1824 1256 1902 resurrectionem,
1281 1825 1422 1906 Qhristum
1463 1893 1464 1897 Ἰ

53 1904 389 1982 εγενόμενον,ἔκπομπεόω
413 1929 463 1983 μου
481 1905 515 1965 τὸ
537 1907 626 1966 κακά·
679 1903 854 1983 evangelzat.
868 1906 1335 1986 Venite,videtebominem,qui
1345 1907 1423 1966 dixit

53 1983 120 2042 latu
145 1983 260 2063 Χριστὸς
278 1990 292 2044 ὸ
311 1983 370 2051 τοῦς
394 1982 566 2064 ἁμαρτωλοὺς
587 1985 624 2064 μὴ
640 2020 664 2060 ω
681 1985 754 2041 milri
776 1987 893 2055 omnia,
920 2004 1109 2065 quercumque
1127 1985 1204 2068 secl.
1229 1987 1291 2044 Mea
1313 2000 1422 2065 peecata

53 2087 67 2129 ς.
88 2065 183 2137 Δεῦτε,
197 2062 266 2123 ἴδετε
287 2063 433 2146 ἄνθρωπον,
454 2063 481 2130 ὸς
499 2056 558 2124 εἶπά
580 2088 625 2144 μοι
643 2079 663 2122 Λ
679 2060 811 2142 divulgo,
821 2075 852 2123 ut
866 2083 914 2123 voa
924 2083 1005 2123 manu
1016 2063 1116 2123 duram
1130 2086 1137 2120 τ
1149 2076 1180 2122 ut
1192 2084 1242 2125 vos
1254 2065 1360 2138 Deum,
1374 2064 1423 2145 qui

53 2141 175 2212 ἐποίησα·
202 2143 266 2220 μήτε
289 2134 364 2210 οῦτός
384 2148 454 2205 ἔστιν
469 2149 483 2203 ὸ
496 2145 625 2226 Χριστός,
681 2139 716 2199 ad
735 2141 857 2202 homines
869 2142 960 2220 venit,
974 2142 1100 2221 oematis,
1115 2143 1186 2202 mala
1205 2163 1264 2202 mea
1281 2143 1391 2225 publico
1413 2167 1421 2200 ε

53 2221 625 2373 tttt‘tllit‘t'ttftlttltt
681 2219 805 2361 culli?
817 2221 1424 2362 llffill'tlmm‘ismillimili}

53 2379 115 2452 ιεῖνη
127 2385 223 2459 ἀφεῖσα
232 2369 280 2452 τὸν
293 2326 394 2463 ὑδρρίαν,
404 2329 517 2464 ἴὸιριαμεν
530 2386 567 2451 εἴς
577 2330 627 2456 τλά
682 2347 799 2453 omnia:
821 2401 1010 2463 quecumque
1023 2383 1091 2463 secl
1105 2324 1273 2463 e'mlmquid
1292 2385 1304 2439 ἰ
1322 2402 1354 2441 se
1380 2394 1424 2442 est

53 2482 88 2517 ια·
109 2462 208 2533 Δεῦτε,
222 2460 290 2519 ἴδετε
305 2461 450 2541 ἄνθρωπον,
465 2463 492 2530 ὃς
506 2453 563 2522 εἶπέ
581 2486 627 2541 μοι
683 2460 836 2519 Christro?
850 2459 924 2522 Vide
940 2460 1061 2520 mulieris
1074 2459 1249 2542 sapientiam3
1262 2403 1328 2520 vide
1339 2482 1424 2520 mere-

53 2538 156 2609 ποῖησα.
171 2538 303 2620 Κηρόττει
315 2541 360 2600 τὸν
375 2540 463 2601 εἰδότα
473 2541 507 2599 τὸ
520 2541 625 2615 πάντα,
681 2539 757 2598 tricis
765 2538 936 2619 probitatem.
950 2541 1043 2600 Unum
1053 2539 1078 2598 ei
1086 2551 1192 2601 tantum
1201 2539 1274 2599 dixit
1285 2541 1423 2600 sonnatio·

56 2617 210 2677 ἀποστόλων
222 2619 388 2701 ἰσχυρότεραρ
400 2622 458 2680 Ota
469 2612 535 2680 εἴδεν
548 2621 626 2681 αὐτὸν
682 2617 724 2677 nis
744 2633 885 2710 peccatum
897 2619 1034 2695 Christus,
1048 2632 1074 2678 et
1087 2617 1135 2677 illa
1148 2619 1242 2680 relicta
1256 2620 1357 2701 hydria
1371 2641 1422 2679 cu-

53 2696 243 2777 ιέγειρόμενον,
259 2701 306 2758 οὐκ
317 2692 369 2759 εἶδε
379 2723 459 2781 τετρα
469 2700 559 2780 ’μερον
573 2702 629 2760 Λά-
682 2711 767 2757 currat
782 2698 819 2757 ad
834 2699 945 2773 urbem,
958 2697 1068 2758 dicens:
1085 2701 1201 2774 Venite,
1218 2701 1319 2760 videte
1331 2703 1424 2759 laomi-

53 2777 133 2914 τάρρμ
149 2778 432 2930 ἀθνριλκαλοάμενον,ήούκ
450 2779 627 2919 ειδελθάνατρν
682 2779 1011 2916 μζᾶἰρριρίομὲμίιυμιέώὶ
1023 2781 1141 2916 {Zmil}
1158 2783 1422 2917 ιριιρείσιιμιμιεσεζσρί.

53 2864 626 3019 barattis:tiltssttttsstat
681 2878 1424 3026 ...aa..adaptat..itattz‘ttttt

53 3016 336 3096 iqlaprouppluermlri
346 3021 626 3097 τροσαναπληροῦντα,
682 3014 843 3090 excitatum,
865 3035 918 3075 non
936 3015 1006 3075 vidit
1021 3017 1154 3074 Lazarum
1176 3017 1387 3095 quatriduanum
1408 3039 1423 3076 e

53 3096 171 3177 ιραδείσιρ
188 3096 307 3175 κεραμέα
322 3074 365 3155 διὸ
376 3097 420 3154 τὸν
434 3097 511 3177 λόγον
525 3103 626 3170 ἀνακη-
682 3108 856 3154 monumento
868 3107 1024 3166 evocatum,
1036 3115 1089 3153 non
1104 3093 1175 3155 vidit
1186 3109 1299 3156 mortem
1314 3098 1423 3157 conclu-

74 3177 171 3248 Δεῦτε,
195 3176 264 3234 ἴδετε
288 3177 436 3259 ἄνθρωπον,
450 3177 478 3243 ὃς
498 3168 556 3237 alul
580 3200 627 3256 μοι
680 3193 750 3250 sam,
779 3194 833 3233 non
854 3173 925 3236 vidit
940 3195 1014 3233 mare
1035 3174 1119 3235 verbo
1133 3174 1285 3252 frenatum,
1306 3197 1359 3237 non
1377 3177 1422 3237 vi-

53 3253 173 3326 ἴποῖησα.
184 3253 235 3314 Ἐκ
246 3253 273 3314 δὲ
287 3261 335 3327 τῆς
345 3256 446 3323 πόλεως
460 3256 562 3327 ἐκείνης
572 3260 625 3315 τῶν
681 3251 724 3312 dit
743 3273 825 3326 eum,
836 3252 885 3333 qui
906 3253 994 3314 Adam
1005 3253 1178 3330 formaverat,
1191 3255 1334 3315 creationis
1351 3255 1424 3316 dese·

53 3334 138 3392 τολλοῖ
151 3335 309 3393 ἐπίστευσαν
324 3339 360 3402 εἰς
374 3335 451 3394 αὐτὸν
465 3333 508 3394 διὸ
521 3336 566 3395 τὸν
579 3335 624 3394 λό-
643 3343 661 3390 Β
681 3346 755 3392 etum
775 3332 802 3391 in
823 3353 894 3392 caeoo
909 3331 968 3393 luto
980 3332 1184 3414 adimplentem,
1199 3347 1225 3393 et
1239 3334 1319 3394 illum
1332 3335 1360 3395 in
1374 3357 1425 3418 pa·

53 3413 102 3478 υιὸς
119 3413 317 3493 μαρτυρούσης,
338 3415 378 3474 ότι
393 3405 451 3474 εἴπό
465 3438 510 3491 μοι
523 3416 625 3490 πάντα,
681 3411 771 3472 radiso
783 3412 912 3493 Figulum
921 3433 1042 3473 sermone
1055 3412 1230 3494 predicabat.
1247 3417 1363 3490 Venite,
1375 3420 1423 3474 oi·

54 3493 264 3570 ΙΜιμησυίμεθα
275 3493 324 3565 τὴν
337 3503 449 3573 γυναῖκα
464 3495 563 3566 ταύτην
576 3494 625 3568 τὸν
680 3493 746 3552 dete
755 3493 902 3553 hominem
909 3536 920 3570 ,
931 3497 982 3574 qui
990 3494 1066 3551 dixit
1076 3495 1150 3552 mihi
1157 3497 1269 3568 omnia,
1280 3516 1424 3576 quaecumr

53 3570 77 3629 ul
89 3576 181 3670 ἡμεῖς,
199 3572 245 3631 καλ
258 3573 302 3631 ἐπὶ
315 3581 369 3641 τοῖς
383 3574 487 3641 οἰκείοις
501 3574 623 3655 ἁμαρτή-
681 3575 816 3655 queseci.
832 3575 882 3632 Ex
895 3575 1015 3632 civitate
1031 3585 1130 3632 autem
1143 3573 1199 3632 illa
1218 3574 1421 3635 Samaritano·
1434 3592 1495 3640 tota.
1505 3595 1575 3657 πῦρ.

53 3657 204 3730 ρυνωμεθα,
228 3651 297 3711 ἀλλὰ
314 3652 458 3733 ροῦώμεθα
480 3652 525 3711 τὸν
546 3653 624 3714 Θεόν.
681 3671 747 3711 rum
760 3653 847 3711 multi
855 3652 1041 3712 erediderunt
1052 3655 1083 3711 in
1096 3674 1162 3713 eum
1173 3667 1291 3734 propter
1302 3659 1424 3715 verbum

53 3730 188 3810 ντῖονὸρῶ
204 3730 354 3810 γινόμενον·
367 3732 412 3790 τὸν
426 3732 474 3811 μὲν
490 3732 541 3813 γὰρ
557 3732 623 3811 με’λ-
682 3732 813 3791 mulieris
834 3734 1033 3791 testimonium
1050 3734 1243 3812 perhibentis,
1261 3735 1337 3812 Quia
1349 3736 1425 3794 dixit

54 3814 125 3888 ἡμᾶς
139 3812 168 3870 οὔ
183 3810 347 3913 δεδοίκαμεν,
357 3810 417 3878 τοῦς
428 3812 456 3871 δὲ
468 3811 540 3871 οὐδὲν
554 3819 626 3890 ἡμᾶς
682 3812 756 3870 nuta·
768 3814 884 3883 omnia,
897 3830 1089 3894 quecumque
1098 3814 1173 3894 seet'.
1186 3811 1327 3871 Imitemur
1339 3827 1365 3873 et
1376 3835 1424 3874 nos

53 3889 228 3958 ιας,τοάτους
249 3913 401 3971 φριττομιιν,
422 3891 537 3964 καὶτὸν
560 3897 624 3976 παρ’
681 3889 752 3949 banc
765 3889 906 3949 mulierem
920 3890 1133 3968 samaritanam,
1146 3903 1173 3949 et
1186 3890 1350 3972 obpropria
1410 3927 1424 3940 ·

53 3992 84 4038 ην
99 3968 267 4047 δεδοίκαμεν·
280 3969 447 4030 διὸτοῦτοέν
460 3962 498 4038 οἷς
512 3971 627 4031 δεδοῖκα-
682 3983 805 4028 eatamu
818 3968 1079 4045 erubescentiusad
1096 3970 1347 4032 Deumtimeamus.
1378 3993 1424 4033 am

53 4071 104 4107 των
127 4048 250 4126 διδόαμεν
274 4048 326 4130 τὸν
348 4051 487 4131 τιμωρίαν.
515 4050 549 4111 Ὁ
575 4051 626 4131 γὰρ
683 4070 748 4109 vero
759 4048 925 4108 eontrarium
936 4048 996 4108 lieri
1006 4048 1177 4108 videornam
1189 4050 1370 4130 eum,qui·nos
1376 4052 1424 4134 ju-

53 4150 79 4194 ος
104 4128 233 4210 ἀνθρώπῳ
256 4130 427 4209 ἀποκαλύψαι
449 4130 482 4189 τὸ
506 4132 562 4208 ἅμα
606 4130 627 4175 ’-
683 4127 823 4188 dicaturus
836 4142 895 4200 est,
909 4148 963 4187 non
977 4127 1199 4205 reformidamus3
1218 4149 1263 4189 eos
1280 4151 1361 4207 vero,
1375 4131 1424 4211 qui

58 4207 85 4265 δὲ
107 4210 218 4285 δρῶντος
243 4207 280 4285 μὴ
305 4211 493 4289 αἰσχυνόμενος
511 4220 566 4291 πρᾶ
583 4234 626 4283 αι,
683 4208 835 4267 nullatenus
846 4228 895 4267 nos
904 4206 1017 4278 laedunt,
1027 4206 1265 4289 perhorrescimus,
1273 4209 1424 4290 etignomi·

53 4288 213 4365 μολογῆσαι,
234 4287 279 4346 καλ
303 4294 481 4366 μετανοῆσαι,
501 4294 527 4349 ἐν
541 4289 627 4371 ἐκείνῃ
683 4287 757 4347 niam
770 4287 805 4346 ab
820 4287 888 4368 ipsis
895 4285 1056 4346 inurendam
1073 4286 1280 4348 reformidamus
1292 4310 1424 4372 :quapro-

53 4365 177 4424 ,ἐνώπιον
190 4366 246 4433 ἑνὸς
259 4368 303 4425 καὶ
318 4366 377 4441 δύο,
394 4366 464 4427 άλλὸ
478 4373 525 4441 τῆς
539 4372 628 4427 οἰκου-
683 4381 744 4448 pter
756 4366 784 4425 in
799 4366 833 4425 iis
844 4387 904 4444 quae
917 4365 1059 4444 timemus,
1069 4387 1176 4448 poenam
1187 4367 1357 4429 sustinemus.
1368 4370 1425 4442 Qui

53 4444 169 4524 ’δρώσης
180 4446 461 4584 παραδειγματῖζεται.
477 4450 628 4530 Διαλερθιῦ-
683 4447 756 4506 enim
766 4444 869 4504 bomini
880 4445 1003 4526 detegere
1011 4460 1119 4584 μετουσία
1128 4446 1275 4522 erubescit,
1289 4449 1347 4509 Deo
1360 4471 1425 4512 vero

53 4526 165 4604 Χριστῷ·
185 4549 220 4585 κα
253 4526 304 4606 γὰρ
326 4526 434 4591 καλοῦν
459 4527 537 4605 μέσος
551 4517 628 4606 ἡμῶν
683 4526 1017 4586 cernentelacerenoneru
1038 4524 1425 4606 esoit,nequeoonfiterivult,

53 4604 91 4662 διὸ
102 4607 154 4661 τῶν
168 4610 321 4687 προφητῶν,
336 4605 381 4664 καῖ
396 4607 439 4665 διὸ
452 4611 504 4666 τῶν
515 4607 630 4667 ἀποστό-
683 4620 709 4665 et
742 4605 906 4664 renitentiam
916 4626 996 4686 agere
1004 4627 1013 4682 ;
1027 4604 1055 4664 in
1071 4604 1117 4664 die
1129 4605 1176 4664 illa
1193 4626 1246 4665 non
1262 4628 1353 4668 coram
1371 4630 1426 4669 uno

53 4683 191 4762 ιγγόμενυς.
211 4684 377 4763 Ἀκούσωμεν
391 4686 487 4760 τοίνυν,
507 4685 552 4745 καλ
566 4710 628 4745 πει·
683 4628 846 4746 νσῖλῖυοῖιυε
854 4729 863 4760 ,
875 4683 923 4744 sed
934 4684 1059 4744 universo
1073 4698 1206 4744 terrarum
1215 4687 1281 4749 orbe
1290 4701 1427 4769 spectante

53 4790 65 4822 t.
81 4763 169 4842 Μέγρι
183 4764 252 4831 τίνος
274 4769 359 4844 ζῶμεν
381 4769 438 4844 εἰκῇ
458 4766 504 4825 καῖ
526 4766 628 4844 μάτην;
684 4764 849 4824 traducetur.
867 4763 1061 4844 Colloquamur
1073 4785 1137 4845 ergo
1147 4786 1208 4824 cum
1223 4765 1331 4827 Christo
1345 4791 1351 4824 :
1364 4789 1428 4826 nam

53 4865 72 4899 ιν
87 4832 193 4902 &odium
208 4848 272 4923 ἡμῖν
286 4845 379 4925 χρόνον
396 4844 574 4923 ἀναλώσωμεν
593 4850 629 4915 εἰς
647 4863 665 4909 c
685 4857 712 4904 et
724 4844 833 4903 nuncin
844 4842 934 4903 medio
944 4857 1067 4903 nostrum
1078 4844 1168 4922 stetit,
1185 4858 1211 4904 et
1223 4866 1272 4936 per
1283 4846 1428 4938 propbetas

53 4919 151 4999 σόμεθσ
166 4923 241 4993 δίκην
254 4924 379 4990 δώσοντες
390 4924 438 4996 τὸν
453 4925 568 5006 ἐσχάτην
582 4931 630 4997 τῆς
686 4946 717 4983 ac
750 4945 780 4982 er
792 4921 926 5004 apostolos
934 4921 1014 4982 nobis
1026 4921 1155 5002 loquitur.
1166 4922 1317 4984 Audiamus
1326 4925 1426 5006 igitur,

53 5000 113 5073 Ξνης.
126 5001 178 5061 Διὸ
191 5008 268 5062 τοῦτο
279 5003 330 5086 γὰρ
341 5003 439 5084 ἤγαγεν
452 5009 525 5082 ἡμᾶς
537 5009 552 5064 δ
562 5006 630 5075 Θεὸς
686 5017 712 5063 et
725 4944 766 5063 illi
778 5021 928 5084 pareamus.
937 5004 1086 5082 Quousque
1099 5002 1208 5063 tandem
1222 5016 1320 5065 umere
1331 5026 1363 5065 ac
1372 5004 1428 5065 fru-

671 5177 745 5230 mil'ra
757 5179 784 5230 st
800 5173 978 5246 chrysostomi
989 5175 1016 5227 in
1027 5173 1160 5228 loannem.

55 5252 82 5302 in
95 5249 181 5304 multis
192 5250 226 5303 ad
239 5252 342 5306 verbum
353 5253 441 5307 similis
456 5255 556 5324 epilogo
569 5256 622 5308 llo·
