3750 5940
407 453 443 501 ru
468 453 628 503 rosuuru
656 456 776 504 nosris.
806 456 861 504 nx.
889 431 937 504 ol.
966 454 1034 503 ωτι.
1416 432 1487 514 413

57 577 159 648 νεάξιος
179 577 291 658 ἀνδρῶν.
313 574 372 641 tttv
397 581 513 657 συνεχῶς
527 577 607 658 ἀπίῃς
623 578 689 659 πρὸς
743 577 807 637 dit:
824 577 864 638 sic
893 591 920 637 et
945 598 994 637 nos
1009 577 1038 636 in
1055 576 1129 636 viros
1151 595 1262 655 nmgnos
1279 575 1441 651 incidemus,
1465 576 1488 635 si

57 671 162 743 ειίνυες,
185 673 233 730 οἰκ
248 668 376 748 ἀποπνίξῃ
393 674 442 740 τῆς
456 668 577 742 τοιαύτης
598 671 687 751 θήρας.
743 669 772 729 id
792 671 996 749 frequentemus.
1018 668 1048 728 si
1076 690 1140 728 vcro
1160 668 1240 727 liceat
1259 667 1326 748 quid
1349 667 1488 728 admiran-

57 773 84 844 ιρ
97 765 113 820 θ
127 757 380 843 depauperatum
395 758 523 841 τυχόντας
537 758 688 841 ξενοδοχῶν,
705 777 723 824 u
741 762 809 821 dum
825 761 929 841 ἀίοατ,
944 780 997 820 non
1013 773 1085 821 tanta
1100 759 1179 819 laude
1196 758 1296 839 dignus
1306 772 1356 834 est,
1367 759 1414 838 qui
1431 780 1488 818 ma·

57 852 167 913 τκτεκαί
179 850 309 932 ἀγγιλων,
323 848 391 911 οὕτω
408 851 455 911 καί
471 855 547 930 ἡμεῖς
563 851 691 920 ἀπιτευξιί-
743 873 827 933 gnum
836 854 990 936 quempiam
1000 853 1112 936 excipit,
1123 874 1206 933 quam
1220 853 1243 912 is
1258 852 1304 931 qui
1319 853 1447 913 miserum
1463 868 1490 913 ct

57 944 176 1020 ιτγάλυιν
190 944 303 1026 ἀνδρῶν,
318 941 603 1024 ἀνίργοντδπρθγμα
614 967 692 1016 ποιη·
743 944 884 1005 infelicem.
904 945 1081 1024 lllenaanue
1096 966 1149 1005 non
1165 966 1281 1026 parvum
1300 959 1489 1025 argumentum
1559 960 1564 975 ·

57 1037 80 1097 Εἰ
95 1034 124 1097 δὲ
139 1034 194 1117 χρὴ
206 1034 254 1095 καί
269 1033 421 1114 θαυμαστόν
435 1059 462 1094 τι
473 1037 565 1107 εἰπεῖν,
581 1039 631 1115 οὐχ
647 1033 692 1095 οίί-
743 1037 822 1096 affert
836 1035 877 1096 sui
894 1035 1051 1119 recipiendi,
1073 1057 1169 1118 nempe
1185 1035 1270 1098 vitam
1293 1058 1383 1110 snam;
1406 1037 1489 1097 borno

57 1154 94 1190 νιν
115 1126 187 1197 dirce
207 1133 223 1188 θ
243 1126 327 1208 μίγαν
347 1126 552 1208 ὑποδεχόμενος,
566 1130 602 1196 ὡς
617 1134 631 1189 ὁ
648 1129 691 1188 τὸν
745 1142 835 1188 autem
848 1128 1104 1209 omnibusabjectus
1116 1129 1231 1188 etmiser
1239 1148 1324 1187 unum
1332 1128 1414 1188 babet
1421 1150 1488 1209 por-

57 1219 75 1280 t
94 1219 275 1303 ταλαίπωρον.
289 1219 406 1286 Ἐκεῖνος
420 1218 467 1298 μὶν
481 1219 533 1300 γάρ
546 1224 576 1280 οὔ
596 1220 694 1302 μικράν
745 1234 815 1299 turn,
828 1241 923 1303 nempe
935 1220 1147 1281 miserioordiem
1162 1221 1220 1302 ejus
1237 1219 1285 1298 qui
1297 1240 1325 1279 se
1339 1221 1407 1280 bene
1417 1221 1490 1281 exci-

57 1311 149 1394 ίχει
124 1336 170 1371 τον
184 1314 278 1372 ἰαυτοθ
298 1311 356 1390 βίον
371 1310 479 1392 πρδςτὸ
496 1305 640 1373 παθεῖν’*
611 1337 658 1372 ευ·
680 1319 695 1374 θ
746 1312 807 1394 pit·
822 1312 911 1392 itaque
923 1312 981 1372 baec
993 1312 1148 1372 humanitas
1157 1333 1226 1394 pura
1239 1324 1287 1371 est
1300 1311 1355 1385 Qui
1369 1313 1442 1372 claro
1464 1327 1490 1373 et

57 1404 213 1491 ςιμξνος
171 1428 217 1464 και
237 1403 341 1463 θπδ’
302 1426 409 1463 παντων
425 1404 628 1484 προδεδομένος,
648 1405 695 1465 iva
746 1406 891 1487 conspicuo
901 1406 990 1466 officia
1004 1405 1124 1480 exhibet,
1138 1424 1208 1486 saepe
1229 1404 1264 1464 ad
1287 1406 1491 1466 ostentationem

57 1486 185 1578 νσνάχει,
201 1495 246 1555 τὸν
260 1495 331 1556 tue
345 1503 392 1557 τοῦ
413 1503 547 1565 ποιοῦντος
561 1489 694 1558 αντδνιυ
745 1497 775 1557 id
790 1498 877 1557 lacit:
871 1498 937 1578 :qui
953 1519 1017 1558 vcro
1030 1495 1166 1579 abjectum
1191 1497 1296 1578 excipit
1321 1496 1491 1578 despectum·
1556 1522 1563 1532 ·

57 1587 194 1671 τνθρωπία
209 1586 314 1669 καθαρά
328 1591 406 1647 τοῦτο
424 1587 543 1666 μάλιστά
560 1591 624 1648 ἐστι.
641 1589 695 1649 Καὶ
745 1611 798 1668 quc
812 1589 957 1666 hominem,
975 1588 1011 1650 ob
1025 1591 1113 1650 solum
1123 1589 1175 1649 Dei
1194 1602 1360 1671 preceptum
1373 1588 1402 1649 id
1415 1590 1490 1650 facit.

67 1679 226 1758 θωμαστὸν
241 1677 288 1739 καὶ
307 1684 438 1760 περιφανῆ
458 1679 617 1762 θεραπεύων,
630 1681 694 1741 πολ·
745 1681 879 1754 Quare
856 1702 880 1741 ss
894 1681 1051 1743 convivium
1065 1701 1204 1762 paremus,
1229 1681 1341 1741 claudos
1358 1695 1385 1740 et
1405 1701 1490 1742 caecos

57 1770 128 1852 πρδς
141 1769 287 1852 ἀνθρώπων
303 1767 427 1837 ἐπίδειξιν
436 1775 515 1830 τοῦτο
528 1770 665 1843 irrisioni·
681 1774 695 1830 ὁ
745 1772 870 1854 excipere
874 1773 1018 1854 jubemur3
1030 1772 1053 1832 si
1068 1772 1265 1853 eleemosynam
1276 1792 1426 1852 tangemus,
1438 1773 1492 1832 mi-

57 1861 230 1944 εερφιμμίνον
249 1861 295 1920 καί
311 1860 522 1941 ἀπιγνωσμίνον,
544 1861 589 1923 διὰ
612 1862 694 1940 μόνον
711 1876 729 1923 u
747 1866 828 1925 nimis
841 1879 867 1925 et
884 1864 1025 1925 vilissimis
1038 1865 1146 1943 elargiri
1162 1864 1354 1945 praecipimnr:
1370 1885 1433 1925 nam
1445 1864 1493 1942 ait,

57 1961 142 2028 ιντοῧ
155 1957 225 2014 Osos*
236 1958 313 2014 τοῦτο
327 1952 474 2036 ίργάζεται.
490 1952 539 2013 Διὸ
552 1954 600 2014 κᾶν
612 1953 694 2034 δοχὴν
750 1960 902 2036 Quantum
917 1961 970 2016 uni
978 1979 1016 2016 ex
1030 1959 1076 2016 his
1088 1960 1217 2015 minimis
1220 1958 1349 2037 fecistis,
1366 1958 1439 2016 milti
1445 1959 1494 2038 se·
1505 1977 1590 2023 ιιιιεω.
1604 1975 1645 2020 23.

57 2043 164 2128 χωλολς
177 2044 223 2105 καὶ
236 2045 386 2127 ἀναπήρους
404 2044 579 2126 ἀποδέχεσθαι
591 2045 695 2106 κιλευό·
746 2054 836 2110 cistis.
854 2048 925 2110 Cum
941 2070 1005 2130 ergo
1016 2049 1074 2109 illie
1084 2047 1255 2109 reconditum
1264 2049 1419 2109 thesaurum
1431 2050 1495 2109 scia·
1503 2037 1542 2100 4⁵·

57 2164 64 2197 ι
80 2140 264 2216 ἐλεημοσύνην
279 2137 469 2218 ἐργαζώμεθα,
483 2137 635 2219 ἀλογίστως
649 2137 695 2198 καί
746 2145 1015 2223 mos,eoirequcnter
1025 2142 1219 2223 ingrediamur,
1231 2157 1257 2202 et
1268 2143 1306 2203 ibi
1318 2144 1494 2223 negotiemur,

57 2234 126 2293 λετῑν
141 2230 316 2310 ἐπττάγημκν.
330 2228 523 2311 Ἐφ’ἀσονγάρ
538 2231 695 2305 ἐποιήσατε,
747 2256 779 2296 ac
798 2235 965 2296 theatrorum
995 2233 1118 2295 studium
1143 2234 1193 2294 illo
1217 2235 1398 2296 vertamusb'i
1426 2236 1495 2296 nihil

57 2328 65 2385 t
91 2322 195 2384 ταίτων
209 2326 261 2383 τῶν
284 2322 442 2402 ἐλαχίστων,
465 2323 524 2403 ίμοί
545 2323 695 2396 ίποιήσατε.
746 2327 998 2389 aliudaiierendum
1009 2327 1276 2404 babeaqverborum
1288 2328 1497 2390 consolationem

57 2415 133 2479 οίνυν
148 2417 193 2477 τδν
207 2418 261 2476 ixei
283 2414 403 2494 κείμενον
418 2415 558 2496 θησαυρὸν,
574 2415 695 2493 εἰσίωμεν
747 2419 856 2481 adhibe.
872 2423 933 2481 Non
944 2419 1026 2480 modo
1037 2418 1110 2480 enim
1121 2419 1246 2498 alentem,
1258 2419 1339 2480 sedet
1351 2420 1498 2484 intrantem

57 2510 93 2570 αἰ
110 2508 378 2591 πραγματευώμεθα,
392 2508 438 2568 καί
453 2507 501 2576 τάς
514 2508 575 2590 περί
587 2507 622 2569 rh
637 2510 696 2570 θία-
748 2515 823 2572 Deus
836 2511 957 2573 mercede
971 2511 1063 2572 donat.
1073 2513 1143 2571 Nam
1152 2511 1175 2571 si
1183 2511 1327 2593 ingressus,
1341 2527 1497 2575 trementem

57 2601 114 2670 δάς
131 2605 203 2661 ’ἐκεῖ
221 2600 368 2681 τρίψωμεν.
386 2599 443 2660 Κάν
461 2599 541 2678 μηδὲν
557 2599 621 2682 ἔχῃς
644 2603 697 2661 εἰσ-
748 2618 964 2686 metuentemque
976 2605 1098 2666 animum
1120 2604 1335 2679 confirmaveris,
1349 2604 1496 2682 hortando,

61 2690 192 2773 είσάγαγε
212 2691 262 2765 τὴν
273 2692 328 2752 ἀπδ
345 2695 398 2752 τῶν
416 2690 500 2771 λόγων
517 2693 696 2774 παράκλησιν.
744 2693 879 2774 juvando,
893 2716 970 2776 opem
981 2692 1172 2776 promittendo,
1181 2693 1386 2774 philosophiam
1401 2694 1497 2754 docen-

57 2783 450 2867 λμόνοντδντρίφοντα,ἀλλά
463 2785 510 2845 καί
523 2786 567 2846 τὸν
582 2786 696 2846 εἰσιόντα
747 2785 793 2864 do,
810 2809 986 2870 uonparvam
1005 2788 1069 2854 hinc
1090 2785 1241 2847 mercedem
1265 2786 1385 2867 recipies.
1411 2787 1497 2860 Extra
1549 2798 1551 2802 '

57 2877 176 2940 albstat.
191 2875 279 2938 Ὅταν
290 2876 343 2957 γάρ
356 2875 478 2938 εἰσελθὼν
488 2878 635 2959 τρέμουσαν
649 2878 695 2938 καί
711 2892 731 2939 Ι)
748 2881 828 2962 positi
840 2881 931 2957 multi,
942 2895 969 2940 tc
984 2881 1021 2939 ita
1036 2880 1171 2959 loquente,
1186 2878 1321 2955 ridebunt,
1335 2879 1429 2939 multis
1436 2902 1498 2962 per·

57 2970 128 3043 ντ·>,ν
143 2969 230 3052 ψυχὴν
245 2969 438 3050 διαναστίσῃς,
450 2974 624 3051 παρακαλῶν,
636 2974 698 3050 βοη-
747 2975 800 3034 fusi
814 2974 933 3050 deliciis3
948 2973 995 3034 sed
1007 2973 1094 3053 quiin
1112 2971 1264 3031 calamitate
1276 2984 1426 3042 versantur,
1440 2973 1497 3031 ani-

57 3062 203 3145 χνοιίμενος
220 3062 339 3139 ἀμύνειν,
359 3065 507 3143 φιλοσοφεῖν
524 3065 697 3142 παρασκιυά-
748 3086 793 3125 mo
809 3079 971 3147 compuncto
982 3085 1044 3124 curn
1057 3063 1189 3123 modetia
1210 3062 1297 3122 multa
1312 3061 1394 3122 dictis
1412 3077 1496 3123 atten-

57 3154 133 3235 ικρδν
153 3154 199 3215 καὶ
213 3158 327 3214 ἰντεθθεν
348 3154 420 3235 λήθῃ
442 3154 486 3213 τδν
510 3154 611 3231 μισθόν.
623 3154 696 3225 'Eius
748 3154 821 3232 dent,
835 3170 862 3215 te
878 3154 1039 3232 laudabunt,
1058 3169 1084 3215 et
1098 3154 1221 3214 meliores
1241 3152 1363 3214 evadent.
1387 3156 1458 3214 Nam
1471 3169 1497 3215 et

57 3252 219 3308 εαυτοιαῦτα
235 3245 435 3327 διαλεγομένου,
448 3248 540 3307 πολλοὶ
554 3248 600 3307 καί
618 3250 696 3328 γιλά·
749 3248 864 3309 Paulum
877 3248 1071 3332 predicantem
1086 3246 1173 3309 Judaei
1188 3245 1426 3328 saepederiserunt,
1436 3247 1496 3306 viu-

57 3339 142 3410 τὸτῆς
164 3341 264 3411 πολλῆς
284 3343 384 3418 τρυφῆς
399 3339 600 3419 διακεχυμένον·
630 3344 654 3399 οί
668 3339 695 3398 δί
748 3340 785 3400 eti
798 3354 889 3401 autem
903 3362 967 3401 cum
980 3337 1087 3400 summo
1108 3339 1215 3398 silentio
1238 3337 1394 3397 audiebant.
1418 3339 1495 3398 Nihil
1543 3364 1594 3408 M
1590 3369 1605 3411 ,γ
1617 3372 1647 3416 ρ,

57 3440 108 3498 ναῖς
118 3431 207 3505 ὄντες,
223 3429 499 3507 Ι’κατεσταλμένης’
471 3435 617 3502 αυτοῖςτῆς
634 3432 695 3491 δια·
748 3432 820 3491 enim
836 3432 873 3492 ita
888 3433 1008 3492 animum
1032 3431 1067 3490 ad
1088 3428 1289 3511 philosophiam
1309 3443 1450 3510 praeparat,
1463 3445 1494 3491 ut
1504 3426 1648 3486 '‘lebbeu-

57 3522 245 3594 τάπυλλης
211 3546 259 3593 της
272 3520 413 3589 ἐπιεικείας
423 3522 469 3582 καί
479 3522 634 3604 προσεξουσι
642 3547 696 3590 τοις
748 3524 898 3600 calamitas,
909 3536 1031 3598 tentatro
1042 3542 1177 3580 aerumnae.
1194 3520 1281 3579 llaec
1272 3534 1363 3599 itaque
1372 3535 1493 3601 cogitan
1481 3490 1542 3609 {ii
1543 3505 1646 3603 :ffJi'ss'J'

57 3641 85 3690 r,
101 3615 147 3677 καὶ
167 3606 360 3688 ἰπαινέσονται,
382 3614 428 3674 καί
441 3613 544 3674 ίσονιαι
570 3614 695 3694 βελτίους.
748 3632 796 3694 tes,
804 3630 871 3697 quot
879 3636 976 3697 nempe
988 3635 1015 3674 rn
1027 3635 1132 3674 earcere
1145 3614 1240 3694 positis
1253 3614 1333 3691 bona,
1352 3626 1419 3693 quot
1438 3613 1596 3675 no-¹²¹⁰¹¹²³·

66 3705 210 3767 Παύλου
194 3712 418 3789 οημηγορουντος,
431 3705 553 3765 Ἰουδαῖοι
569 3704 617 3783 μὲν
630 3708 696 3766 πολ·
746 3709 809 3769 brs
801 3729 868 3790 rpsrs
877 3706 1092 3784 conferemus,
1071 3728 1094 3766 sr
1113 3727 1183 3809 saepe
1196 3727 1257 3765 cum
1270 3705 1325 3764 illis
1345 3726 1492 3786 versemur,

57 3797 172 3880 εγίλων·
185 3801 210 3858 oi
234 3796 297 3858 δὲ
282 3801 416 3874 οεσμῒεται
436 3795 503 3875 μετὰ
518 3799 616 3869 πολλῆς
631 3800 695 3870 ἰτη-
747 3802 864 3862 iorenscs
888 3800 949 3860 illas
964 3814 991 3859 et
1011 3798 1212 3878 intempestivas
1238 3775 1442 3857 consuetudines
1461 3819 1492 3858 eo

57 3896 96 3963 ,ῆς
105 3889 227 3971 ἡσυχίας.
238 3887 324 3948 Οθδίν
332 3887 385 3970 γάρ
395 3887 477 3961 ebruc
492 3891 527 3956 τίς
540 3888 693 3970 φιλοσοφίαν
747 3907 899 3969 vertamus,
907 3904 936 3950 ut
948 3904 976 3949 et
986 3890 1048 3949 illos
1058 3890 1203 3962 lucremur,
1216 3902 1243 3947 et
1252 3887 1331 3948 uobis
1344 3887 1493 3968 ipsis'laeti·

57 4006 71 4042 ν
86 3983 278 4051 κατασκευάζει
289 3980 337 4053 τὴν
347 3980 434 4060 ψυχὴν
446 3984 482 4048 ὡς
496 3981 619 4061 συμφορὰ
630 4027 638 4055 ,
649 3982 694 4041 καί
711 3993 729 4040 Ε
746 3983 812 4042 tiam
825 3983 973 4064 pariamus,
989 4002 1022 4039 ac
1038 3979 1088 4040 Dei
1113 3979 1227 4059 gloriam
1248 3991 1381 4054 curantes,
1394 3993 1493 4037 aeterm

57 4101 82 4146 ς,
100 4074 147 4135 καὶ
166 4075 252 4155 θλίψις
272 4073 434 4151 ἐπικειμένη.
450 4075 533 4133 Ταῦτ’
549 4064 592 4134 cdv
607 4075 695 4146 ἕννυή·
747 4094 940 4153 consequamur
949 4073 1029 4148 bona,
1044 4070 1129 4150 gratia
1149 4084 1174 4129 et
1195 4067 1360 4148 benignitate
1381 4068 1492 4128 Domini

57 4190 155 4241 ταντα,
173 4165 224 4226 ὅσα
240 4164 287 4244 μὲν
308 4164 366 4232 τοὺς
382 4165 452 4225 ἔνδον
473 4163 577 4243 ἀγαθὰ,
597 4165 647 4226 ὅσα
668 4165 695 4224 δὲ
748 4165 831 4225 nostri
856 4167 920 4225 lesu
944 4163 1057 4236 Christi,
1079 4183 1127 4242 per
1141 4182 1222 4240 quem
1238 4173 1264 4219 ct
1278 4179 1404 4238 cumque
1418 4160 1492 4218 Patri

57 4258 98 4326 rb<
111 4258 290 4338 ἰργασιίμκθα,
302 4259 417 4337 συνεχῶς
431 4257 518 4323 αὔτοῖς
530 4264 542 4288 “’
551 4256 696 4337 ἀναμιγνιί-
748 4257 833 4336 gloria
843 4255 978 4335 simulque
991 4252 1105 4334 Spiritui
1121 4265 1222 4328 sancto,
1237 4250 1372 4310 insaecula
1384 4249 1492 4310 saeculo-

57 4352 75 4411 ιί
85 4350 133 4419 τάς
146 4355 172 4411 ἐν
185 4355 270 4432 ἀγορᾷ
284 4348 436 4428 διατριὸἰις,
449 4348 496 4409 καί
508 4348 554 4416 τάς
573 4349 739 4430 ἀκαίρουςςςς
750 4370 819 4408 rum.
833 4351 925 4408 Amen.

59 4444 116 4502 ἀκεί
125 4438 416 4516 mutationeque«
423 4439 560 4507 κάκείνους
571 4440 699 4519 κερδαίνοι·
715 4443 733 4486 Α

57 4539 124 4612 ἡμᾶς
134 4532 227 4600 αἰετοὺς
239 4531 418 4612 εὗφφάνωμεν,
431 4530 518 4591 καί
488 4531 518 4591 τ
518 4557 532 4590 ν
543 4531 612 4592 Θεὸν
626 4533 699 4601 bole·

57 4623 305 4736 αρασκευάσαντες,
324 4626 377 4682 τῶν
399 4621 511 4682 αἰωνίων
533 4622 698 4704 ἰπιτιίχωμεν

57 4715 144 4799 χάριτι
161 4715 208 4776 καλ
227 4713 412 4796 φιλανθρωπίᾳ
432 4738 478 4774 του
502 4715 598 4795 Κυρίου
621 4719 698 4795 ἡμῶν

57 4814 160 4882 simoi,
174 4809 207 4867 δι’
223 4798 313 4868 obeat
328 4808 385 4885 μεθ’
404 4797 433 4866 oi
453 4830 492 4886 τερ
472 4809 623 4889 Πατρίἡ
639 4807 699 4876 δόξα

57 4899 107 4982 γίμ
124 4898 279 4977 Πνειίματι,
293 4902 329 4965 εἰς
341 4896 399 4966 τοίς
412 4902 558 4966 αἰῶνας
523 4924 574 4959 των
589 4899 699 4960 αἰώνων.
815 4900 823 4915 ’

57 5192 61 5203 .
77 5152 116 5219 [et
126 5148 211 5202 Codd.
224 5152 316 5219 nostri]
329 5162 372 5207 ίαεὶ
393 5160 510 5224 τρέψαιμεν
523 5199 529 5220 ,
542 5154 628 5207 hlutri.
647 5164 690 5210 ίαιί
774 5157 786 5192 ¹³
804 5151 850 5204 Alii
862 5154 1045 5218 κατιετιιλμίνης
1055 5156 1135 5207 αὐτῶν.

62 5229 107 5282 atti
120 5239 166 5283 laet
176 5238 291 5298 θάψομεν.
773 5249 782 5272 t
803 5232 849 5283 Alii
860 5236 1040 5300 ἀναμιμνὺμιθα.

87 5332 163 5372 ῘΟΙ.
175 5332 193 5368 b'
199 5332 206 5369 l
213 5334 220 5370 ί
229 5332 247 5369 l.
