3750 5940
85 405 108 452 Χ
772 403 960 454 PRAEFATIO.

81 527 130 589 sod
143 527 172 587 id
187 527 266 608 longe
277 525 419 609 pleniusst
431 524 570 586 ardentius
582 525 706 607 praestitit
724 526 753 589 in
772 525 915 588 duodecim
934 527 989 588 illis
1006 526 1134 588 llomiliis
1155 541 1247 590 eontra
1267 481 1424 607 Auomoeos,
1437 532 1545 609 quasin
1561 533 1653 613 primo

82 621 171 681 Tomo
184 619 269 680 celitus
281 618 372 679 baites.
386 619 443 679 Ubi
466 618 533 700 ipsis
551 618 688 679 hnomoeis
710 618 868 700 plerumque
887 621 1065 702 presentibus
1077 635 1103 681 et
1115 620 1305 700 audientibus,
1319 637 1350 683 ut
1368 623 1426 704 ipse
1437 623 1488 702 ait,
1502 625 1557 705 imp
1573 641 1605 688 ut
1624 627 1654 688 iu

80 736 190 776 arenam
203 728 293 775 conus
307 736 335 776 se
344 713 514 775 descenderet
522 713 702 790 hortantibm,
717 728 749 774 ut
761 713 854 774 rideas
866 735 894 796 p.
903 716 973 793 laih,
983 716 1054 776 hauc
1064 715 1112 776 ille
1127 737 1249 798 pugnam
1258 738 1400 799 aggressus
1414 732 1464 796 cst,
1480 719 1526 779 ubi
1541 742 1595 782 nou
1607 743 1654 784 so·

80 810 140 870 lum
150 810 207 891 ojus
218 808 367 888 eloquentia
378 808 477 886 elucet,
493 805 633 867 sedetiam
646 806 764 888 ἐνάργεια
777 820 804 868 et
822 808 864 870 vis
878 822 1108 889 argumentorum.
1124 810 1167 870 lbi
1181 810 1229 870 ille
1247 825 1303 871 tam
1315 811 1415 874 validis
1431 813 1654 895 responsionibus

81 905 134 966 tela
148 918 174 964 et
188 903 349 984 objectiones
366 902 553 964 bannorum
571 900 694 983 depellit,
709 915 741 961 ut
753 923 847 984 parem
862 903 911 966 rix
921 903 1107 986 deprcehcntlas
1117 904 1265 984 athletam,
1282 907 1384 987 etjure
1391 906 1500 968 fatearis
1512 908 1579 969 istas
1593 908 1651 969 atl-

81 1019 175 1061 versus
186 1000 328 1062 Anomoeos
337 998 470 1060 orationes
481 997 552 1059 iuter
565 997 788 1079 prestantissima
800 997 989 1081 Chrysostomi
1001 1020 1083 1083 opera
1093 999 1307 1062 annumerandas
1321 1021 1386 1063 esse.

826 1235 903 1318 su

80 1431 94 1487 l
103 1471 110 1487 .
133 1426 282 1488 Humilias
299 1426 504 1502 chrysostomi
515 1431 547 1483 ι’νι
557 1425 705 1484 loannem
714 1426 820 1504 quanti
823 1423 934 1507 feeerit
943 1424 1060 1484 Sruilas.
1073 1428 1102 1485 2.
1119 1428 1199 1486 Loca
1214 1429 1277 1507 ejus
1290 1447 1311 1487 a
1333 1427 1466 1490 Concilio
1482 1429 1652 1491 Chalcedo-

119 1522 204 1580 nansi
208 1565 219 1592 ,
235 1519 425 1592 Theodoram,
441 1519 609 1598 prroemio
620 1518 811 1578 Antiocheno
824 1519 905 1597 apud
923 1520 1079 1594 Plotium,
1100 1532 1129 1579 et
1146 1522 1291 1581 Facundo
1313 1523 1523 1582 Hermionensi
1540 1523 1651 1584 allata.

119 1617 148 1676 o.
172 1614 233 1676 Cur
242 1613 374 1673 mulieris
385 1613 529 1673 adultere
542 1614 696 1673 bistonum
708 1615 925 1691 pretermiserit
939 1613 1177 1691 chrysostomus.

120 1820 134 1876 l
141 1862 148 1876 .
165 1817 238 1876 Inter
251 1816 358 1897 egregia
371 1815 559 1897 chrysostomi
572 1836 662 1899 opera,
672 1837 733 1896 quc
746 1815 848 1877 caeteris
860 1817 918 1898 ejus
933 1817 1039 1898 scriptis
1053 1817 1205 1899 precellere
1215 1818 1392 1900 putabantur,
1404 1819 1538 1882 Humilias
1550 1823 1611 1904 ejus
1624 1822 1654 1883 in

78 1915 210 1976 loannem
222 1925 361 1972 enumerat
371 1910 483 1988 Suidas,
495 1910 561 1971 duim
575 1912 614 1970 ait
628 1935 636 1970 ι
649 1901 736 1980 Οὗτος
746 1911 834 1972 πολλά
847 1912 999 1996 συγγράψαι
1008 1912 1125 1994 λέγεται,
1133 1912 1180 1995 ἀφ’
1191 1903 1229 1973 ὧν
1240 1917 1264 1976 oi
1277 1915 1339 1998 περὶ
1351 1914 1507 1999 ‘Inpositas
1515 1917 1653 1998 ὓτιρὸάλ·

77 2009 153 2067 λονσι
164 2005 248 2088 λόγοι,
261 2009 299 2086 τῷ
309 2027 339 2063 τε
353 2004 466 2089 ὓψεικσλ
478 2007 512 2086 τῇ
526 2002 631 2085 φράσει,
642 2003 733 2083 καλιῇ
747 2004 875 2081 λειότητι,
886 2005 932 2065 καὶ
945 2009 984 2087 τῷ
993 2005 1087 2066 κάλλει
1098 2009 1151 2065 τῶν
1165 2006 1315 2085 ὀνομάτων.
1325 2006 1437 2076 Τούτοις
1448 2005 1590 2089 ἐφάμιλλοι
1603 2007 1651 2069 καὶ

77 2102 103 2160 ol
117 2103 154 2167 εἰς
168 2097 228 2167 τοὺς
237 2097 373 2178 timpum
385 2103 432 2158 τοῦ
445 2097 530 2159 dauid
551 2098 637 2178 λάγοι,
649 2096 694 2157 καὶ
707 2101 725 2170 ἡ
739 2105 785 2158 τοῦ
797 2096 868 2158 κατὰ
881 2097 1007 2173 Ἰωάννην
1029 2097 1193 2182 Ebur-stilico
1207 2100 1339 2179 σημασάα,
1353 2100 1400 2162 καὶ
1413 2101 1447 2161 τά
1460 2105 1497 2170 εἰς
1511 2104 1652 2163 Mat-laios

78 2192 124 2254 καὶ
143 2191 254 2274 Μάρκον
274 2190 320 2251 aul
335 2193 442 2251 Λουκᾶν
455 2188 654 2269 ὑπομνήματα,
678 2189 724 2251 καὶ
744 2190 779 2251 τά
800 2190 869 2264 ἑξῆς.
884 2190 917 2249 ld
936 2205 995 2251 est:
1012 2192 1071 2252 Hic
1084 2195 1179 2254 multa
1196 2197 1346 2274 scripsisse
1356 2196 1480 2278 sertor:
1494 2200 1574 2257 inter
1585 2201 1651 2279 ejus

79 2304 167 2366 opera
175 2285 346 2365 procellunt
357 2285 426 2345 libri
435 2285 473 2343 de
485 2283 664 2360 Sacerdotio,
677 2284 870 2360 sublimitate,
884 2284 1012 2345 dictione
1026 2297 1055 2345 et
1065 2285 1223 2366 elegantia,
1235 2289 1447 2368 nominumque
1446 2288 1563 2370 samaa.
1576 2288 1654 2349 Cum

78 2376 141 2437 illis
152 2389 321 2437 concertant
336 2377 546 2437 commentarii
561 2378 594 2433 in
605 2376 742 2436 Psalmos
755 2376 893 2450 Doridis,
908 2377 1128 2440 denotationes
1142 2383 1174 2438 in
1187 2380 1387 2462 Evangelium
1401 2381 1548 2460 loannis,
1566 2381 1652 2442 Com·

79 2476 225 2532 montania
237 2475 307 2532 item
321 2476 353 2532 in
368 2474 555 2549 Mattianum,
569 2474 704 2532 Marcum
718 2485 747 2532 et
766 2474 878 2533 lucam
888 2517 897 2549 ,
908 2487 959 2533 etc.
979 2473 1022 2534 lta
1035 2471 1147 2552 Suidas,
1165 2473 1204 2535 ita
1218 2473 1339 2534 fortassis
1353 2473 1401 2534 alii
1415 2474 1507 2537 Suidre
1521 2487 1652 2558 tempore.

78 2569 185 2632 Verum
198 2588 251 2628 non
266 2566 359 2628 eadem
370 2567 454 2628 fuisse
464 2566 573 2630 videtur
585 2580 612 2627 et
622 2580 713 2627 nostro
726 2580 752 2627 et
763 2566 896 2650 superiori
909 2590 966 2630 aevo
977 2569 1126 2630 multorum
1134 2568 1236 2650 opinio,
1249 2569 1297 2650 qui
1314 2570 1372 2630 brec
1386 2570 1583 2631 Commcnmrm
1598 2593 1653 2633 non

78 2660 149 2721 inter
160 2683 192 2722 ea
205 2661 392 2744 Chrysostomi
404 2683 484 2744 opera
493 2675 643 2738 accensent,
660 2660 689 2721 in
702 2659 803 2742 quilius
820 2661 945 2744 expedita
959 2677 986 2722 et
999 2662 1150 2745 profluente
1165 2664 1312 2725 verbomm
1328 2664 1406 2748 copia
1420 2665 1516 2725 utitem.
1535 2663 1571 2725 Et
1587 2687 1653 2728 vore

77 2773 131 2816 non
145 2755 181 2815 ad
195 2755 275 2815 hasco
289 2754 428 2815 conciones
441 2754 573 2837 respicere
585 2754 675 2837 potuit
688 2753 745 2835 ipse
758 2751 859 2815 Suidas
869 2776 931 2815 cum
946 2755 1019 2815 dixit
1034 2779 1042 2813 ι
1058 2758 1175 2838 lingua
1189 2759 1252 2838 ejus
1265 2757 1334 2818 Nili
1356 2758 1513 2837 Catadupa
1532 2759 1656 2820 dcendi

76 2850 162 2929 eopia
170 2851 336 2930 superabat.
348 2848 442 2908 Nemo
455 2868 586 2930 unquam
601 2849 690 2907 tantis
703 2847 877 2927 eloquentie
889 2859 920 2907 et
927 2849 1069 2908 ubertatis
1080 2847 1191 2909 diuitiis
1203 2848 1451 2930 exornatussuitr
1462 2850 1541 2910 solus
1551 2853 1655 2932 itaque

78 2963 200 3005 aureum
213 2946 404 3027 divinumque
417 2966 525 3004 nomen
541 2946 605 3004 sine
620 2943 688 3004 labe
701 2944 818 3003 sortitus
832 2956 884 3003 est.
902 2944 974 3003 Nam
986 2944 1015 3003 in
1025 2943 1100 3003 hisce
1117 2943 1146 3003 in
1161 2945 1293 3006 loannem
1306 2943 1481 3006 concionibus
1494 2945 1575 3026 louge
1586 2945 1652 3025 alis,

78 3058 162 3118 quam
172 3037 201 3098 in
214 3039 325 3116 ooetmis,
339 3059 405 3100 usus
414 3053 453 3098 est
465 3035 640 3098 concionandi
653 3038 766 3096 ratione.
777 3035 830 3094 Hic
839 3035 951 3098 brevius
964 3049 990 3096 et
999 3037 1117 3119 pressius
1134 3057 1177 3096 res
1186 3036 1318 3115 enuntiat,
1333 3037 1398 3116 quia
1411 3037 1454 3098 illi
1467 3038 1538 3098 alius
1553 3059 1653 3120 scopus

77 3145 145 3211 ετιι,
155 3145 187 3192 ιιι
196 3130 323 3195 νίιΙοΙίοοι
333 3132 404 3192 circa
417 3131 600 3212 Evangelium
612 3128 734 3206 loannis,
746 3128 821 3209 quod
834 3127 919 3189 inore
929 3129 1050 3189 omnium
1061 3128 1195 3210 etiamque
1204 3129 1392 3190 hereticorum
1405 3131 1560 3209 serebatur,
1572 3132 1652 3192 audi-

79 3241 150 3288 tores
163 3247 226 3288 suos
239 3227 399 3305 institueret,
413 3226 485 3287 etad
499 3225 685 3309 propulsanda
701 3223 917 3286 adversariorum
928 3227 981 3286 tela
997 3239 1172 3308 compararet.

119 3324 149 3382 2.
162 3322 207 3382 ab
219 3321 281 3383 aliis
290 3344 399 3402 quoque
413 3321 592 3405 scriptoribus
605 3339 667 3380 cum
680 3318 762 3380 lande
776 3334 962 3381 memorantm
972 3321 1029 3382 hcc
1042 3321 1071 3381 iu
1086 3319 1200 3385 loannis
1210 3319 1392 3400 Evangelium
1405 3322 1616 3400 Commentaria,
1638 3345 1655 3383 ι

80 3417 201 3479 (anulio
210 3439 307 3500 nempe
320 3416 544 3495 Chalcedonensi,
557 3438 574 3476 a
587 3415 773 3493 Theodoreto,
787 3416 824 3477 ab
837 3415 997 3500 Ephraemio
1012 3416 1180 3478 Antiocheno
1198 3414 1274 3497 apud
1290 3415 1437 3497 Photium,
1449 3430 1507 3477 eta
1523 3417 1656 3479 Facundo

79 3509 266 3572 Hermianeusi
279 3509 308 3569 in
322 3510 380 3570 loco
392 3530 474 3589 quem
486 3511 545 3592 jam
556 3527 637 3589 supra
647 3506 868 3570 memoravimus.

119 3603 272 3665 Concilium
282 3603 508 3683 Chalcedonense,
521 3603 602 3663 Tum.
614 3602 644 3680 d,
656 3601 737 3662 Cone.
748 3624 774 3683 p.
790 3601 851 3664 850
861 3627 868 3661 ι
879 3611 925 3665 τοῦ
937 3628 1002 3682 pua.
1012 3604 1069 3664 Ἰω.
1083 3605 1134 3685 Χρ.
1143 3604 1175 3664 lu
1187 3608 1233 3663 τοῦ
1246 3602 1316 3663 κατὰ
1325 3601 1461 3678 Ἰωάννην.
1472 3604 1509 3666 'll
1519 3603 1571 3686 γάρ
1584 3606 1654 3666 ἐπά-

80 3722 137 3778 γιι;
152 3698 206 3757 Καὶ
219 3698 369 3771 ἐσκήνωσεν
381 3700 408 3757 ἐν
422 3701 502 3776 ἡμῖν·
513 3695 653 3778 μονονουχὶ
664 3695 762 3776 λέγων·
774 3696 857 3777 pullu
868 3698 966 3759 άτσιιον
979 3695 1149 3779 damtione
1160 3697 1213 3757 άπὸ
1223 3703 1278 3771 τοῦ,
1290 3696 1427 3778 Ἐγίνετο·
1441 3699 1472 3757 ol
1485 3697 1537 3779 γάρ
1552 3699 1654 3780 τροιτλν

80 3783 138 3853 eine
148 3797 195 3866 τῆς
208 3792 339 3873 ἀτρέστου
352 3788 463 3873 φάσεως,
478 3804 527 3851 eto.
538 3790 566 3852 S.
580 3792 614 3851 Ι.
632 3791 836 3867 chrysostomi
855 3797 888 3853 in
901 3794 1060 3855 loannem.
1085 3793 1165 3872 Quid
1177 3795 1256 3852 araim
1269 3794 1392 3873 adjicit?
1411 3792 1448 3852 Et
1468 3792 1602 3855 habitavit
1624 3794 1654 3855 in

80 3887 157 3947 uobis
171 3911 178 3944 ε
195 3907 231 3948 σο
239 3889 264 3946 si
276 3889 394 3960 diceret,
409 3886 496 3947 Ntttt
510 3885 670 3946 absurdum
683 3890 839 3966 suspiceris
851 3909 889 3949 ex
902 3890 961 3948 bac
969 3907 1053 3965 uoce,
1063 3887 1178 3947 Factum
1190 3899 1229 3947 est
1236 3909 1245 3965 3
1266 3908 1358 3969 neque
1371 3890 1449 3948 enim
1461 3881 1656 3948 mutationem

80 3980 151 4040 dicit
166 3981 359 4042 immutabilis
370 3992 494 4040 naturae.
504 3979 595 4052 Quem
604 3979 695 4040 locum
706 3979 790 4040 habes
805 3979 926 4042 Humilia
940 3979 1093 4056 undecima,
1106 4001 1133 4062 p.
1148 3980 1199 4058 64,
1215 3981 1250 4040 D.

119 4073 317 4155 Theodoretus,
333 4074 405 4134 Dial.
421 4079 451 4153 l,
466 4076 501 4134 T.
515 4075 549 4152 d,
561 4097 589 4156 p.
610 4076 651 4136 52
659 4121 668 4154 ,
687 4075 778 4136 locum
792 4075 978 4159 Chrysostomi
998 4077 1071 4137 huno
1083 4075 1162 4136 affert
1173 4098 1180 4134 ι
1193 4075 1277 4136 lices
1290 4075 1353 4136 drus
1367 4074 1496 4156 ἀκούσῃς,
1507 4073 1542 4134 Ὁ
1565 4074 1653 4155 Λόγος

79 4169 144 4251 σάρξ
157 4169 270 4250 ἐγένετο,
283 4169 320 4250 μὴ
336 4170 482 4252 θορυὸηθῇς
497 4169 566 4249 μηδὲ
585 4169 754 4253 secanio-pc·
768 4174 798 4232 et
813 4172 866 4254 γάρ
879 4177 897 4246 ἡ
912 4172 988 4234 οὐσία
1010 4171 1154 4251 μετέπεσεν
1176 4173 1215 4241 εἰς
1231 4171 1328 4252 σάρκα,
1343 4169 1390 4231 καὶ
1403 4170 1438 4231 τά
1457 4169 1527 4244 ἑξῆς.
1547 4175 1656 4250 Itaque

79 4285 144 4324 eum
157 4266 297 4338 audieris,
313 4265 436 4328 Verbum
447 4284 509 4324 earo
525 4263 627 4324 lactum
639 4277 688 4339 est,
702 4284 739 4322 ne
752 4266 875 4326 certeris
895 4287 989 4347 neque
1001 4265 1123 4328 decidas
1135 4288 1145 4323 .·
1160 4286 1254 4346 neque
1268 4267 1348 4326 enim
1368 4267 1532 4326 substantia
1544 4264 1654 4324 decidit

79 4360 112 4415 in
128 4377 257 4418 carnem.
273 4357 353 4416 llunc
365 4378 472 4437 quoque
482 4357 573 4417 locum
584 4355 668 4442 hahes
681 4356 711 4416 in
724 4356 844 4418 Homilin
859 4358 1011 4437 undecima,
1023 4381 1051 4442 p.
1065 4359 1116 4436 66,
1128 4357 1162 4418 E.

120 4450 293 4533 Ephraemius
303 4451 484 4512 maacham
496 4449 570 4533 apud
582 4451 712 4513 Photium
727 4452 756 4512 in
769 4452 947 4533 Bibliotheca,
966 4453 1024 4517 oud.
1037 4456 1106 4532 229,
1115 4475 1145 4536 p.
1155 4451 1230 4514 805:
1241 4449 1446 4529 Ἰωάννηςριὲνδ
1456 4449 1654 4532 Χρυσόστομος,

80 4548 112 4607 τὸ
125 4545 194 4607 κατὰ
206 4545 333 4619 Ἰωάννην
348 4545 523 4608 ἀναπτύσσων
537 4548 713 4630 Εὐσγγίλιον,
727 4551 756 4609 ἐν
769 4549 896 4633 ἑνδεκάτῃ
905 4550 999 4634 budda
1010 4558 1140 4632 μαρινρεῖ
1152 4546 1254 4630 λάγων·
1270 4546 1363 4607 iudces
1376 4545 1422 4607 nul
1439 4543 1612 4626 τῇσυναφείρ
1626 4545 1654 4605 ἕν

83 4641 249 4711 ἔστινὸΘεὸς
256 4641 340 4722 Λόγος
347 4641 392 4701 καὶ
404 4640 547 4724 ἡσάρξοῦ
555 4642 708 4724 συγχύσεως
715 4644 867 4726 γενομένης,
875 4645 935 4708 ocal
945 4649 1096 4729 ἀφανισμοῦ
1108 4646 1162 4704 τῶν
1171 4643 1279 4703 οὐσιῶν.
1287 4640 1346 4701 Hoc
1355 4652 1406 4718 est,
1415 4640 1550 4700 Ioannes
1559 4639 1656 4717 Chry·

80 4750 223 4798 sostomus
235 4739 264 4797 E
268 4737 435 4819 vangelium
447 4739 576 4798 tonnas
591 4738 743 4819 explicans
755 4744 787 4799 in
799 4741 955 4803 undecima
966 4741 1102 4802 Homilia
1113 4738 1288 4820 testificatur
1299 4737 1401 4796 dicens
1414 4733 1545 4794 :Unitate
1554 4747 1580 4793 et
1594 4755 1657 4794 con-

77 4830 217 4909 junctione
227 4832 302 4890 Deus
314 4831 439 4892 Verbum
449 4844 474 4891 et
489 4851 552 4891 caro
567 4850 653 4891 unum
667 4847 730 4894 sunt
744 4831 802 4894 sine
811 4833 869 4894 ulla
881 4835 1037 4896 confusione
1047 4833 1091 4897 vel
1102 4829 1315 4913 substantiarum
1327 4827 1486 4890 sublatione.
1498 4825 1578 4885 Hunc
1590 4848 1655 4888 vero

80 4923 171 4984 locum
180 4925 274 5004 habes,
288 4948 316 5008 p.
327 4927 377 5005 6d,
394 4925 430 5003 E,
445 4939 471 4986 et
483 4926 533 5003 65,
542 4928 575 4985 Α.
591 4926 643 4987 Ηίι
656 4928 738 4987 οιίιιιι
750 4928 826 4990 vides
838 4943 908 4991 recte
918 4929 1108 5013 prraemium
1124 4928 1195 4988 hanc
1213 4925 1357 4987 homiliam
1375 4923 1547 4984 undecimam
1560 4941 1656 5014 utime-

81 5039 150 5097 rare,
162 5034 191 5079 ut
205 5021 232 5080 in
241 5021 485 5104 Manuscriptis,'et
497 5021 571 5104 apud
585 5022 721 5084 Savilium
731 5037 810 5105 atque
825 5025 954 5088 innostra
969 5025 1098 5088 Editione
1112 5037 1277 5086 numeratur.
1292 5025 1325 5084 ln
1339 5019 1502 5083 Maniliana
1522 5030 1613 5078 autem
1628 5026 1654 5080 e't

80 5114 143 5175 aliis
153 5114 326 5176 Editionibus
337 5116 442 5177 decima
454 5117 548 5178 lentur.

119 5215 148 5272 b.
166 5213 227 5273 Jam
241 5234 303 5273 vero
317 5226 462 5293 queratur,
472 5232 521 5275 cur
541 5216 656 5279 loannes
675 5215 887 5299 Chrysostomus
900 5219 928 5282 in
941 5219 1016 5283 bisce
1036 5217 1234 5282 commentariis
1253 5237 1300 5278 seu
1320 5213 1494 5278 concionibus
1511 5212 1655 5278 historiam
