3750 5940
170 463 240 509 202
521 465 552 512 8.
579 464 715 514 sonunts
740 463 933 516 cantsosr.
961 466 998 516 All

167 584 242 666 plicii
256 605 381 665 magnam
400 587 543 648 utilitatem
557 609 667 671 parere,
682 589 836 669 mnusque
856 608 909 650 non
928 597 946 644 B
964 613 998 652 κε

167 692 223 737 tam
249 679 388 759 promissis
408 702 490 760 quam
512 683 766 744 comminationibus
789 684 909 762 moveri,
964 682 998 743 dd

166 771 212 831 hic
226 771 334 832 tandem
355 773 459 834 claudit
474 779 728 837 sermonemetait:
743 780 801 857 (hri
819 780 912 838 eredit
964 797 998 836 oo

167 867 200 922 ἰυ
219 867 343 940 Filium,
366 869 456 928 habet
473 873 570 928 vitam
591 883 748 930 eternam:
765 875 817 953 qni
837 891 910 930 uero

169 976 229 1014 non
239 959 332 1017 eredit
343 959 439 1033 Filio,
464 979 523 1018 non
539 961 655 1020 videbit
666 964 773 1030 vitam,
794 961 847 1020 sed
863 965 910 1021 ira

166 1048 225 1107 Dei
242 1060 342 1108 manet
359 1070 446 1132 ευμεν
460 1071 536 1111 mm.
553 1052 673 1111 Rursum
687 1051 734 1111 bio
743 1050 780 1110 ad
801 1052 909 1111 Patrem

166 1156 316 1200 sermonem
341 1141 468 1223 supplicii
484 1142 573 1202 refert.
594 1145 654 1202 Non
674 1142 746 1203 enim
758 1142 848 1220 dixit,
864 1143 909 1204 lra
983 1145 997 1172 “¹

166 1231 248 1310 Filii,
263 1234 368 1295 etiamn
380 1236 427 1296 ille
434 1236 470 1296 sit
479 1235 580 1317 judex;
594 1235 642 1296 sed
654 1236 762 1296 Patrem
775 1256 908 1296 memora·

165 1324 223 1401 vit,
239 1341 269 1386 ut
279 1328 365 1408 magis
373 1342 492 1392 terreret.
504 1332 578 1389 Num
586 1351 650 1409 ergo
659 1329 777 1405 sufficit,
788 1329 908 1408 inquies,

165 1415 194 1474 in
210 1418 312 1477 Filium
326 1419 448 1498 erodere,
464 1435 494 1480 ut
510 1421 567 1482 vita
585 1433 682 1480 aeterua
696 1419 909 1481 habeaturlNe-

164 1527 307 1587 quaquam.
324 1510 397 1570 Audi
412 1511 551 1572 Christum
564 1511 615 1571 hoc
626 1511 715 1593 ipsum
728 1510 908 1572 declarantem

12 1606 100 1652 Mauso
115 1618 138 1664 7·
165 1598 209 1658 bis
219 1600 324 1679 verbis,
336 1604 405 1661 Non
416 1607 510 1662 omnis
521 1607 572 1683 qui
578 1603 650 1662 dicit
663 1604 746 1673 milri,
760 1603 904 1675 Domine,

165 1692 309 1766 Domine,
336 1698 460 1754 intrabit
491 1699 523 1752 in
558 1714 679 1774 regnum
705 1694 843 1754 celorum
849 1719 861 1764 ;
882 1708 944 1758 etc
965 1715 981 1752 σ

163 1781 331 1864 blasphemia
349 1785 377 1844 in
391 1786 524 1866 Spiritum
544 1786 646 1845 sufficit
668 1798 698 1844 ut
715 1785 743 1844 in
758 1785 907 1864 gebennam
993 1792 995 1807 '

163 1875 225 1954 quis
239 1876 406 1937 detrudatur.
418 1879 455 1937 Et
467 1878 536 1959 quid
548 1878 609 1939 dico
620 1878 655 1939 de
668 1891 744 1960 parte
754 1879 907 1958 dogmatis?
990 1881 996 1938 Ι

26 1975 95 2049 Fide·
105 1977 152 2020 nine
163 1969 233 2027 Nam
244 1983 268 2029 et
283 1970 306 2030 si
325 1970 386 2049 quis
406 1984 478 2031 recte
494 1970 585 2030 credat
597 1969 626 2029 in
647 1971 754 2029 Patrem
767 1984 793 2030 et
805 1971 906 2030 Filium
989 1973 995 2031 2

11 2048 69 2144 :22²ss
95 2039 153 2160 {22¹
163 2073 189 2120 et
200 2061 331 2142 Spiritum
342 2077 478 2138 sanctum,
489 2063 513 2122 si
525 2077 595 2123 recte
604 2083 657 2122 uon
669 2063 745 2123 vivat
752 2107 761 2138 ,
773 2062 843 2121 nibil
854 2063 906 2144 ipsi

10 2163 67 2206 deut.
163 2151 231 2212 fides
253 2153 372 2234 proderit
394 2153 430 2213 ad
455 2155 579 2213 salutem.
602 2153 676 2232 Ergo
696 2153 803 2232 quando
826 2154 906 2232 dicit,

10 2247 237 2324 toan.17.3.Haeo
256 2259 300 2306 est
312 2251 391 2305 enim
408 2252 475 2306 otta
488 2259 614 2319 υεεννυι,
632 2258 664 2305 ut
677 2259 855 2326 cognoscant
878 2259 906 2306 te

63 2325 70 2331 ⁸
162 2337 258 2397 solum
283 2360 387 2399 verum
405 2342 520 2412 Deum,
537 2359 569 2397 ne
584 2351 710 2420 putemus
724 2337 754 2397 id
775 2337 853 2397 nobis
871 2336 907 2396 ad

161 2427 276 2507 salutem
289 2430 354 2490 satis
363 2452 430 2492 esse.
443 2432 522 2512 Opus
535 2450 650 2510 namque
659 2427 737 2489 uobis
751 2443 792 2489 est
805 2443 830 2488 et
844 2429 906 2489 vitae

161 2534 188 2580 et
203 2542 311 2582 morum
323 2522 443 2583 instituto
454 2523 550 2606 probo.
567 2521 640 2582 Etsi
655 2521 701 2580 hic
714 2519 828 2599 dixerit,
848 2523 906 2600 Qui

161 2614 253 2672 credit
273 2619 305 2672 in
324 2615 454 2689 Filium,
471 2617 559 2674 babet
573 2618 669 2673 vitam
684 2626 825 2672 aeternam
831 2634 845 2686 ,·
859 2633 906 2673 ve·

161 2723 223 2761 rum
237 2705 371 2784 sequentia
385 2705 569 2766 vehementius
587 2703 709 2786 protulit.
723 2703 817 2783 Neque
834 2703 905 2762 euim
981 2708 987 2728 '

160 2797 405 2873 exbonlsummn,
415 2797 462 2859 sed
472 2797 552 2858 etiam
562 2817 597 2856 ex
606 2795 747 2858 contrariis
756 2815 905 2856 sermonem
922 2807 942 2854 D
958 2819 993 2862 τυ

160 2889 278 2950 contexit
285 2914 296 2969 3
326 2904 351 2952 et
374 2890 504 2972 videquo
517 2904 605 2974 pacto.
619 2889 703 2949 lulert
726 2889 819 2963 euim,
847 2890 926 2968 Qui'
958 2918 992 2954 ro

162 3003 222 3042 non
235 2985 326 3043 eredit
339 2985 420 3044 Filio
427 3030 437 3058 ,
454 3005 514 3044 non
527 2985 641 3043 videbit
655 2985 752 3041 vitam
758 3026 769 3055 ,
784 2982 838 3041 sed
857 2985 904 3042 im
958 3009 992 3046 rot

161 3076 219 3135 Dei
232 3088 331 3135 manet
344 3097 519 3157 supereum.
536 3077 661 3135 Attamen
675 3093 729 3133 nou
739 3071 804 3130 hino
817 3070 904 3132 inleri-
959 3103 992 3140 oe

160 3188 231 3244 mus,
241 3168 325 3229 solam
334 3166 417 3229 fidem
425 3168 460 3228 ad
469 3168 584 3229 salutem
594 3189 649 3228 esse
661 3166 742 3240 satis;
756 3163 828 3245 quod
839 3187 902 3247 pro·
958 3175 992 3252 ὑφ

160 3260 241 3321 batur
258 3284 294 3322 ex
311 3262 392 3322 dictis
409 3261 572 3342 evangelicis
588 3259 786 3340 linquentibus,
804 3258 903 3318 bonam
958 3267 992 3344 τῷ

160 3352 246 3412 vitam
258 3355 449 3435 spectantibus.
463 3354 529 3415 ldeo
543 3375 595 3414 non
615 3353 699 3429 dixit,
713 3352 777 3412 llaec
793 3352 849 3411 sola
861 3365 900 3412 est
960 3359 992 3435 μέ

161 3443 216 3503 vita
230 3459 345 3522 aeterna,
359 3467 457 3526 neque,
472 3448 499 3506 ls
515 3445 563 3526 qui
576 3444 746 3506 solummodo
767 3443 851 3504 credit
874 3445 902 3504 in
959 3460 991 3508 xe‘

160 3536 278 3614 Filium,
301 3537 382 3599 babet
397 3539 482 3598 vitam
501 3551 644 3615 eternam,
668 3535 715 3597 sed
739 3536 766 3595 iu
790 3549 903 3616 utroque
959 3564 991 3600 πε

158 3629 243 3689 vitam
264 3651 319 3690 esse
332 3630 475 3710 siguificat.
490 3631 568 3690 Certe
582 3631 605 3689 si
625 3629 680 3688 vita
694 3628 779 3711 proba
794 3649 846 3687 uon
860 3650 901 3688 se·
959 3639 991 3692 eo*

157 3736 265 3801 quatur,
273 3721 814 3803 maguumsequetursupplicium.Neque
822 3721 902 3798 dixit,
960 3729 989 3786 οὐ

158 3817 251 3874 Manet
268 3836 345 3889 eum,
360 3813 420 3889 sed,
437 3817 541 3873 Marwt
555 3834 643 3894 ευμεν
663 3834 726 3872 ευνυ
735 3837 747 3883 ;
762 3812 901 3874 declarans
920 3820 939 3868 Β
958 3820 990 3879 ἀλ

158 3927 306 3987 numquam
314 3907 350 3966 ab
362 3929 393 3967 eo
401 3907 580 3967 discessuram
590 3905 659 3964 iram
670 3926 734 3965 osse.
742 3907 782 3966 Ne
792 3921 901 3988 putares
957 3935 990 3993 erp

157 4001 229 4060 euim
240 4000 322 4077 illud,
339 4002 408 4061 Non
426 4000 540 4058 videbit
548 4001 646 4056 vitam
653 4042 663 4069 ,
675 4011 789 4056 mortem
798 4011 900 4081 tempo-
957 4029 990 4064 πα

157 4114 265 4153 raucam
276 4091 394 4152 indicare
400 4087 595 4171 3sedcrcdercs
604 4101 763 4170 perpetuum
772 4110 828 4149 csse
836 4113 899 4173 sup
958 4098 990 4157 ἀλ

156 4185 286 4265 plicium,
301 4186 353 4245 hoc
364 4183 470 4245 dictum
487 4181 593 4265 posuit,
609 4195 639 4240 ut
651 4182 801 4241 ostenderet
822 4183 898 4243 illam
957 4214 989 4250 σε

155 4294 286 4359 perpetuo
297 4300 404 4339 manere
416 4293 442 4338 et
455 4274 578 4338 insidere.
593 4273 666 4334 Illud
679 4288 770 4335 autem
781 4276 859 4352 lecit,
872 4292 901 4337 ut
957 4307 989 4366 po

155 4389 205 4450 per
213 4370 271 4429 haec
279 4371 369 4430 omnia
378 4371 461 4431 verba
471 4369 542 4451 ipsos
551 4365 734 4427 adCbristum
743 4367 899 4450 impelleret.
956 4373 989 4449 κὴ

155 4461 325 4542 Quapropter
338 4482 391 4520 non
412 4461 447 4519 ad
458 4461 520 4520 illos
533 4459 661 4540 privatim
675 4461 775 4520 monita
789 4460 898 4542 dirigit,
955 4471 989 4528 ἐν.

154 4552 237 4612 sedin
248 4553 400 4628 communi,
415 4566 440 4612 et
451 4567 481 4611 ut
492 4553 611 4612 maxime
625 4553 697 4634 ipsos
708 4553 815 4614 allicere
827 4568 899 4636 pote
910 4609 945 4647 m
956 4564 988 4621 αὐ

152 4661 203 4707 rat.
214 4649 274 4707 Nou
285 4647 356 4707 enim
365 4646 453 4723 dixit,
468 4647 498 4706 si
508 4645 639 4723 credatis,
653 4647 683 4706 Si
697 4669 750 4707 nou
766 4647 882 4708 credatis
888 4672 897 4726 3
918 4665 937 4710 Α
956 4653 985 4712 οὐ

152 4740 242 4802 sedin
256 4740 390 4800 communi
409 4739 545 4818 loquitur,
563 4754 593 4798 ut
607 4762 667 4819 quae
687 4740 816 4800 dicuntur
830 4739 899 4800 nulli
955 4770 988 4806 κα

152 4839 207 4900 sint
217 4837 363 4919 suspicioni
375 4837 493 4897 obnoxia
509 4861 515 4893 :
530 4835 611 4916 idque
623 4837 686 4898 fecit
696 4837 897 4913 vehementius,
956 4840 988 4899 lb

187 5051 287 5106 esivil.
306 5055 356 5106 «tea
371 5058 409 5104 καὶ
427 5054 489 5110 εἰδὼς
500 5055 587 5110 πολλὴν
603 5061 643 5110 τῆς
661 5056 773 5112 κολάσεως
790 5055 858 5106 οὖσαν
876 5062 917 5114 τὴν

151 5136 222 5199 ἰσχὺν.
235 5127 322 5181 llorel.
336 5137 414 5185 ἕνεκα
427 5133 513 5187 πολλὴν
525 5132 585 5188 εἰδὼς
596 5137 651 5182 ἀπό.

186 5210 199 5249 ‘¹
212 5210 255 5260 Sic
266 5208 342 5262 savit.
355 5207 448 5260 llorels
457 5213 513 5279 θμᾷς
524 5219 570 5267 πῶς
581 5215 705 5261 κάνταῦθα.

183 5298 192 5318 ‘
203 5288 289 5340 llorel.
302 5293 362 5343 οὐδὲν
373 5294 433 5354 αὐτῷ
447 5290 515 5341 alicu
526 5294 571 5339 ἀπὸ
581 5298 621 5345 τῆς
631 5294 725 5345 πίστεως
736 5293 807 5340 ἔντυε.
