3750 5940
458 479 492 526 ru
518 478 719 527 eremorum
745 479 789 525 nu
815 478 902 525 rrcu.
1005 467 1009 475 '
1397 462 1464 552 747

51 603 154 686 ίγοντσς
193 603 293 680 ειμῶνα
320 592 386 660 εἶναι
410 605 469 661 κατ’
498 606 595 663 ἐκεῖνον
621 603 665 663 τδν
719 603 877 682 frugiferam
893 599 1054 660 fierifliam
1107 598 1271 668 ieamdieto
1286 603 1465 685 amfeeit,po·

51 685 73 743 tl
95 687 141 742 'ai
157 625 194 760 td
208 680 235 740 τί
253 683 310 740 ίστι
324 680 469 761 μυστήριον
486 681 553 762 ὑπὲρ
566 682 666 762 ἅνθρω-
719 683 772 741 tuit
794 682 876 742 etiam
900 677 1042 739 fecundam
1089 680 1140 739 'eto
1162 680 1283 741 reddere.
1300 682 1377 755 Quid
1398 705 1463 744 vero

51 768 59 836 ἱ
83 763 252 840 τελυίμενον,
272 760 467 842 εὑρείήσεταιδ
487 760 584 843 Ιίύριος
597 761 666 821 κατὰ
718 762 798 820 etiam
818 760 940 841 peccavit
960 758 1037 833 licus,
1054 758 1126 819 diuet
1143 759 1253 839 aliquis,
1270 782 1331 820 eum
1356 776 1462 844 tempus

53 841 131 924 ρόπσν
156 840 307 915 ἐπαινετὸς,
330 839 400 899 κατὰ
425 839 452 900 δὲ
478 839 565 921 ἕτερον
591 865 664 919 μεμ-
717 841 775 920 ejus
797 861 850 899 nou
874 852 953 914 esset,
969 838 1075 900 dicente
1093 843 1186 900 Mareu
1212 841 1387 921 evangelista,
1403 857 1461 902 tum
1471 859 1596 906 Mamur.

51 921 140 988 ιινετδς
166 920 212 998 μὲν
238 918 307 1000 γὰρ,
334 922 374 978 ὅτι
395 918 466 1017 λόγῳ
490 920 570 992 αὐτὴν
602 919 664 992 lid·
718 922 845 1001 temporis
867 918 993 1000 hyemem
1013 920 1113 978 fuisse?
1127 918 1209 992 Quod
1234 920 1256 978 si
1280 943 1333 979 nou
1349 922 1462 999 aliquod
1476 920 1510 966 ¹3·

51 999 120 1068 ττίος
142 998 183 1070 δὲ,
207 999 248 1058 ὅτι
264 997 360 1068 ἀδίκως
381 1002 462 1072 αὐτην
485 999 663 1080 κατηράσατο.
717 999 752 1058 sit
763 1000 893 1081 inipsam
915 999 1025 1059 sterium
1038 997 1264 1082 supralromincm
1274 1000 1462 1081 adimpletum,

51 1088 106 1139 οσῐν
131 1085 178 1138 τοῦ
194 1081 301 1152 λοιποῦ,
322 1080 469 1158 ἀγαπητοί,
491 1078 559 1145 τίνος
574 1080 663 1162 ἔρερεν
681 1081 700 1130 C
717 1099 771 1138 uuo
787 1078 867 1138 modu
889 1019 1053 1156 dudardus,
1077 1080 1160 1138 altero
1182 1099 1246 1138 vero
1264 1080 1463 1160 reprehenden-

51 1165 115 1232 ικῆ·
130 1157 224 1241 οὗγδιρ
238 1150 270 1230 ἦν
285 1182 310 1216 τι
328 1159 379 1218 ὑπὸ
396 1159 510 1240 Χριστοῦ
526 1158 663 1237 γενόμενον
716 1157 768 1218 dus
782 1160 916 1219 Dominus
929 1158 1255 1240 reperietur31audandus
1267 1159 1376 1238 quidem
1389 1162 1465 1238 quod
1510 1216 1513 1222 .

52 1241 99 1298 οὐκ
111 1228 166 1318 εἶχε
178 1236 321 1317 μυστήριον
329 1236 351 1296 ⁵.
363 1235 454 1304 Ὅλους
465 1236 536 1296 οὐδὲν
550 1230 583 1310 ἦν
599 1263 637 1297 πα
657 1240 663 1261 ’
717 1257 778 1299 eam
788 1240 871 1301 verbo
887 1239 1033 1307 arefecerit,
1041 1238 1278 1319 reprehendendus
1288 1253 1378 1298 autem
1388 1241 1464 1318 quod

51 1341 116 1376 ιενον
131 1316 247 1398 ἔργον,δ
262 1317 298 1394 μὴ
312 1316 413 1397 σρίδρα
429 1316 598 1399 ὠρίλιμονί·
621 1262 664 1376 σί·
717 1317 853 1378 immerito
873 1319 914 1378 illi
932 1318 1112 1378 maledixerit.
1130 1320 1324 1379 Verumtamen
1337 1318 1463 1401 deinceps

51 1395 96 1456 td«
116 1397 164 1469 τὴν
186 1397 326 1469 ἀλήθειαν·
353 1395 425 1456 οὐδὲν
444 1398 458 1458 δ
478 1397 514 1475 μὴ
538 1395 664 1478 repleris
718 1398 925 1478 intelligendum
945 1412 999 1472 est,
1021 1397 1206 1471 dilectissimi,
1230 1399 1371 1478 cujusnam
1393 1399 1464 1459 ima-

52 1501 82 1535 ων
94 1476 250 1614 παραδογῖὴν
265 1474 345 1535 ἐκίνει
357 1477 401 1535 τὸν
417 1483 484 1536 νοῶν.
494 1476 603 1551 Ταύτην
617 1479 665 1551 τὴν
718 1479 808 1558 giuem
826 1491 928 1558 gereret
947 1478 1014 1536 ficus
1028 1503 1036 1536 ι
1050 1497 1135 1556 neque
1153 1479 1224 1536 enim
1244 1478 1296 1535 fuit
1312 1478 1463 1557 quidquam

52 1553 117 1615 udat
129 1581 181 1615 των
242 1555 345 1633 μηνίων
356 1554 478 1694 είργήκασι
492 1561 525 1631 τῆ
535 1560 588 1617 τῶν
600 1560 666 1618 ’ίου-
719 1579 812 1617 eorum
826 1579 914 1638 quea
933 1556 1041 1617 Christo
1056 1557 1225 1637 gerebantur,
1238 1556 1311 1694 γρογί
1335 1559 1463 1638 mysterio

52 1639 130 1715 γωγῇ
149 1625 517 1720 παρεικασμίνηνεναι,ἐρ”
538 1629 664 1711 ivilla,
720 1651 833 1698 vacaret.
853 1638 884 1696 ln
905 1637 1078 1713 uuiversum,
1103 1637 1247 1696 nulluma
1290 1658 1349 1718 ipso
1367 1651 1462 1717 patra-

52 1713 131 1792 ίριος,
145 1717 230 1786 ζητῶν
244 1716 271 1772 ίν
284 1717 349 1793 αὐτῇ
365 1715 465 1797 καρπδν
479 1717 607 1784 πίστεως·
620 1713 666 1777 καί
718 1728 777 1776 tum
791 1731 856 1776 esto
879 1738 909 1776 us
923 1715 994 1794 quud
1014 1737 1066 1776 non
1080 1716 1229 1775 admodum
1240 1716 1406 1774 furetuosum
1421 1738 1464 1776 cs-

53 1797 77 1852 εί
89 1794 127 1872 μὴ
143 1793 311 1873 μόνονλόγοις
323 1800 464 1876 προφητῶν
477 1796 521 1855 καὶ
530 1796 610 1874 νόμου
617 1821 666 1856 κοι·
718 1808 757 1855 set
777 1819 784 1852 ο
804 1738 881 1854 nihil·
896 1794 970 1875 quod
989 1796 1129 1857 ueritatem
1152 1817 1206 1854 non
1231 1795 1377 1855 clamaret:
1392 1795 1465 1855 nihil

52 1877 233 1951 οιςκοριῶσαν·
244 1871 283 1932 διδ
293 1873 339 1932 καί
352 1873 590 1973 ίξήρανε”,λέγων·
604 1879 665 1949 Mu·
719 1873 792 1954 quod
805 1875 839 1933 ad
861 1875 1007 1935 caelestium
1025 1896 1115 1934 rcrum
1130 1875 1325 1963 susceptionem
1341 1874 1463 1935 animum

78 1953 178 2034 καρπὸς
194 1951 303 2033 γένηται
326 1957 362 2019 εἰς
382 1977 426 2013 τον
442 1957 534 2015 αἰῶνα.
547 1954 619 2035 Ἐγὼ
637 1952 664 2015 δί
718 1974 770 2014 uon
789 1954 926 2014 excitaret
940 1954 1021 2013 Mrrlti
1033 1976 1067 2014 ex
1081 1954 1145 2013 inter
1169 1954 1272 2032 retibus
1287 1954 1369 2012 licum
1382 1954 1464 2013 istam

53 2056 71 2112 ιγ
89 2029 173 2112 ταύτῃ
188 2036 323 2114 πειρῶμαι
347 2031 501 2113 ἀντιλέγειν,
516 2034 663 2112 ἀγαπητοί·
717 2034 876 2095 Judoeorum
897 2054 1040 2114 synagoge
1058 1975 1232 2094 assimilatam
1248 2054 1305 2092 esse
1320 2031 1461 2111 dixerunt,

52 2135 79 2178 υς
95 2110 180 2191 ἔχειὴ
197 2111 319 2194 ολκρίίεια
329 2118 376 2171 τοῦ
387 2112 527 2190 νοήματος.
539 2116 602 2180 Πῶς
613 2113 647 2194 γδι
682 2119 701 2164 D
717 2113 752 2172 ad
772 2135 855 2192 quiam
875 2114 949 2172 venit
972 2113 1118 2188 Dominus,
1138 2112 1278 2192 inquiunt,
1298 2113 1416 2171 fructum
1434 2113 1463 2172 in

52 2195 130 2249 ἀτοδ
146 2190 370 2271 Κυριος,·λίγων,
397 2193 553 2271 utto-ntea,
568 2193 614 2252 καί
626 2135 664 2271 ui
717 2212 747 2252 ea
765 2193 830 2252 fidei
852 2213 973 2271 qurerens
988 2215 995 2249 ε
1012 2213 1098 2270 neque
1116 2191 1219 2252 invenit
1239 2192 1291 2250 uisi
1314 2192 1464 2272 proplieta-

71 2274 128 2335 πῶς
144 2269 172 2330 δὲ
193 2271 239 2330 καὶ
255 2269 302 2341 τὴν
322 2271 476 2349 συναγωγλν
494 2271 665 2354 κατηράσατο
717 2293 779 2332 rum
797 2294 829 2332 ac
851 2271 920 2351 legis
936 2272 1105 2331 sermonibus
1118 2271 1195 2349 quasi
1209 2271 1282 2330 foliis
1293 2284 1462 2330 comantem:

53 2371 111 2408 ανεν
122 2353 136 2409 δ
146 2349 241 2429 λέγων,
253 2353 312 2409 Οὐκ
322 2341 398 2422 ἦλθεν
412 2352 498 2418 otu<
509 2358 554 2410 τοῦ
566 2350 665 2432 ἀνθρώ·
716 2365 879 2432 quapropter
894 2363 920 2410 et
934 2351 1051 2426 arefecit,
1061 2350 1154 2410 dicens
1169 2374 1177 2408 τ
1195 2352 1367 2431 Numquam
1385 2371 1423 2409 ex
1436 2363 1464 2410 te

53 2452 97 2500 αι,
120 2428 187 2488 ἀλλὰ
202 2432 313 2501 ζητῆσαι
338 2429 382 2486 καί
406 2434 492 2491 σῶσαι
510 2431 540 2490 τδ
559 2433 665 2490 ἀπολω-
709 2432 832 2512 fruetus
851 2443 992 2490 nascatur
1016 2434 1048 2489 in
1072 2443 1221 2489 eternum.
1239 2429 1299 2489 Euo
1315 2451 1379 2489 vero
1397 2429 1464 2489 huie

61 2531 102 2575 τις
120 2508 159 2568 ἔτι
174 2508 302 2588 ἀντιλέγει
323 2508 369 2567 καὶ
389 2512 548 2589 φιλονεικεῖ,
564 2509 664 2590 λίγων,
716 2510 877 2600 expositioni
899 2509 1080 2568 contradicere
1106 2509 1241 2585 conabor,
1263 2476 1356 2567 dilecti
1378 2533 1387 2566 .·
1409 2529 1462 2568 nou

53 2588 140 2648 »δαίων
156 2594 295 2667 συναγωγῇ
308 2588 524 2668 παρεικασμένην
536 2580 602 2669 εἶναι
616 2588 663 2662 τὴν
717 2608 789 2649 euun
806 2612 836 2648 ea
854 2602 894 2648 est
904 2610 966 2648 vcra
981 2603 1007 2648 et
1023 2603 1116 2648 exacta
1130 2588 1303 2668 significatio.
1318 2587 1462 2660 Quomodo

53 2667 120 2741 δῶς,
136 2665 235 2745 λεγίτω
250 2665 337 2740 πῶς’ί,
353 2668 406 2727 ἀπὸ
420 2672 496 2748 ῥιζῶν
508 2669 663 2751 ξηρανθεῖσαι
717 2688 833 2746 namque
846 2667 1030 2728 maledixisset
1043 2669 1188 2744 Dominus,
1204 2669 1250 2745 qui
1263 2667 1332 2726 dicit
1345 2691 1351 2724 :
1364 2671 1461 2726 Bene·
1471 2683 1539 2730 noni.
1551 2697 1586 2730 ιε.

53 2755 164 2808 τοιοῦτον
184 2746 314 2827 ἔγκαρπον
329 2748 425 2806 κλάδον
440 2747 602 2822 ἐίλοίστησε,
618 2748 662 2809 τὸν
716 2749 814 2820 dieite,
824 2761 851 2806 et
858 2748 949 2806 nolite
957 2748 1146 2806 rraaledicere?
1156 2747 1291 2826 quomodo
1301 2760 1460 2828 autemsyn·
1476 2748 1511 2808 ¹4·

61 2827 177 2886 Παῦλον.
200 2826 319 2893 Πολλοὺς
335 2826 419 2886 δὲκαὶ
433 2827 526 2895 ἄλλους
542 2825 663 2908 ἐπιστρί-
715 2847 807 2916 agoge
825 2825 1010 2885 maledixisset
1029 2840 1056 2884 et
1077 2848 1137 2885 eam
1162 2827 1321 2899 arefecisset,
1344 2825 1392 2905 qui
1415 2826 1461 2884 di-

54 2930 125 2985 ωμεν
146 2909 176 2965 ἐκ
199 2909 247 2975 τῆς
267 2911 318 2964 τῶν
338 2905 472 2965 Ἰουδαίων
496 2912 662 2985 συναγωγῆς·
715 2908 851 2964 ειῑεΝοη
875 2910 959 2965 venit
982 2907 1080 2965 Filius
1101 2907 1229 2964 hominis
1249 2907 1384 2986 perdere,
1410 2907 1462 2964 sed
1471 2927 1526 2970 Luc.
1537 2938 1562 2985 9,
1573 2924 1612 2970 56,

53 2987 73 3045 ιὶ
88 2986 219 3068 Στέφανος
232 2991 246 3044 ὁ
259 2985 391 3053 didacide
403 2986 453 3046 ὑπὸ
465 2991 517 3045 τῶν
530 2985 662 3046 Ἰουδαίων
715 3005 844 3065 quaerere
853 2997 881 3043 et
892 2986 1118 3067 salvumsacere
1131 2986 1210 3065 quod
1226 2983 1461 3065 perierathuod
1470 2997 1493 3034 ⁸⁸
1508 3001 1544 3047 ¹9·
1560 2999 1595 3035 ¹⁰·

59 3071 107 3137 τῆς
136 3070 289 3144 συναγωγῆς
315 3064 457 3145 ἐτύγχανε,
485 3066 531 3123 καί
555 3065 663 3133 Ἀκύλας
714 3063 816 3143 siquis
837 3063 927 3122 adhuc
952 3063 1116 3122 contradicat
1140 3077 1166 3121 et
1181 3062 1331 3138 contendat,
1346 3063 1458 3124 Judaeo·

55 3147 105 3203 λλα
122 3145 167 3203 καὶ
188 3145 280 3204 πολλοί
309 3134 399 3217 ἄλλοτ’,
424 3135 460 3202 ῶν
479 3146 523 3204 τὸν
549 3146 663 3205 κοταλο-
714 3164 775 3202 rum
799 3163 943 3224 synagoge
959 3143 1134 3202 assimilatam
1156 3164 1213 3202 esse
1232 3143 1326 3216 ficum,
1353 3164 1461 3223 respon-

53 3224 204 3302 ιόνομσίτων
220 3223 263 3282 td
276 3223 306 3282 τὸ
320 3227 419 3295 πλῆθος
430 3229 482 3282 τῶν
500 3223 594 3292 λέξεων
608 3247 660 3283 πα·
714 3221 777 3282 deat
796 3244 849 3302 quo
871 3236 951 3305 paeto
970 3223 1005 3281 ab
1027 3221 1118 3283 radiee
1135 3223 1251 3282 arefacta
1270 3243 1407 3304 synagoga
1421 3236 1461 3281 ta·

60 3413 92 3465 μή
105 3424 126 3453 τι
139 3406 165 3460 ἦν
176 3425 203 3465 μ.
219 3401 362 3471 ἀνθρώπων]
658 3449 660 3455 ,
695 3412 820 3466 μηνεοτῶν.
832 3397 929 3467 [savit.
940 3407 1011 3461 τὴν...
1023 3400 1171 3467 mandrie]

65 3478 137 3527 addit
149 3484 205 3549 arip
217 3486 340 3547 ἀνθρώπων
353 3483 493 3546 celadusam.
509 3480 569 3531 Mox
587 3477 654 3530 ldem
727 3485 737 3511 ⁸
755 3475 853 3549 [Saul.
871 3475 945 3530 addit
963 3485 1041 3539 ostrea.
1053 3476 1131 3530 Paulo
1146 3488 1205 3528 ente
1223 3475 1301 3528 hebet
1321 3488 1396 3544 νόμοις
1414 3493 1461 3542 pro

60 3632 157 3683 omittit
173 3633 248 3684 verbu
260 3630 293 3683 ab
304 3638 365 3686 οὐδέν
377 3632 410 3685 ad
422 3641 529 3694 ἀλήθειαν
542 3636 550 3700 }
694 3560 869 3702 nidificastis!
877 3644 922 3709 γὰρ
933 3642 1013 3704 alxi...
1027 3639 1153 3703 ὶτὺγχανεν,
1166 3631 1237 3688 le...
1251 3644 1295 3686 τῶν
1313 3641 1376 3700 δνομ.
1392 3643 1464 3688 νῦν-η·

56 3712 157 3765 νὸυιίί.
172 3725 197 3762 et
211 3710 262 3764 duo
274 3714 379 3771 Codices
399 3712 485 3764 llorel.
502 3725 526 3763 et
539 3731 601 3764 uuus
614 3721 653 3785 tp-
692 3715 795 3781 λὶγιινς]

408 3923 612 3987 δΕλίΕΗΙΑΝΙ
632 3924 951 3985 lNTERPRETATIO.

54 4099 114 4176 lere,
137 4101 184 4180 qui
195 4101 267 4160 enim
279 4100 364 4162 verbo
377 4124 436 4162 eam
450 4102 566 4170 arefecit.
588 4115 691 4185 poterat
718 4104 799 4164 etiam
823 4099 1014 4162 feracissimam
1036 4097 1112 4158 illam
1124 4095 1294 4156 constituere.
1306 4093 1381 4167 Quid
1391 4115 1453 4176 pee-
1464 4110 1501 4151 ars

55 4203 96 4254 ea,
109 4181 220 4240 forsitan
231 4183 293 4261 quis
305 4182 417 4260 dixerit,
433 4205 517 4261 quum
528 4206 581 4242 non
595 4198 652 4243 erat
662 4185 720 4264 ejus
736 4183 863 4264 tempus?
880 4180 949 4241 sieut
960 4195 986 4239 et
999 4181 1109 4239 Marcus
1120 4175 1284 4256 evangelista
1293 4173 1380 4252 dixit,
1392 4196 1455 4234 nam

55 4261 86 4318 lo
97 4273 215 4341 tempore
232 4276 297 4320 erat.
316 4265 388 4342 lirgo
406 4263 428 4321 si
443 4265 603 4344 mysterium
617 4262 727 4342 aliquod
739 4277 847 4345 propter
857 4260 979 4320 homines
1000 4259 1027 4318 in
1041 4257 1088 4316 illa
1099 4269 1237 4337 peractum
1248 4275 1301 4314 non
1312 4268 1362 4333 est,
1378 4254 1454 4314 inve·

55 4339 164 4398 *ominus
183 4341 240 4421 ipse
255 4341 338 4400 simul
350 4341 502 4400 laudandus
516 4365 546 4401 eo
558 4343 632 4421 quod
645 4343 729 4402 uerbo
743 4343 859 4423 potuerit
877 4341 1009 4399 arefacere
1028 4337 1113 4408 illam,
1127 4350 1153 4394 et
1173 4334 1256 4393 simul
1273 4332 1454 4424 inculpandos

55 4419 118 4490 iuste
129 4419 152 4477 ei
164 4420 343 4500 maledixerit.
358 4421 411 4480 Sed
423 4435 526 4503 oportet
535 4423 633 4482 dehinc
654 4422 815 4500 intelligere,
830 4419 932 4497 dilecti,
950 4418 1030 4478 talem
1043 4417 1157 4475 formam
1164 4435 1219 4552 Era}
1231 4435 1258 4473 se
1265 4414 1359 4473 tulisse
1371 4413 1451 4473 licul-

57 4491 129 4556 ideit
145 4499 245 4559 nilrila
265 4500 372 4559 Christo
392 4502 494 4561 factum
509 4503 571 4574 fuit,
584 4501 650 4581 quin
672 4502 832 4582 mysterium
850 4498 1020 4581 perfectionis
1039 4509 1149 4577 propter
1184 4492 1287 4553 omines
1301 4492 1450 4569 habuisset,

55 4577 87 4635 ab
102 4599 133 4636 eo
153 4593 333 4660 perpetratum
347 4581 399 4640 fuit
419 4603 498 4663 opus,
518 4581 584 4660 quin
600 4580 679 4641 valde
693 4582 787 4640 utilius
803 4594 879 4658 esset,
898 4593 979 4658 atque
993 4576 1029 4636 ad
1042 4574 1172 4634 caelestem
1186 4571 1382 4654 susceptionem
1395 4573 1452 4632 aui-

55 4671 114 4716 sset.
1143 4697 1146 4705 ,

55 4735 161 4796 uincam
173 4738 286 4818 majores
297 4738 425 4799 dixerunt
449 4738 607 4801 ludaeorum
626 4761 791 4821 synagogam
809 4761 876 4817 esse,
891 4737 1019 4816 adquam
1032 4735 1117 4810 venit,
1129 4732 1216 4808 aiunt,
1230 4729 1364 4791 Dominus
1380 4753 1453 4812 qum-

56 4837 84 4873 m
94 4816 169 4889 fidei,
182 4831 217 4895 et,
231 4818 282 4876 nisi
297 4832 400 4878 tantum
414 4820 503 4879 verbis
519 4821 712 4900 prophetarum
722 4842 753 4878 ac
766 4819 823 4898 lege
837 4832 974 4897 tamquam
989 4814 1201 4874 frondescentem
1211 4810 1294 4882 foliis,
1306 4833 1359 4871 nou
1374 4834 1448 4892 repe·
1502 4815 1513 4838 ’

55 4916 69 4952 e
92 4896 210 4972 arefecit,
230 4897 323 4957 dicens
341 4905 368 4972 :)
383 4901 451 4958 Non
474 4901 600 4980 amplius
612 4899 669 4978 fiet
683 4920 703 4958 a
717 4912 745 4958 te
753 4901 876 4979 fruetus
892 4902 925 4956 ιἰι
938 4910 1088 4957 πίυνηαικ,
1101 4893 1163 4972 Ego
1175 4905 1264 4950 tamen
1280 4891 1345 4949 huie
1358 4891 1450 4980 expli-

56 4975 197 5034 rtradicere
215 4976 367 5056 aggredior,
387 4978 494 5051 dilecti3
509 4979 636 5058 quoniam
654 5000 705 5037 nou
722 4979 760 5037 ita
772 4977 920 5037 constantia
935 4974 1070 5036 sententie
1090 4972 1175 5032 adest.
1191 4969 1334 5043 Quomodo
1349 4989 1451 5050 quippe

56 5068 74 5112 rt
89 5055 232 5131 Dominus,
245 5057 292 5134 qrri
306 5057 423 5133 dicebat,
435 5061 613 5130 Benedicite,
629 5078 720 5139 neque
729 5059 923 5118 maledicetis?
936 5053 1080 5131 Quomodo
1090 5065 1116 5111 et
1125 5069 1289 5131 synagogam
1299 5063 1451 5128 ¹exsecratus

56 5134 182 5207 eiecisset,
196 5136 243 5215 qui
257 5136 382 5196 dicebat:
396 5140 465 5197 Non
476 5143 557 5197 venit
569 5139 666 5197 Filius
681 5140 808 5196 lerninis
819 5138 949 5217 perdere,
966 5136 1019 5195 sed
1037 5151 1173 5215 querere,
1186 5142 1214 5188 et
1225 5129 1451 5265 οσίνανρρσπᾶἱ-

56 5265 58 5272 ,
70 5213 93 5273 si
105 5214 167 5293 quis
180 5229 271 5275 contra
282 5217 391 5308 litigans
404 5218 544 5277 asseruerit
555 5217 713 5280 ,ludaeorum
727 5237 893 5297 synagogam
907 5215 1023 5275 similem
1033 5235 1088 5272 esse
1100 5210 1232 5276 ficulnea,
1245 5227 1325 5285 quom
1363 5229 1379 5266 ο
1392 5228 1451 5282 sus-

56 5294 130 5353 'citus
143 5295 286 5355 arefactam
299 5297 380 5357 fuisse
403 5318 577 5378 synagogam,
592 5319 652 5376 qua
665 5298 745 5357 talem
758 5295 955 5357 fertilissimum
980 5313 1085 5354 ramum
1099 5287 1237 5371 produxit,
1249 5285 1450 5424 suavissimum,
