3750 5940
427 482 458 527 iu
489 480 771 529 ννοινννννοννενι
798 480 935 547 ννονννινν,
965 485 1041 532 ure.
1442 462 1511 558 895

51 601 107 675 λη,
127 607 203 662 τοῦτο
225 602 324 683 πάσχει
343 612 360 674 ή
395 603 496 674 ήκατθ
519 603 548 662 τὸ
564 602 714 683 εἰρημένον·
771 603 824 663 alia
834 604 1021 679 materia,hoc
1029 605 1132 686 patitur
1143 606 1387 682 terra,secuudum
1398 606 1429 665 id
1439 606 1511 685 quod
1523 632 1580 673 um,
1599 631 1622 676 6,

51 703 78 738 εν
87 685 103 738 θ
112 681 180 747 Θεὸς
195 678 240 752 τήν
249 685 309 760 γῆν,
320 682 364 740 καί
375 626 406 760 iu
418 683 619 762 κατεφθαρμένη
630 691 716 742 πᾶσα·
770 681 924 743 dictumest
936 707 942 740 :
953 687 983 744 E
985 698 995 743 t
1009 686 1086 743 vidit
1099 686 1180 745 Deus
1197 698 1314 756 terram,
1332 698 1360 746 et
1370 699 1433 745 erat
1447 707 1513 745 cor·
1524 702 1560 736 ¹²·

51 757 153 840 ἔφθειρε
174 759 328 841 πᾶσασθιρξ
349 765 397 838 τήν
418 761 476 820 ὁδὸν
489 765 578 833 αὐτῆς.
593 754 656 822 llus
668 760 717 834 τήν
772 776 859 842 rupta
887 768 981 823 omnis
988 788 1000 833 ,·
1046 767 1096 823 uia
1125 777 1292 844 corruperat
1320 769 1414 823 omnis
1443 768 1513 824 retro
1591 797 1593 800 v

51 836 63 895 t
76 829 109 910 ήν
120 839 321 920 κατεφθαρμίνη
331 844 349 911 )·
362 843 444 909 οὕτως
455 842 479 899 οί
489 846 622 922 προφῆται
632 844 718 920 ἀπήγ-
772 844 964 901 uiumsuam.
985 843 1020 903 Vi
1044 842 1063 901 't
1083 855 1193 917 terram,
1206 855 1232 901 et
1243 855 1300 901 erat
1312 842 1514 922 corrupta):sic

51 916 187 998 νῷκόσμῳ
201 916 245 976 τὸν
256 921 339 977 αἰῶνα
354 924 398 983 τὸν
410 919 540 998 μέλλοντα
548 921 591 980 τὸν
604 919 719 980 πεσόντα
772 920 908 1000 propbeta
921 919 1024 980 mundo
1042 921 1237 981 annuntiabant
1251 922 1380 981 saeoulum
1392 923 1515 982 futurum

55 996 179 1076 ἐγείρειν,
192 997 238 1056 καὶ
254 997 300 1070 τήν
316 1005 458 1085 φθαρεῖσαν
478 999 566 1058 εἰκόνα
581 998 717 1058 άνακαινί-
772 1011 923 1059 erecturum
946 1020 1002 1060 csse
1023 999 1130 1082 lapsum
1145 1001 1254 1072 orbem,
1276 1013 1303 1060 et
1323 1014 1516 1062 renovaturum

51 1074 77 1133 al
101 1076 193 1153 μήτις
212 1076 531 1154 θπολαμόανίτοιπολλθς
545 1069 612 1137 εἶναι
625 1075 718 1159 περιό-
736 1075 755 1122 (ἶ
772 1098 829 1137 esse
841 1093 996 1160 corruptam
1013 1078 1167 1158 imaginem.
1185 1080 1226 1139 Ne
1245 1100 1310 1139 vero
1323 1080 1385 1159 quis
1397 1081 1516 1160 suspice·

51 1151 57 1173 '
115 1155 173 1229 ,τὸ
190 1146 242 1214 ὧδε
260 1158 368 1220 κάκεῖσε
391 1159 516 1240 φέρεσθαι
535 1156 569 1217 τά
582 1158 718 1234 νοήματα·
772 1169 818 1215 tur
830 1157 930 1218 multos
944 1179 1000 1218 esse
1012 1161 1158 1225 verborum
1171 1158 1310 1234 circuitus,
1327 1162 1516 1220 et'sententias

51 1176 192 1312 ἶθζντςάντα
202 1236 238 1302 είς
253 1234 317 1314 μίαν
328 1240 454 1319 ἀνάγεται
467 1234 588 1313 δύναμιν.
599 1235 664 1296 ’Eas
679 1234 717 1315 μή
773 1234 845 1294 ultan
864 1235 986 1314 citroque
1007 1237 1071 1296 ferri
1081 1261 1088 1296 ε
1098 1237 1156 1299 baec
1168 1237 1270 1318 quippe
1283 1238 1373 1297 omnia
1392 1239 1420 1297 in
1433 1259 1515 1298 unam

65 1310 202 1390 δείξωμεν,
213 1318 270 1381 πῶς
286 1318 407 1419 ἐφθάρηό
423 1317 530 1393 κόσμος,
546 1319 576 1374 οὐ
585 1315 718 1394 δυνάμεθα
774 1314 830 1373 vim
840 1314 1018 1378 reducuntur.
1031 1316 1090 1376 Nisi
1101 1317 1178 1398 prius
1187 1317 1369 1394 ostendamus,
1380 1318 1516 1396 quomodo
1546 1370 1553 1385 ,

51 1394 112 1457 πῶς
122 1392 299 1466 άνεκαινίσθη.
326 1398 366 1455 Ην
379 1396 464 1456 τοίνυν
478 1398 719 1474 πᾶσαήγήκατε·
773 1392 979 1454 mundusoorru
1002 1410 1045 1455 tus
1057 1396 1154 1473 luerit,
1168 1416 1220 1455 non
1253 1417 1376 1456 ossumus
1395 1397 1517 1456 ostende·

51 1493 101 1544 νη,
116 1471 223 1552 οὐρανὸς
239 1472 451 1553 ἀμθλυνόμενος,
465 1473 511 1533 καί
523 1484 597 1535 πᾶσα
608 1479 624 1545 ή
635 1472 720 1542 κτίσις
773 1493 816 1546 re,
830 1473 964 1551 quomodo
977 1417 1058 1534 iirerit
1071 1418 1310 1536 renovatusphrat
1331 1475 1415 1554 igitur
1429 1477 1516 1536 omnis

51 1547 123 1620 ιίνη.
138 1553 197 1610 Οὐκ
217 1543 250 1624 ήν
296 1553 380 1622 κτίσις
399 1552 592 1624 claviculares
613 1553 720 1625 αὐτήνό
774 1565 842 1611 terra
852 1566 988 1633 corrupta,
998 1553 1094 1613 calum
1106 1555 1288 1630 obscuratum,
1296 1555 1383 1614 omnis
1396 1570 1517 1614 creatura

51 1630 74 1687 τ’
87 1629 187 1709 ἀρχῆς,
202 1632 250 1690 οὐκ
263 1556 320 1704 iro
333 1635 441 1716 οὐρανός
453 1640 507 1699 τοῖς
521 1631 626 1713 άστροις
637 1655 718 1692 κατα·
774 1630 881 1690 ίιεθεννο.
908 1633 968 1692 Νονν
990 1647 1047 1692 erat
1070 1647 1202 1712 creatura,
1224 1633 1329 1711 qualem
1346 1633 1422 1692 illam
1442 1635 1517 1694 Deus

51 1729 131 1780 ιενος,
144 1709 192 1767 οὐκ
205 1700 237 1781 ήν
250 1715 267 1782 ή
279 1716 315 1789 γῆ
330 1722 383 1780 τοῖς
394 1719 504 1795 καρποῖς
516 1712 675 1782 εθθηνοῦσα,
689 1715 718 1772 οὐ
773 1710 871 1769 fecerat
883 1712 919 1770 ah
931 1710 1024 1785 initi03
1035 1712 1131 1772 calum
1144 1734 1196 1772 non
1210 1712 1294 1772 stellis
1304 1712 1436 1793 fulgebat,
1446 1726 1518 1772 terra

51 1807 65 1842 νι
82 1794 140 1853 ταῖς
160 1787 308 1868 ἐμπορίαις.
326 1792 442 1862 Εἰσῆλθε
454 1790 505 1872 γθρ
520 1795 534 1849 ό
547 1789 718 1871 παραθάτης,
774 1809 826 1848 uon
848 1790 984 1851 fructibus
1006 1790 1177 1868 abundabat,
1204 1812 1252 1851 nec
1267 1812 1349 1852 -mare
1370 1791 1515 1865 mercibus,

51 1886 95 1922 ανε
109 1863 157 1938 τήν
169 1872 230 1947 γῆν,
244 1867 336 1945 ἐμίανε
345 1870 389 1930 τὸν
404 1869 572 1952 superducis
585 1869 660 1949 ἀέρα,
670 1871 718 1942 τήν
774 1868 881 1928 Etenim
895 1883 1072 1950 transgressor
1088 1870 1211 1948 intravit,
1222 1871 1270 1948 qui
1285 1870 1396 1931 foedavit
1406 1884 1517 1950 terram,

51 1967 91 2017 αν,
105 1943 153 2011 τὰς
166 1943 270 2025 πηγὰς,
291 1947 351 2016 τοὺς
364 1947 514 2027 παταμοθς,
527 1949 614 2008 πάντα
627 1948 719 2026 ἐμίανε
773 1947 866 2006 calum
878 1949 987 2028 polluit,
1009 1962 1035 2007 et
1052 1970 1151 2027 aerem,
1173 1970 1257 2028 mare,
1278 1950 1374 2025 fontes,
1393 1950 1516 2028 llumina,

51 2023 214 2102 ασφημίαις,
227 2025 272 2085 τὸν
295 2028 401 2107 οὐρανὸν
424 2033 457 2108 τῇ
479 2026 653 2108 βλασφημία,
674 2027 718 2088 τὸν
773 2027 862 2085 omnia
890 2027 1066 2108 blasphemiis
1092 2029 1149 2087 suis
1180 2029 1372 2089 contaminavit
1397 2030 1518 2089 :calum

51 2108 85 2168 ιῑς
103 2105 169 2183 αἰσχ
185 2114 226 2173 αῐς
246 2116 361 2184 φωναῖς,
375 2107 424 2179 τήν
441 2111 490 2187 γῆν
512 2115 570 2174 ταῖς
585 2105 719 2184 ἀθεμίτοις
773 2105 833 2164 blas
853 2106 951 2179 hernia,
966 2127 1053 2166 aerem
1065 2107 1144 2167 scedis
1155 2108 1284 2181 vocibus,
1298 2120 1397 2167 terram
1417 2109 1519 2169 illicitis

51 2178 124 2252 ίανς,
183 2209 197 2242 ν
221 2184 355 2246 θάλασσαν
379 2195 433 2254 τοῖς
451 2194 589 2265 πειραταῖς
604 2185 649 2245 καὶ
665 2193 719 2254 τοῖς
774 2126 903 2256 caedhus,
917 2207 991 2245 mare
999 2185 1094 2267 piratis
1104 2201 1130 2246 et
1160 2185 1518 2263 raedonihus,lontesctssu-

51 2286 72 2334 :,
83 2258 131 2327 rh<
143 2261 286 2343 πηγάςκαὶ
298 2264 358 2333 τοὺς
370 2263 507 2343 παταμοθς
516 2273 575 2331 ταῖς
586 2265 719 2343 ἀθεμίτοις
774 2263 833 2324 rios
847 2264 948 2324 nefaria
963 2263 1124 2324 idololatria.
1138 2207 1207 2324 bam
1220 2267 1315 2342 fontes,
1329 2265 1419 2342 ssuvii,
1433 2266 1517 2346 horti,

51 2338 182 2419 αερείαις.
211 2340 264 2400 Καί
286 2343 338 2424 γάρ
361 2345 446 2424 πηγαὶ
471 2342 517 2403 καί
537 2344 653 2422 ποταμοὶ
675 2344 721 2404 καὶ
739 2357 758 2402 u
773 2343 900 2417 arbores,
913 2357 939 2403 et
952 2363 1044 2403 omnes
1059 2358 1187 2403 creatura
1199 2345 1227 2404 in
1237 2343 1302 2403 deos
1315 2364 1449 2405 conuersa
1463 2345 1520 2405 sue»

51 2440 104 2478 νσοι
122 2419 168 2478 καί
189 2420 281 2501 δένδρα
299 2423 345 2482 καθ
365 2433 440 2484 πᾶσα
458 2429 476 2496 ἡ
498 2421 583 2490 κτίσις
604 2425 722 2484 ἐθεοποι-
775 2421 932 2481 ναννεννίίιίί
943 2435 1033 2482 autem
1044 2423 1082 2482 ita
1094 2437 1244 2483 creaturam
1253 2421 1350 2513 foedat,
1358 2436 1388 2482 ut
1399 2444 1462 2483 cum
1472 2424 1521 2483 illa

51 2495 103 2556 ἰδίν
118 2496 145 2556 δέ
159 2497 228 2558 οὕτω
237 2499 335 2578 μιαίνει
348 2502 444 2576 κτίσιν,
457 2505 493 2569 ὡς
506 2502 536 2560 τὸ
546 2506 721 2563 θεοποιεῖσθαν
812 2501 851 2561 asi
861 2501 929 2560 detis
944 2501 1051 2561 colitur.
1066 2502 1133 2563 Erat
1147 2522 1211 2583 ergo
1224 2503 1312 2561 omnis
1331 2516 1451 2562 creatura
1471 2503 1520 2563 soe·

51 2565 108 2635 Ἧν
122 2568 166 2635 ον’ίν
177 2588 251 2639 πᾶσα
265 2584 281 2651 ἡ
297 2580 383 2649 κτίσις
395 2580 571 2659 τεθοθεομίνη.
593 2582 643 2641 Eu
660 2606 721 2663 ρχε-
807 2580 847 2640 ta.
873 2580 1028 2660 Ingreditur
1057 2581 1184 2642 Servatur·
1208 2581 1324 2658 mundi,
1350 2581 1405 2641 imo
1429 2582 1520 2662 potins

51 2655 132 2758 ’πατὴρ
144 2664 191 2718 τοῦ
205 2658 320 2737 κόσμοι,
338 2661 439 2740 μᾶλλον
457 2660 484 2719 tt
500 2684 535 2733 κη
552 2658 658 2720 νίττεταν
670 2661 722 2721 ὑπὸ
775 2659 938 2739 praedicatur
950 2660 986 2719 ab
999 2660 1137 2741 apostolis,
1150 2661 1225 2798 guod
1238 2674 1368 2722 venturus
1379 2660 1426 2734 sit,
1440 2674 1467 2719 et
1479 2683 1520 2721 re·

51 2739 183 2810 οσνσλων,
196 2737 237 2796 ότι
258 2737 315 2810 ήξει
330 2739 503 2809 ἀνακαινίζειν
520 2683 554 2798 ci
568 2738 665 2798 πάντα.
680 2744 722 2801 Οὐ
774 2752 922 2799 novaturus
935 2738 1033 2798 omnia.
1048 2740 1108 2799 Non
1128 2760 1157 2799 so
1170 2760 1216 2797 um
1229 2753 1319 2799 autem
1332 2738 1457 2819 apostoli,
1472 2739 1520 2800 sed

50 2812 104 2873 tot
118 2815 277 2891 ἀπόστολοι,
291 2818 360 2879 ἀλλὰ
370 2818 416 2879 καὶ
429 2823 454 2878 ot
464 2821 600 2900 προφῆται
614 2819 722 2899 προέλε-
773 2817 854 2876 etiam
866 2817 1003 2899 propheta
1015 2815 1198 2898 praedicabant
1209 2831 1353 2878 venturum
1368 2838 1425 2878 esse
1437 2817 1519 2877 Chri-

63 2889 326 2976 ἐρχεταιόΧριστός.
338 2896 390 2957 Διὰ
399 2895 427 2957 τί
434 2896 513 2970 ςἽνα
544 2896 718 2975 ήτιςνομίση
774 2909 855 2955 stum.
870 2896 978 2968 Quare?
988 2898 1027 2955 Ne
1042 2896 1103 2975 quis
1113 2910 1217 2979 putaret
1230 2899 1328 2973 Deum,
1342 2895 1519 2975 quasihomi·

51 2971 128 3046 sete,
141 2977 177 3041 ὡς
190 2974 340 3056 ἅνθρωπος,
359 2976 422 3038 aas
445 2921 567 3057 ἀπορήση
586 2976 655 3037 κατά
671 2966 720 3052 τήν
774 2996 845 3051 ννενιν,
862 2974 969 3054 quando
983 2972 1018 3033 de
1031 2975 1112 3055 primi
1124 2976 1221 3035 auxilii
1235 2976 1311 3035 exitu
1333 2975 1457 3051 dubitat,
1477 2997 1518 3037 se-

51 3077 53 3096 ·
71 3051 203 3130 βσήθειαν,
216 3054 337 3137 θειοτέραν
354 3060 467 3116 ἐπινοεῖ·
488 3055 533 3114 καὶ
547 3039 609 3114 όταν
621 3058 720 3130 ταύτης
774 3053 894 3114 cundum
907 3075 974 3114 exeo
995 3054 1077 3130 itare,
1091 3069 1117 3114 et
1129 3055 1237 3134 quando
1250 3056 1302 3115 hoc
1315 3056 1413 3114 frustra
1428 3055 1517 3128 cessit,
1555 3077 1558 3081 ¹

51 3130 143 3212 η,ἐπὶ
151 3131 242 3211 τρίτην
254 3132 374 3214 ἔρχεται·
389 3133 435 3195 καί
447 3134 544 3206 ταύτης
556 3134 719 3217 διαμαρτὼν,
774 3133 883 3193 tertium
894 3153 960 3214 aggr
995 3133 1016 3211 i,
1031 3133 1136 3226 hocque
1146 3155 1199 3194 nou
1210 3148 1337 3216 operante
1345 3133 1381 3192 ad
1428 3149 1518 3194 artum

51 3236 74 3285 ης
89 3208 209 3271 ἅπτεται.
220 3210 279 3271 Ἵνα
302 3205 346 3274 ab
361 3213 399 3292 μή
422 3237 462 3282 τις
479 3214 612 3294 ὑπονοήσῃ
626 3219 718 3291 τοῦτο,
737 3239 755 3285 ις
773 3212 872 3273 venire.
886 3215 927 3274 Ne
941 3233 1005 3293 ergo
1018 3213 1080 3291 quis
1089 3212 1119 3273 id
1131 3214 1321 3295 suspicaretur,
1333 3155 1517 3295 predixerunt

51 3312 89 3349 ou
110 3291 134 3348 ol
154 3312 176 3347 π
225 3294 288 3362 ’ήται
311 3293 355 3353 τὸν
376 3292 506 3372 μέλλοντα
520 3292 661 3375 ίρχεσθαι,
674 3293 718 3355 ίνα
773 3292 909 3374 prophete
923 3291 1014 3371 illum,
1028 3291 1077 3370 qui
1092 3305 1222 3352 uenturus
1236 3307 1301 3369 erat,
1313 3306 1344 3352 ut
1358 3293 1516 3374 comproba·
1579 3337 1580 3340 ι

51 3392 63 3426 ν
77 3367 116 3427 ότι
138 3372 179 3429 Θε
195 3393 207 3437 ς
222 3371 251 3430 οὗ
263 3371 439 3451 σκεπτόμενος
450 3370 564 3451 εὑρίσκει
577 3373 608 3432 τὸ
618 3397 672 3451 ονιμ
693 3374 718 3435 ί-
771 3385 831 3432 rent
851 3373 939 3431 neum
953 3391 1006 3430 non
1021 3371 1234 3450 cogitabundum
1246 3371 1289 3450 id,
1324 3371 1378 3431 uod
1391 3371 1515 3453 expedit,

51 3451 76 3507 θ’
91 3451 138 3507 ἀπ’
157 3452 242 3530 ἀρχῆς
254 3452 359 3530 προεῖδε
372 3451 406 3510 τέ
418 3451 514 3512 πάντα.
526 3450 621 3530 Ἡμεῖς
631 3457 656 3513 ot
701 3489 717 3498 -
752 3393 1516 3533 1invenire,scdahinitioomnia¹praviderellosho=

57 3525 243 3606 σκεπεόμεθα,
256 3529 666 3611 ιιαθέθνθπστόχωμεντῆςπ’
706 3558 721 3602 ς
773 3531 857 3597 mines
876 3529 1057 3591 deliberamus
1078 3545 1104 3590 et
1119 3551 1181 3590 cum
1201 3531 1332 3613 inprime
1351 3544 1447 3590 conatu
1463 3552 1516 3591 uon

67 3606 199 3688 ἐρχόμεθα
220 3610 260 3689 ἐφ’
276 3608 381 3690 ίτίραν·
396 3614 411 3669 ὁ
426 3610 453 3669 tt
469 3610 538 3676 Θεὸς
555 3612 605 3691 οὐχ
710 3635 717 3650 ·
772 3610 949 3689 assequimur,
961 3608 997 3669 ad
1010 3608 1124 3669 alterum
1138 3610 1270 3672 venimus.
1284 3615 1420 3670 htoontra
1433 3610 1516 3686 Deus,

51 3709 104 3746 ννκε
115 3685 205 3764 νόμον,
217 3688 369 3768 προφήτας,
386 3688 431 3748 καί
446 3687 513 3767 μετὰ
525 3695 609 3749 ταῦτα
631 3690 662 3750 τὸ
674 3693 718 3750 ed·
772 3689 848 3751 dedit
857 3689 956 3769 legem,
969 3689 1123 3770 prophetas,
1134 3703 1160 3748 et
1205 3704 1260 3749 nea
1273 3689 1453 3768 evangelium,
1463 3710 1516 3750 non

51 3764 305 3845 ν,οθχρόννρτὸσυ
347 3766 361 3826 ί
420 3767 593 3846 μαθιὶνν,ἀλλ’
609 3771 689 3828 ἀπίθ
772 3783 893 3850 tempore
905 3768 1010 3828 discens
1022 3766 1089 3847 quid
1098 3788 1152 3848 exp
1190 3767 1517 3848 'ansedguarusabini

51 3843 101 3917 bc,
110 3843 151 3904 ότι
165 3844 250 3913 ἄλλως
263 3791 424 3927 σῦχμόίήιοντε
433 3839 466 3920 ήν
479 3847 528 3921 τήν
542 3848 627 3908 κτίσιν
641 3797 718 3929 poi-
773 3849 829 3924 tio,
843 3868 897 3908 uon
916 3847 1036 3928 potuisse
1054 3860 1204 3906 creaturam
1223 3860 1306 3937 stare,
1326 3845 1378 3904 uisi
1393 3846 1517 3906 Christus

51 3922 65 3982 l
89 3927 196 3996 στῆναι,
222 3924 259 4003 μή
282 3933 328 3985 τοῦ
349 3927 464 4007 Χριστοῦ
479 3927 645 4007 φαινομένου.
665 3929 719 3989 Καὶ
773 3927 924 3987 adveniret.
944 3925 981 3985 Et
999 3946 1048 3985 nos
1060 3923 1319 4002 quidemhommes,
1333 3945 1396 3983 cum
1409 3925 1517 3985 morbos

51 4000 93 4062 νίν
112 4006 136 4061 ot
159 4002 309 4083 άνθριορσι,
328 4003 391 4065 ὅταν
409 4005 506 4083 ἴδωμεν
519 4005 554 4065 τά
564 4003 911 4168 νοσήρραταῃνννίθονννννν,
929 4017 994 4063 tunc
1008 4002 1043 4062 de
1057 4002 1185 4062 remediis
1203 4004 1370 4084 cogitamus:
1382 4004 1515 4063 Deusau-

51 4088 173 4160 ινοοῦμεν
184 4082 219 4141 τά
241 4082 417 4164 βοηθήματα·
435 4084 492 4145 ὁδί
507 4083 575 4152 Θεθς
592 4108 614 4144 π
665 4087 718 4145 τῶν
737 4079 757 4124 Α
774 4100 828 4146 tem
840 4098 901 4144 ante
914 4083 1028 4144 vulnera
1043 4096 1146 4142 natura
1164 4097 1270 4159 nostra,
1283 4082 1459 4163 pharmacum
1474 4105 1515 4144 sa·

51 4182 106 4219 τονν
119 4164 164 4221 τοῦ
177 4161 306 4242 ήμιτίρου
316 4164 472 4242 πλάσματος
488 4163 595 4245 πρόοιδε
605 4163 636 4223 τὸ
647 4163 683 4245 φά
774 4164 840 4224 lutis
852 4176 973 4223 noverat.
989 4161 1073 4222 Multi
1084 4160 1189 4232 dicunt,
1203 4164 1263 4221 Non
1273 4161 1431 4242 presciebat
1442 4163 1515 4222 Deus

51 4244 95 4311 τῆς
117 4262 189 4312 σωτη
208 4239 257 4308 ίας.
271 4241 286 4272 *
294 4243 395 4304 Πολλοί
413 4242 542 4322 λέγουσιν,
559 4247 589 4304 οὐ
608 4243 677 4326 προή
695 4269 718 4305 ιι
774 4244 910 4303 Adamnm
922 4255 1096 4324 peccaterum
1108 4241 1186 4301 osse?
1199 4240 1267 4301 Dico
1280 4260 1338 4320 ego,
1353 4242 1413 4300 Non
1427 4240 1515 4301 solum

51 4319 115 4392 ἰὸς,
130 4317 170 4378 ὅτι
188 4265 336 4403 όμαριήσει
351 4326 366 4381 θ
383 4319 483 4400 Ἀδάμς
497 4321 570 4402 Ἐγὼ
583 4328 661 4382 τοῦτο
672 4323 718 4382 tt·
773 4322 825 4383 hoc
838 4322 947 4397 sciebat,
960 4320 1006 4402 sed
1018 4320 1097 4380 etiam
1110 4332 1172 4379 ante
1184 4319 1420 4399 transgressionem
1434 4341 1515 4381 nove·

51 4401 184 4458 ,οὔτοῦτο
198 4397 277 4476 μόνον
287 4399 409 4479 προήδει,
422 4401 491 4461 ἀλλὰ
503 4402 556 4481 πρὸ
568 4406 616 4474 τ’ής
629 4425 668 4461 πα
703 4435 719 4449 -
774 4417 816 4462 rat
829 4401 968 4461 Christum
979 4421 1027 4481 per
1041 4399 1251 4459 incarnationem
1271 4399 1351 4457 illum
1363 4413 1515 4459 erecturum

51 4476 200 4614 ,ότιίγιφιῑ
209 4477 286 4561 αὐτὸν
296 4484 311 4539 ὁ
322 4464 543 4560 aputanti-tv
553 4425 717 4565 οἰκονομῶ·
773 4501 838 4543 esse.
849 4483 904 4541 Nec
918 4479 993 4561 prius
1007 4478 1114 4560 lapsum
1124 4477 1253 4570 vidisset,
1270 4478 1322 4570 'nisi
1339 4478 1516 4558 praescivisset

51 4560 166 4636 τρόπων
179 4555 263 4629 herlu
274 4560 385 4633 πτῶσιν,
396 4561 420 4618 ιθ
431 4558 468 4636 μή
480 4559 657 4640 προεπενθησε
670 4560 719 4636 τήν
774 4558 1009 4635 mancationem,
1037 4557 1084 4617 sed
1113 4571 1313 4617 resurrectione
1338 4557 1515 4638 pharmacum

51 4656 103 4708 σιν,
118 4635 186 4695 ἀλλὰ
205 4636 371 4715 προαπέθετο
382 4638 413 4697 τὸ
426 4639 566 4719 φάρμακον
582 4645 630 4711 τῆς
652 4642 719 4700 ἀνα·
770 4639 929 4721 preposuit,
952 4651 979 4698 et
1005 4651 1069 4697 tunc
1089 4636 1212 4717 permisit
1232 4635 1373 4696 hominem
1397 4637 1515 4718 experiri
1559 4682 1563 4701 .

51 4738 81 4788 ς,
102 4714 148 4773 καὶ
166 4712 225 4773 τότε
249 4715 432 4800 συνεχώρησεν
451 4722 487 4786 είς
500 4726 593 4799 πεῖραν
609 4719 720 4784 θανάτου
771 4732 886 4789 mortem
893 4741 903 4797 3
918 4729 949 4777 ut
967 4717 1081 4777 disceret
1093 4715 1257 4794 quibusnam
1276 4736 1325 4797 per
1347 4736 1376 4774 se
1397 4716 1515 4792 fruatur,

51 4803 74 4852 ἰν
95 4792 139 4852 τὸν
158 4793 309 4874 άνθρονπον·
327 4794 371 4855 ίνα
392 4797 477 4877 μάθῃ,
491 4797 559 4865 τίνος
585 4796 632 4876 μὲν
648 4800 718 4859 ἀπο-
771 4797 875 4878 etquid
888 4817 935 4879 per
948 4798 1036 4855 Deum
1049 4808 1238 4934 conspguatur.
1254 4797 1293 4854 Ac
1306 4794 1376 4854 sieut
1388 4794 1416 4853 in
1430 4795 1516 4876 AEgy-

51 4873 72 4931 t'
86 4872 189 4944 ίαντθν,
201 4873 270 4943 τίνος
284 4873 311 4935 δὲ
323 4899 355 4934 τυ
393 4876 449 4936 άνιι
463 4876 506 4937 διά
515 4876 560 4936 τὸν
570 4877 650 4938 Θιόν.
667 4876 720 4938 Καὶ
772 4890 819 4959 pto
831 4878 908 4958 prius
921 4875 1010 4957 posuit
1020 4894 1104 4934 annos
1154 4873 1259 4950 ertatis,
1280 4887 1310 4932 ut
1324 4875 1374 4934 hos
1386 4874 1517 4933 ubertatis

54 4953 83 5011 ίν
97 4950 225 5032 Αίγόπνῳ
244 4957 349 5034 πρῶτον
356 4899 457 5034 Υήιεγκι
470 4954 504 5015 τά
517 4956 563 5030 ἐτη
577 4957 719 5030 τῆςιθθη-
771 4977 856 5016 annos
876 4955 1048 5038 praemitteret
1061 4953 1090 5014 in
1105 4951 1253 5014 remedium
1271 4953 1361 5027 lamis,
1373 4964 1439 5010 tune
1451 4973 1516 5012 vero

52 5028 245 5110 ροαποθίμενος
265 5032 404 5116 φάρμακον
417 5037 456 5114 τῷ
468 5039 540 5116 λιμῷ
562 5035 596 5096 τά
610 5034 655 5110 ίτη
672 5041 720 5110 τῆς
773 5035 850 5097 lamis
864 5053 948 5096 annos
961 5031 1082 5111 induxit,
1102 5046 1128 5092 et
1146 5031 1253 5095 vulneri
1276 5029 1444 5113 premissum
1465 5031 1518 5091 luit

51 5245 71 5280 uc
82 5230 145 5280 item
162 5229 229 5296 apud
241 5230 358 5284 Photium
366 5271 375 5296 ,
386 5250 413 5302 p.
429 5235 502 5286 ¹546.
