3750 5940
171 407 243 500 418
496 434 526 484 s.
553 436 696 489 roauurs
719 429 906 494 ceurtosr.
933 444 955 494 u

170 565 351 721 epfeipteutitate
369 570 480 649 aqualis
500 574 637 654 potestatis
658 574 912 639 demonstrationem

169 680 185 717 a
249 703 257 719 .

209 942 240 1000 3.
262 941 383 1022 Ecquid,
407 965 512 1024 quaeso,
527 946 683 1008 credemus?
700 950 786 1029 Qrod
806 971 858 1032 ego
881 956 948 1010 inu

167 1036 262 1096 Patre
266 1081 276 1109 ,
292 1050 322 1097 et
332 1039 428 1098 Pater
438 1042 471 1097 in
484 1060 531 1099 me
544 1043 591 1100 sit.
603 1040 679 1101 Nihil
692 1042 764 1101 enim
777 1042 852 1102 aliud
863 1064 912 1123 ego

167 1147 337 1208 sum,quam
356 1129 444 1208 Pater,
453 1151 563 1191 manens
576 1132 665 1193 Filius
671 1157 681 1211 3
692 1132 762 1193 nibil
779 1133 855 1194 aliud
873 1149 912 1195 est

167 1218 228 1296 ille,
241 1241 325 1299 quum
339 1220 414 1302 quod
431 1243 497 1303 ego,
512 1245 624 1284 maneus
640 1225 775 1285 Patercct
797 1227 844 1305 qui
869 1248 912 1287 me

168 1312 244 1374 uouit
251 1356 261 1390 ,
275 1312 351 1375 novit
365 1326 391 1373 et
402 1314 525 1394 Patrem,
539 1315 695 1396 Filiumque
706 1315 813 1376 didicit.
830 1317 911 1390 Quod

167 1403 191 1463 si
203 1404 323 1485 potentia
336 1404 424 1466 minor
436 1420 517 1483 esset,
531 1408 611 1468 etiam
625 1408 742 1488 cognitio
755 1409 822 1470 falsa
835 1424 911 1470 esset.
954 1450 955 1453 =

166 1497 259 1576 Neque
270 1497 343 1558 enim
356 1498 409 1559 alia
426 1522 474 1581 per
487 1500 570 1560 aliam
583 1500 628 1561 vel
644 1501 794 1561 substantia
807 1502 849 1563 vel
863 1524 912 1584 po·

167 1589 249 1649 tentia
272 1588 343 1650 disci
366 1605 461 1673 potest.
490 1594 538 1653 59.
562 1595 724 1654 Voluerunt
750 1615 818 1676 erge
845 1616 911 1655 eum

166 1686 383 1763 apprehendere
400 1709 410 1743 .·
426 1699 455 1745 et
473 1690 545 1746 exiit
568 1689 605 1746 de
629 1689 764 1746 manibus
789 1709 888 1747 eorum
898 1735 908 1762 ,

165 1776 214 1835 lO.
228 1789 257 1836 et
269 1781 343 1837 abiit
355 1791 439 1839 trem
446 1781 628 1851 Iordanem,
640 1783 692 1839 ubi
705 1792 768 1840 erat
778 1782 910 1841 loannes

166 1871 320 1949 taprizans
330 1875 468 1953 primum.
484 1871 534 1931 tt.
550 1873 593 1934 Bt
607 1873 694 1932 multi
707 1887 855 1932 verterunt
870 1876 912 1932 ad
925 1885 943 1933 r.

165 1980 248 2033 eum,
266 1975 296 2021 et
315 1963 451 2023 dicebaut
468 1987 477 2021 ε
496 1963 629 2024 loannes
652 1964 771 2044 quidem
795 1968 910 2044 signum

156 2053 235 2132 jecit
248 2054 365 2134 nullum
371 2081 384 2125 ;
395 2058 496 2114 omnia
508 2067 608 2115 aretem
623 2075 817 2137 quecumque
834 2058 911 2115 dicit

163 2144 296 2206 loannes
320 2148 358 2205 de
375 2149 447 2220 lroc,
464 2168 538 2207 ecre
560 2160 640 2207 sunt.
667 2148 812 2226 Postquam
838 2149 909 2207 enim

162 2256 291 2316 magnum
303 2237 444 2320 quidpiam
463 2252 488 2298 et
503 2239 620 2299 sublime
634 2239 719 2316 dixit,
730 2239 820 2298 statim
840 2261 909 2299 sece-

161 2326 212 2403 dit,
221 2328 333 2389 illorum
346 2329 441 2390 cedens
452 2330 550 2407 furori,
561 2345 590 2390 ut
610 2352 658 2412 per
671 2331 819 2390 absentiam
834 2331 909 2392 illius

161 2417 270 2480 sedum
289 2434 316 2480 et
336 2420 466 2502 sopiatur.
480 2422 561 2495 Quod
580 2421 661 2481 etiam
680 2433 745 2480 tunc
760 2421 833 2481 lecit.
854 2422 908 2482 Sed

161 2532 210 2571 cur
225 2512 389 2592 euangelista
411 2513 502 2574 locum
522 2512 646 2574 indicat?
658 2514 696 2572 Ut
716 2511 804 2573 discas
817 2513 907 2594 ipsum

159 2603 221 2665 ideo
237 2605 310 2668 istuc
321 2606 433 2684 abiisse,
443 2621 474 2666 ut
496 2606 563 2688 ipsis
575 2605 604 2665 in
624 2605 781 2666 memoriam
796 2606 844 2665 illa
865 2628 949 2694 re-³⁶⁵

160 2714 279 2779 vocuet,
287 2723 347 2781 que
357 2704 473 2765 Joauuca
486 2701 543 2761 illic
554 2701 654 2760 lecerat
666 2698 834 2780 dixeratque,
846 2722 907 2760 nec-
922 2712 941 2758 Δ

160 2811 213 2851 uon
222 2791 405 2855 testimonium
417 2792 512 2875 ipsius.
522 2792 597 2852 Istue
609 2811 673 2871 ergo
686 2812 749 2850 cum
759 2791 905 2868 uenissent,

159 2883 251 2945 statim
265 2885 376 2948 loannis
390 2883 521 2949 remrdati
538 2895 614 2960 suut,
625 2882 687 2944 ideo
698 2881 802 2960 dicunt,
811 2885 906 2943 loan-

160 2996 211 3036 nes
232 2977 348 3039 nullton
357 2979 438 3061 serit
458 2980 595 3057 sigum,-
611 2995 673 3034 nem
690 2973 758 3033 alias
779 2975 849 3053 quid
871 2975 908 3035 ad

68 3127 83 3140 ,
158 3088 216 3128 rem
235 3068 340 3130 iecisset
354 3068 384 3130 id
398 3067 518 3128 addere?
529 3067 578 3128 sed
597 3066 661 3146 quia
679 3066 756 3126 locus
776 3067 906 3148 Baptistae

159 3161 316 3222 memoriam
326 3161 473 3238 revocavit,
483 3180 584 3220 necnon
594 3159 652 3240 ejus
662 3157 819 3218 testimonii.
834 3159 907 3220 Vide

158 3267 249 3313 autem
262 3276 344 3334 quem
359 3268 444 3314 certos
456 3253 629 3335 syllogismos
644 3251 810 3311 concinnent.
824 3254 906 3313 loan-

159 3366 223 3422 ncs,
243 3345 383 3426 inquiunt,
403 3346 511 3406 nullum
532 3345 595 3403 lecit
615 3343 739 3421 signum3
759 3342 804 3401 hic
829 3344 905 3422 sigua

159 3436 223 3496 facit
240 3460 247 3494 ε
263 3436 329 3497 hinc
346 3458 410 3516 ergo
426 3437 484 3516 ejus
497 3434 674 3516 praecellentia
696 3433 856 3492 ostenditur.
875 3435 904 3493 Si

159 3548 224 3608 crgo
233 3528 275 3588 illi
285 3528 392 3588 nullum
404 3528 511 3607 signum
525 3526 614 3586 edenti
625 3525 803 3600 credidimus,
819 3528 905 3587 multo

159 3619 246 3700 magis
259 3618 326 3680 huic
338 3618 486 3680 credemus.
505 3616 623 3692 Deinde,
638 3618 704 3695 quia
721 3619 836 3678 loannes
850 3634 906 3678 erut

159 3711 206 3790 qui
217 3712 400 3774 testimonium
418 3713 609 3794 perhibuerat,
626 3732 659 3769 ne
672 3710 720 3790 qui
730 3710 838 3789 signum
852 3734 904 3771 non

159 3805 271 3884 lecerat,
280 3805 409 3887 indignus
418 3805 502 3865 luisse
511 3817 650 3886 putaretur
659 3802 708 3882 qui
720 3804 904 3863 testimonium
921 3825 938 3871 u

159 3898 256 3975 tenet,
265 3896 412 3978 adjiciunt,
421 3896 526 3958 etiamsi
538 3896 647 3976 signum
658 3916 711 3954 nou
721 3895 812 3954 lecerit
822 3941 830 3973 ,
842 3918 905 3956 vera

159 4002 249 4050 tamen
266 3990 357 4051 omnia
372 3990 407 4051 de
417 3990 525 4051 Christo
538 3987 650 4064 dixisse,
664 3988 701 4047 ita
716 4001 810 4046 utnon
827 3988 905 4047 Chri-

76 4086 80 4091 ’
150 4093 217 4142 stus
235 4103 270 4141 ex
286 4081 349 4161 itta,
372 4080 420 4142 sed
437 4081 484 4140 ille
501 4102 536 4140 ex
549 4079 676 4161 operibus
686 4078 787 4138 Christi
801 4078 853 4137 fide
861 4078 905 4138 di-

159 4193 229 4251 guus
249 4173 402 4235 baberetur.
415 4174 464 4234 li.
479 4173 571 4232 Multi
593 4192 660 4252 ergo
674 4171 857 4230 crediderunt
873 4176 904 4231 in

159 4287 233 4324 eum.
249 4268 338 4327 Multa
359 4268 432 4328 enirn
455 4266 515 4325 illus
534 4265 711 4325 attrahebant.
726 4264 796 4321 Nam
818 4285 904 4323 recor-

158 4356 215 4416 tlati
227 4372 288 4417 sunt
300 4359 444 4418 uerborum
462 4360 534 4439 ejus,
550 4379 612 4417 cum
626 4356 716 4437 ipsum
727 4376 754 4414 se
767 4355 904 4415 fortiorem

158 4446 277 4525 dicebat,
316 4450 420 4527 lucem,
454 4450 552 4525 vitam,
583 4448 724 4507 ueritatcm
760 4461 905 4526 ceteraque

157 4543 264 4617 emnia;
277 4544 351 4604 vocis
361 4565 467 4622 quoque
486 4543 601 4623 desuper
614 4541 718 4616 allate,
733 4540 904 4620 spiritusque

157 4635 246 4716 specie
262 4635 398 4715 columboe
422 4634 588 4716 apparentis,
615 4633 758 4714 ipsumque
778 4633 903 4692 omuibus

156 4725 326 4787 ostendentis.
350 4726 393 4786 Ad
412 4726 470 4784 brec
493 4724 685 4784 miraculorum
708 4724 899 4784 demonstratio

189 4907 200 4932 ⁸
216 4891 273 4958 [sev
282 4899 320 4945 τὸν
330 4898 420 4960 πατέρι
430 4896 540 4955 ἔρω,τὸν
551 4897 596 4941 υἱὸν
605 4895 644 4957 lp.
656 4886 734 4939 savit.
746 4899 770 4937 et
779 4884 844 4939 Cod.
856 4889 913 4940 705.

152 4972 312 5040 Nnnsserrore
333 4980 417 5021 tumen
432 4967 484 5018 brec
503 4965 580 5017 verba
601 4966 760 5018 intercidisse
777 4965 803 5017 in
824 4966 914 5016 blontl.

151 5047 336 5102 osteuditCod.
349 5050 408 5111 tos,
421 5043 536 5097 eamdem
549 5044 664 5111 prebens
678 5045 818 5109 lacurnam]

184 5131 196 5156 “
215 5134 383 5196 ἐπιστεύσαμεν,
396 5128 431 5176 sic
444 5143 506 5175 unus
515 5123 602 5176 Codex
615 5127 738 5190 optimus,
751 5125 823 5174 etsie
836 5120 918 5187 legeu-

148 5207 209 5259 dum
221 5206 373 5275 opinabatur
382 5202 498 5266 Servilius,
511 5204 745 5269 Manuscriptorum
766 5201 918 5251 auctoritate

145 5286 289 5341 destitutus.
302 5284 398 5354 [Vulgo
411 5291 548 5341 inlusores.
559 5285 567 5349 i
580 5280 657 5337 Paulo
668 5291 724 5348 post
741 5277 828 5333 Moru.
850 5285 917 5334 uiri»
