3750 5940
211 444 215 450 '
282 461 317 507 ru
344 460 561 509 calumnior
588 460 631 509 er
657 460 688 508 m
715 461 943 525 rrmnaonnrr,
973 462 1049 509 nnc.
1211 438 1214 443 ’
1369 441 1435 531 84ι

55 584 72 642 ιλ
83 584 112 643 δέ
126 606 160 661 μι
174 582 317 655 ἠθέτησαν.
333 584 462 643 Καλεῑται
471 584 569 654 κύωνή
584 584 642 642 lie·
659 585 678 636 C
698 602 772 675 nem,
784 582 910 642 enimalis
925 583 1040 664 hujusce
1052 580 1265 642 benevolentiam
1278 584 1441 664 exprimens.

59 661 131 742 piper
143 661 193 734 τὴν
207 659 282 744 nepo
305 662 374 739 μετὰ
384 662 501 759 χάριτος.
514 662 591 735 Πλὴν
605 652 644 721 οἶ·
698 661 780 721 Canis
789 661 876 721 millia
889 682 993 743 passus,
1008 661 1043 720 ab
1056 660 1115 721 beri
1133 660 1174 720 sni
1187 660 1291 721 adibus
1308 683 1363 722 non
1375 663 1441 722 abs-

55 740 123 814 εύω,
137 740 179 801 ότι
199 743 271 820 ἐντῇ
290 739 366 820 ύόρει
379 764 463 819 ταυτῃ
478 739 584 813 ἐνέθηκε
597 745 644 810 τῆς
698 739 783 815 cedit,
797 740 871 800 canis
890 762 953 801 eum
966 741 1062 799 herum
1074 740 1241 820 grndJentem
1258 741 1347 817 videt,
1363 756 1440 815 tacet,

63 821 164 894 εἰκόνα,
188 820 273 892 κύνα,
290 818 390 886 δεικνύς
410 820 441 879 τὸ
461 818 574 879 εὐνοϊκὸν
600 826 645 878 τοῦ
698 839 761 878 eum
784 818 945 880 demesticos
961 841 1052 879 servos
1070 818 1155 896 videt,
1175 819 1298 897 quiescit,
1314 842 1377 880 cum
1394 843 1442 881 ert·

70 898 153 978 μυρία
172 898 295 978 πάσχων,
310 902 364 967 ,τῆς
386 900 541 971 δεσποτικῆς
562 898 646 964 οἰκίας
700 910 805 957 truncos
829 899 915 977 videt,
939 899 1102 978 exagitatur,
1129 899 1220 975 latrat,
1243 919 1294 958 non
1316 901 1440 978 quiescit,

55 1001 91 1036 ιι·
104 977 185 1050 κύων,
200 976 244 1037 ότε
260 977 303 1057 ίδῃ
318 976 352 1035 τὸ
366 977 508 1037 δεσποτικδ
523 977 647 1056 βήματα,
700 975 806 1037 nullum
814 976 932 1037 alienum
942 977 1059 1058 respicit.
1072 978 1233 1040 lndaeivem
1242 979 1442 1056 quomodosex-

55 1055 101 1116 ιδέ
115 1056 221 1124 δούλους
235 1055 416 1131 δεσποτικοὸς,
432 1057 573 1136 ἡσυχάζει·
585 1056 647 1116 ὅταν
702 1050 792 1116 oentas
818 1069 910 1115 eontra
928 1059 1017 1116 Deum
1037 1057 1124 1116 emitti
1137 1057 1319 1139 blasphemias
1339 1057 1443 1135 vident,

55 1134 151 1217 ιρίους,
166 1135 360 1215 παρέπεται,
374 1136 537 1210 ύλακτεῖ,ού
578 1140 647 1207 ησυ-
700 1154 748 1195 nee
765 1136 945 1196 moventur?
971 1135 1043 1197 Vide
1072 1136 1257 1196 Christianum
1290 1136 1444 1197 audientem

55 1239 58 1279 ;
83 1214 175 1274 οὐδένα
194 1217 247 1272 τῶν
273 1214 361 1274 άλλων
387 1213 503 1292 βλέπων.
526 1160 649 1274 'loomin
699 1213 852 1273 haereticam
861 1214 1059 1296 blasphemiam
1070 1228 1117 1274 aut
1130 1216 1216 1275 alium
1231 1236 1368 1288 errorem,
1390 1231 1443 1275 sta-

55 1293 111 1352 ιοιτδ
131 1299 178 1352 τοῦ
202 1296 273 1354 Θιοῶ
288 1294 385 1374 μυρίας
407 1293 591 1374 βλασφημίας,
605 1294 649 1353 καὶ
699 1293 802 1372 tirnqne
821 1294 969 1367 turbatum,
990 1293 1141 1368 latrantem,
1163 1309 1255 1354 contra
1275 1295 1444 1355 adversarios

55 1372 244 1446 ιαηΒλέπεΧ
263 1373 376 1433 ιστιανὸν
389 1371 516 1431 ἀκούοντα
531 1374 650 1452 βλασφη-
699 1372 867 1431 clamantem.
880 1374 939 1432 Non
951 1373 1003 1432 sert
1025 1373 1195 1433 Christianus
1215 1374 1331 1433 alienam
1352 1375 1445 1435 videre

55 1450 111 1522 ἦςῆ
125 1451 216 1532 έτέρας
227 1398 344 1526 πλάνης,
358 1449 403 1510 καλ
417 1449 512 1516 εὐθέως
521 1451 649 1531 δορυδού-
700 1450 810 1528 facicm,
823 1450 872 1511 sed
885 1451 970 1512 veluti
984 1452 1058 1511 canis
1071 1452 1107 1511 ad
1119 1453 1217 1512 ostium
1232 1453 1341 1512 Domini
1356 1454 1443 1512 latrat.

55 1535 169 1602 ιτοῶντοι,
185 1535 287 1609 βοῶντα
308 1531 376 1590 κατὰ
395 1534 448 1589 τῶν
460 1529 594 1590 ἐναντίων.
609 1533 650 1589 Οὐ
701 1528 793 1588 Etiam
803 1530 959 1611 philosophi
969 1553 985 1590 a
996 1529 1050 1590 fide
1059 1531 1256 1607 alieni,canum
1268 1553 1363 1591 nomen
1375 1555 1446 1592 sum·

56 1609 125 1677 ιανὸς
139 1611 202 1669 ἰδεῖν
221 1609 361 1690 ἀλλοτρίαν
372 1610 441 1690 ὅφιν,
457 1609 516 1667 ἀλλ’
532 1614 566 1676 ῶς
581 1609 651 1668 κύων
701 1629 767 1683 sere,
777 1609 813 1668 ob
823 1609 985 1668 benevolum
998 1609 1072 1669 canis
1085 1611 1216 1683 animum,
1230 1632 1280 1672 nee
1288 1612 1387 1692 puduit
1398 1633 1445 1670 nn·
1489 1620 1493 1628 '

56 1689 163 1748 ποτικὸν
178 1692 287 1748 πυλῶνα
304 1692 420 1748 ὑλακτεῖ.
436 1687 489 1747 Καί
503 1689 527 1746 οἱ
543 1687 592 1756 ἐξω
605 1692 652 1759 τῆς
667 1703 686 1748 Ι)
702 1687 801 1765 minis,
824 1688 897 1766 quod
927 1704 1028 1749 naturae
1052 1688 1263 1750 benevolentiam
1288 1705 1444 1771 spectarent.

55 1767 138 1848 ίσοφοι
151 1766 201 1839 mlv
213 1771 265 1826 τῶν
278 1772 362 1826 κυνῶν
373 1766 551 1851 προσηγορίαν
564 1768 651 1837 ἠσπά·
702 1765 784 1840 Quod
807 1788 872 1827 vero
891 1766 965 1827 Deus
975 1769 1117 1827 latrantem
1128 1790 1178 1849 pro
1191 1770 1288 1851 pietate
1307 1784 1446 1851 acceptum

55 1848 77 1905 :i
89 1846 201 1907 εὐνοϊκὸν
221 1851 266 1907 τοῦ
276 1847 342 1914 ζάιον
350 1892 358 1919 ,
378 1846 424 1905 καί
441 1848 488 1905 οὐκ
502 1845 650 1923 ᾐδέσθησαν
701 1844 807 1919 habeat,
821 1867 853 1905 ac
864 1846 985 1906 silentem
998 1868 1045 1906 nec
1062 1847 1204 1907 latrantem
1217 1870 1268 1928 pro
1278 1849 1390 1908 veritate
1405 1871 1446 1908 re-

55 1927 86 1984 ιλ’
102 1926 254 2006 ἀπέβλεψαν
269 1930 306 1992 εἰς
318 1922 651 2005 τὴνεύνοιαντῆςφύτεως.
701 1923 868 2002 prehendat,
892 1925 927 1985 de
948 1926 1077 1986 ltrn'e'litis
1106 1926 1217 2005 loquens
1239 1927 1248 1985 i
1268 1949 1296 1986 se
1318 1941 1444 1987 testatur:
1460 1951 1517 1994 lsai.
1529 1948 1567 1996 55,

55 2004 92 2064 δέ·
105 2029 163 2064 εται
176 2011 190 2064 ό
205 2006 272 2074 Θεὸς
287 2006 331 2066 τὸν
347 2006 508 2062 ὑλακτοῦντα
523 2006 589 2083 ὑπὲρ
604 2007 652 2074 τῆς
703 2004 1044 2085 Omnesoanesmuti,qui
1053 1949 1360 2085 nonpossuntlittrare.
1369 2009 1449 2066 (lanis
1463 2025 1497 2056 ¹0·

55 2028 241 2164 ιαίμέμφιτοιι
261 2088 300 2164 τῷ
323 2085 457 2143 σιωπῶντι
470 2081 514 2140 καὶ
529 2082 566 2159 μὴ
586 2085 652 2141 tla—
701 2083 1269 2166 vocatrrrnnimaDominobencvola‚ctpro
1281 2086 1447 2159 illolatrans,

55 2163 275 2242 ρτῆςάληδείας,
289 2162 359 2243 λέγει
373 2162 435 2240 περί
450 2162 651 2240 τῶνἸσραηλι-
704 2179 720 2218 n
754 2182 788 2219 ue
800 2161 872 2221 illud
883 2162 984 2243 probro
999 2162 1089 2222 datur.
1103 2163 1185 2222 Canis
1197 2165 1288 2223 furens
1297 2164 1349 2224 hoc
1362 2165 1450 2224 solum

55 2265 72 2309 ις
97 2241 171 2309 κύνες
194 2244 278 2315 ἐνεοί,
302 2245 332 2301 οὐ
362 2239 502 2319 δυνάμενοι
523 2243 654 2300 ὑλακτεῖν.
703 2181 1028 2321 bibetiurorissignum,
1042 2240 1115 2321 quod
1132 2241 1243 2303 domino
1258 2243 1351 2304 dentes
1366 2266 1400 2326 op
1440 2282 1449 2291 -

55 2344 99 2379 ται
112 2321 184 2401 ψυχὴ
198 2324 369 2402 εὐνοοῶσατῷ
379 2317 515 2398 Δεσπότη,
531 2319 576 2379 καί
590 2320 656 2399 ὑπὲρ
705 2332 751 2377 nat
765 2342 772 2375 ε
787 2319 860 2378 canis
873 2320 920 2398 qui
983 2320 1049 2380 dum
1059 2321 1293 2402 sepit,nunquam
1303 2267 1450 2382 contrahi

55 2421 97 2457 του
123 2402 288 2473 ὑλακτοῦσα,
314 2404 365 2480 ούχ
385 2397 552 2479 ύύριζομένη.
578 2398 655 2458 Κύων
706 2418 768 2456 rum
782 2397 890 2458 insanit.
907 2342 983 2458 llihil
1006 2398 1083 2458 aliud
1101 2400 1262 2462 Judaeorum
1271 2401 1389 2461 biforem
1406 2425 1449 2462 ar-

55 2483 148 2548 ,τοῦτο
170 2479 248 2557 μόνον
273 2480 330 2585 έγει
349 2487 459 2555 σημεῖον
478 2482 526 2549 τῆς
545 2478 657 2553 μανίας,
706 2476 776 2556 guity
789 2498 872 2555 quam
888 2476 961 2557 quod
980 2491 1073 2539 oontra
1090 2479 1263 2540 servatorem
1281 2478 1450 2557 latraverint,

55 2562 94 2616 τοῦ
108 2559 244 2618 Δεσπότου
266 2582 326 2626 τους
340 2557 447 2624 ὀδόντας
462 2555 561 2639 ἐπάρῃ·
583 2557 657 2616 olbi-
706 2556 770 2634 quia
786 2557 886 2632 Deum,
899 2577 981 2636 quem
1000 2557 1148 2617 Dominum
1158 2579 1301 2638 agnoscere
1312 2582 1361 2641 par
1383 2577 1450 2636 erat,

55 2642 172 2718 »φρονῶν
186 2638 256 2698 κύων
275 2637 345 2697 κατὰ
359 2640 406 2696 τοῦ
424 2634 550 2695 δεσπότου
567 2636 657 2714 μαίνε-
708 2648 739 2693 ut
755 2634 874 2694 alienum
889 2637 1046 2716 rejecerunt.
1065 2637 1248 2709 Quamobrem
1269 2654 1376 2699 aceusat
1390 2641 1451 2699 illos

55 2715 140 2794 ἕτερον
156 2715 261 2797 ἐλέγχει
271 2716 319 2789 τὴν
334 2713 469 2777 Ἰουδαίων
485 2715 590 2791 μανίαν,
601 2714 619 2785 ἢ
629 2717 660 2777 τὸ
708 2712 800 2772 dicens
817 2737 824 2770 ε
847 2715 1071 2774 Circumderunt
1084 2738 1131 2776 me
1145 2737 1233 2777 canes
1245 2720 1339 2777 multi.
1354 2719 1390 2777 Et
1404 2721 1449 2797 qui
1462 2738 1527 2782 neat.
1540 2750 1578 2782 τι.

55 2797 179 2876 Σιπῆρος
202 2799 340 2856 ὑλακτεῖν·
360 2795 401 2856 δτι
424 2792 503 2868 Θεὸν,
524 2792 553 2852 ὸν
578 2798 610 2874 ἐχ
626 2799 658 2867 ἢν
709 2798 809 2851 canes?
831 2793 991 2874 Synagoga
1015 2795 1242 2876 malignantium
1263 2799 1374 2856 obsedit
1392 2820 1447 2858 me.
1466 2813 1501 2857 Ι7·

55 2898 61 2941 ς
74 2874 222 2947 Δεσπότην,
233 2880 324 2934 τοῦτον
340 2872 514 2935 ἀπεσείσαντο
525 2877 561 2940 ῶς
577 2878 594 2932 ἀ
629 2875 660 2935 ό·
710 2873 769 2930 Νοιι
779 2870 880 2952 respuit
891 2893 955 2952 ergo
964 2872 1114 2933 Chananaea
1124 2875 1377 2952 contumeliam,sed
1389 2899 1452 2938 eum

55 2978 63 3012 ι
77 2977 178 3032 κατηγο
196 2963 219 3013 εἰ
228 2956 312 3013 αὐτῶν
326 2953 423 3030 λέγων·
438 2951 659 3034 Περιεκύκλωσάν
709 2950 858 3030 gratiarum
870 2952 975 3010 actione
992 2953 1097 3034 recipit.
1113 2956 1182 3013 Non
1195 2967 1238 3013 est
1255 2957 1362 3014 bonum
1373 2961 1453 3016 occi-

55 3032 129 3091 ιλλοί.
142 2978 195 3092 liei
216 3032 284 3101 τίνες
302 3035 327 3093 οἱ
342 3032 429 3104 κύνες;
450 3032 595 3111 Συναγωγλ
610 3057 658 3093 πο·
707 3051 776 3110 pere
788 3050 896 3109 panem
902 3031 1051 3112 filiorum,
1065 3045 1093 3090 et
1101 3036 1243 3113 projicere
1253 3038 1385 3094 canibus.
1400 3035 1453 3095 Illa

54 3111 218 3192 νπεριέσχον
236 3136 279 3190 μι,
291 3113 350 3172 Οὐκ
370 3109 558 3189 ἀποπέμπεται
576 3110 660 3171 τοίνυν
675 3119 694 3166 n
710 3129 816 3168 remex
825 3110 986 3170 contumelia
993 3111 1186 3191 benignitatem
1193 3112 1244 3171 sibi
1289 3113 1450 3188 rans,dicit:

64 3191 113 3262 τλν
124 3189 157 3249 le
177 3214 208 3262 ιν,
219 3192 288 3252 ἀλλὰ
298 3190 403 3271 δέγεται
413 3191 472 3267 μετ’
483 3191 660 3270 εὐχαριστίας.
711 3190 823 3260 Etiam,
832 3189 972 3258 Domine;
983 3210 1053 3248 nam
1068 3202 1097 3249 et
1109 3191 1237 3250 catellie
1278 3194 1550 3254 ntdemicismaul.
1569 3208 1603 3251 ιο,

55 3270 105 3328 ιλδν
120 3215 211 3329 λαύεῖν
222 3270 267 3330 τὸν
278 3259 356 3351 ἄρτον
367 3274 419 3328 τῶν
434 3268 542 3343 τέκνων,
556 3269 601 3328 καλ
613 3273 660 3348 βοι-
711 3287 776 3404 pue
798 3268 909 3327 cadunt
933 3269 970 3327 de
993 3289 1095 3329 πιειιειι
1113 3270 1298 3330 dominorum
1322 3292 1449 3333 suorum.
1464 3285 1503 3333 ’7-

55 3347 167 3428 ιναρίοις.
182 3348 215 3408 ‘ll
231 3348 259 3409 δέ
271 3351 324 3410 ἀπὸ
336 3353 384 3421 τῆς
395 3347 493 3431 ύύρεως
509 3347 557 3421 τὴν
569 3351 660 3428 φιλαν-
736 3345 813 3405 emei
823 3345 972 3406 miserearis
981 3361 1011 3406 ut
1019 3347 1093 3424 filiae,
1104 3347 1151 3407 sod
1159 3349 1283 3409 miserere
1293 3364 1324 3409 ut
1332 3353 1450 3412 catellce:

55 3428 267 3499 cremellense,
277 3429 357 3508 λέγει·
368 3428 431 3502 Ναί,
443 3427 541 3507 Κύριε·
553 3427 599 3486 καλ
609 3428 661 3509 γάρ
711 3424 902 3484 eontumeliam
914 3425 1039 3503 admitto,
1055 3428 1179 3487 Domine.
1193 3431 1265 3488 Nam
1278 3430 1328 3489 abo
1345 3444 1372 3490 te
1389 3453 1453 3513 pro-

74 3506 155 3567 ἐσθίει
169 3508 222 3566 ἀπὸ
244 3510 296 3566 τῶν
317 3507 413 3587 ψιχίων
436 3511 489 3565 τῶν
512 3507 661 3567 πιπτόντων
711 3502 766 3563 lata
778 3504 939 3564 contumelia
948 3519 988 3565 est
1000 3506 1072 3565 omni
1081 3507 1183 3566 bonore
1194 3509 1370 3589 prestantior,
1380 3512 1454 3571 omni

55 3586 149 3657 ιπέζης
158 3591 209 3645 τῶν
222 3584 318 3685 κυρίων
330 3589 425 3645 αὐτῶν.
439 3584 486 3658 Μὴ
497 3586 662 3668 οἰκτειρόσης
711 3582 799 3661 gloria
812 3583 942 3664 superior.
956 3587 992 3644 Ut
1005 3605 1069 3665 ergo
1080 3585 1187 3646 tandem
1198 3588 1347 3647 ostenderet
1357 3591 1454 3651 Serva-

55 3691 82 3735 ιν,
98 3666 155 3723 ἀλλ’
170 3663 277 3736 ελέησον
289 3691 322 3743 με
333 3671 368 3731 ὡς
389 3665 470 3723 κύνα·
486 3663 599 3743 δέχομαι
614 3654 662 3738 τὸν
712 3673 763 3737 tor,
777 3683 805 3721 se
815 3683 868 3723 non
878 3663 1055 3724 oonriciando
1064 3686 1174 3726 vocasse
1184 3666 1260 3726 illam
1274 3688 1378 3744 canem,
1392 3692 1455 3729 cum

58 3743 190 3803 Δέσποτα.
202 3744 297 3817 Πάσης
306 3745 358 3826 γάρ
372 3749 451 3822 τιμῆς
467 3747 523 3803 έστι
536 3744 661 3823 κρείττων
711 3741 770 3820 ejus
782 3755 890 3820 gratum
904 3743 1025 3803 animum
1034 3744 1168 3819 exhibuit,
1178 3746 1319 3826 respondet
1332 3750 1381 3807 :'0
1390 3772 1454 3808 mit·
1465 3772 1526 3815 [τοι.
1535 3786 1556 3814 v.
1569 3766 1604 3813 ιε.

55 3821 157 3902 ιόύρις,
170 3823 258 3893 πάσης
272 3824 348 3896 δόξης
359 3823 487 3900 άνωτέρα.
502 3819 562 3883 Ἵνα
575 3824 661 3882 τοίνυν
713 3820 777 3892 lier,
793 3842 903 3901 magna
918 3834 961 3881 est
999 3825 1049 3882 des
1065 3836 1117 3882 tuo
1134 3847 1142 3880 :
1153 3824 1217 3904 fiat
1231 3828 1284 3882 tibi
1304 3829 1378 3885 sieut
1393 3833 1451 3889 vis.

55 3901 95 3961 έπλ
120 3901 191 3960 τέλει
218 3902 304 3983 δείξῃ,
333 3903 373 3963 ότι
399 3904 450 3983 οὐχ
470 3901 582 3981 ύδρίζων
602 3903 662 3963 ἐκά-
711 3899 808 3958 Nescio
820 3899 955 3978 quomodo
975 3901 1072 3960 andem
1082 3901 1165 3960 sidem
1179 3902 1254 3960 illam
1266 3925 1346 3980 quam
1358 3906 1454 3966 Serva-

55 4030 56 4040 .
80 3980 123 4041 ὅτε
146 3982 227 4052 αὐτῆς
255 3982 390 4060 ἐγύμνωσε
415 3983 463 4054 τὴν
482 3981 662 4061 εύγαριστίαν,
712 3992 754 4036 tor
769 3998 895 4056 magnam
911 3979 1026 4037 vocavit.
1037 3981 1126 4050 Quam
1143 3980 1215 4039 enim
1228 3982 1381 4062 excogitare
1403 4007 1454 4045 ios-

65 4050 105 4118 Ὦ
121 4059 215 4138 γύναι,
233 4062 336 4138 μεγαλη
347 4067 420 4134 σουὴ
435 4049 538 4127 πίστις’·
552 4061 662 4139 γενηδή-
711 4055 763 4115 siin
775 4055 884 4115 laudem
897 4058 1027 4137 majorem
1043 4080 1073 4116 ea
1087 4080 1168 4137 qinom
1180 4059 1308 4119 Servatur
1341 4007 1456 4124 rotulit?

59 4140 151 4207 βελεις.
172 4138 244 4219 Ἐγὼ
262 4143 308 4199 οὐκ
321 4130 379 4200 οἶδα
392 4144 448 4206 πῶς
463 4139 595 4199 ἐπαινέσω
612 4140 660 4211 τὴν
669 4135 838 4213 ,ῃὸἰαααιιιε
851 4155 945 4195 rocem
955 4137 1091 4211 intactam,
1105 4158 1138 4196 ne
1152 4138 1249 4199 nostris
1258 4137 1303 4197 lau
1326 4141 1387 4201 rbus
1397 4165 1456 4203 eam

55 4218 172 4298 δΣοιτλρ
186 4217 304 4296 μεγάλην
315 4221 435 4279 ἐκάλεσε.
450 4218 534 4278 Ποίαν
545 4218 598 4300 γδρ
611 4221 660 4277 αὐ-
678 4228 697 4274 a
714 4213 930 4291 dehonestemus,
945 4235 978 4274 ne
991 4216 1120 4277 iaciamus
1129 4217 1258 4298 exignum
1273 4218 1302 4276 id
1315 4220 1390 4308 quod
1399 4244 1456 4281 ma-

58 4323 65 4355 ι
88 4300 226 4368 ἐπινοῆσαι
241 4297 378 4377 κρείττονα
397 4297 527 4378 ιῦφημίαν
541 4300 588 4368 τῆς
610 4299 662 4357 ἀπὸ
751 4315 799 4351 um
811 4307 851 4353 est
871 4317 877 4351 :
894 4294 1012 4354 bumana
1026 4295 1086 4355 laus
1099 4316 1140 4356 res
1154 4296 1263 4372 minuit3
1278 4298 1329 4355 Der
1344 4320 1401 4358 vox
1414 4322 1456 4360 re-

55 4400 74 4442 ις
85 4377 270 4450 ἀποδοθείσης,
284 4376 426 4455 Ἐάσωμεν
437 4377 484 4450 τὴν
499 4375 587 4457 φωνὴν
601 4377 663 4437 ἀκέ-
715 4314 766 4432 iiis
779 4372 961 4432 testimonium
976 4374 1107 4454 perhibet.
1125 4376 1253 4452 Quorum
1266 4377 1342 4448 lares,
1355 4378 1455 4460 inquit,
1469 4402 1533 4450 tisun.
1541 4412 1606 4458 ²³9·

55 4455 187 4534 όρίσωμεν
198 4455 279 4527 αὐτὴν
288 4465 345 4525 ταῖς
357 4455 500 4535 ἡμετέραις
510 4459 574 4536 εὔφη
600 4454 664 4525 ίαις,
717 4473 776 4511 ποτε
786 4474 823 4511 ex
837 4454 1013 4526 bominibus,
1027 4455 1079 4513 sed
1092 4476 1127 4513 ex
1138 4456 1213 4512 Deo.
1232 4454 1288 4512 Cur
1298 4469 1389 4516 autem
1402 4459 1457 4519 dae·

58 4557 106 4612 μεν
128 4536 158 4593 τὸ
179 4535 248 4616 μέγα
265 4535 373 4616 μικρόν·
394 4535 544 4618 ἀνθρωπίνη
558 4480 609 4614 γὸρ
624 4538 663 4594 εὖ·
716 4532 832 4591 moniaci
847 4533 1019 4592 Servatorem
1035 4533 1063 4590 in
1078 4532 1214 4591 auxilium
1224 4534 1356 4594 vocabant
1372 4562 1378 4594 z
1396 4542 1458 4599 Fili

55 4614 110 4672 ῐτέ
124 4616 288 4751 τρράγμοέιτα,
301 4618 371 4674 Θεοῦ
394 4614 421 4674 δὲ
439 4614 512 4694 φωνὴ
525 4624 664 4760 ἐμαρτυρεῖ
717 4611 820 4669 David
839 4615 973 4671 miserere
998 4616 1077 4670 mei?
1100 4633 1166 4670 num
1192 4612 1309 4672 Davidis
1335 4621 1459 4697 cognatio

56 4716 124 4753 τισιν.
145 4696 212 4753 Ωνό
235 4717 341 4764 παινος,
373 4694 443 4765 ησλν,
460 4697 507 4752 οὐκ
563 4692 663 4773 ἀνθρώ·
718 4702 809 4748 contra
819 4689 956 4749 daemonas
975 4704 1132 4770 potestatem
1143 4691 1333 4751 habetiunde
1343 4696 1459 4779 propbe-

55 4777 76 4830 ἷκ
87 4780 132 4832 τοῦ
147 4777 229 4831 Θεοῦ.
245 4773 297 4831 Διὸ
308 4771 335 4831 τί
347 4718 373 4832 δέ
387 4771 455 4838 ὅλως
470 4776 495 4831 οἱ
508 4774 663 4850 δαιμονιῶν-
718 4768 783 4827 tanti
803 4768 906 4828 clamor
926 4769 984 4843 ille,
1005 4770 1068 4828 Fili
1092 4771 1204 4841 David,
1226 4776 1362 4831 miserere
1384 4783 1460 4836 mei?

55 4856 104 4922 υτῆ
122 4878 139 4911 α
161 4851 274 4929 ἐκάλουνΙ
293 4854 330 4919 εἰς
350 4851 483 4930 βοήθειαν,
504 4852 553 4911 Υἱὲ
568 4850 664 4922 δαολδ,
718 4846 791 4906 unde
806 4848 877 4907 vonit
886 4862 916 4907 ut
929 4848 1078 4906 Chananaea
1094 4869 1144 4929 pro
1160 4849 1217 4907 lilia
1231 4849 1393 4913 daemoniaca
1406 4857 1460 4914 eln-

60 4876 416 5011 ;μὸγὸιρὴτοῶ’Δαυ“ιδσυ
451 4930 581 5002 ίνειατλν
597 4929 666 4988 κατὸι
719 4947 795 4985 mans
805 4927 886 5005 dicat,
901 4927 963 4986 Fili
972 4927 1084 4998 David,
1099 4932 1234 4987 miserere
1244 4931 1365 4990 aneilln
1376 4933 1463 4994 histo-

55 5034 96 5069 ων
110 5009 228 5079 ἐξουσίαν
248 4955 494 5090 ἐχεαπύθενγόλως
510 5014 548 5090 τῷ
563 5031 666 5089 προφη·
720 5006 761 5065 rin
782 5005 908 5077 traditur,
931 5004 1066 5066 Davidem
1085 5007 1175 5088 lyram
1195 5008 1345 5087 pulsantem
1364 5009 1462 5075 daemo-
1504 5057 1507 5064 ,

55 5092 126 5168 βοᾷν,
135 5089 254 5170 λέγοντι,
266 5089 314 5148 Υίὸ
328 5088 547 5162 Δαυλδ,ἐλίησόν
562 5112 610 5166 με,
622 5088 667 5145 καὶ
722 5105 782 5143 nem
804 5107 820 5144 a
843 5085 924 5145 Saiile
943 5084 1071 5164 abegisse.
1093 5086 1166 5159 Quia
1179 5085 1263 5166 igilur
1283 5087 1374 5147 David
1388 5114 1421 5151 ex
1436 5095 1464 5152 vi

55 5168 142 5229 ιίανπ
174 5168 305 5246 σάγοοσαν
318 5167 366 5240 τὴν
378 5167 473 5248 θυγατέ
491 5191 509 5225 α
522 5168 666 5245 δαιμονιζοι
723 5163 826 5223 musica
838 5162 1127 5245 demonespellebnt:
1145 5165 1257 5239 musica,
1274 5163 1396 5243 inquam,
1412 5194 1464 5247 nop

55 5258 92 5323 ,ῖν,
106 5250 130 5308 l'
178 5248 275 5320 Δαυίδ,
289 5247 394 5319 έλέησόν
412 5271 457 5327 με,
476 5191 615 5328 ίλαρεδόθη
636 5246 669 5303 τὰ
724 5241 1025 5320 humana,seddivina,
1040 5257 1113 5302 etex
1125 5242 1230 5325 Spiritu
1240 5249 1463 5337 sanetopulsans5

83 5348 155 5386 rou.
179 5348 253 5386 ιἰιι.
1277 5340 1314 5382 on
