3750 5940
139 423 185 495 90
475 421 505 466 S.
533 416 676 467 JOANNIS
702 415 886 463 CHRYSOST·
916 415 1072 463 tunctune.
1101 417 1374 465 consulumue.

139 543 215 623 prior
240 555 265 601 et
294 540 460 623 splendidior
482 541 530 602 illo
547 541 644 617 luent,
668 539 721 598 hoe
734 536 870 597 addidisse
876 582 886 614 ,
938 539 984 599 καὶ
1000 540 1195 622 λαμπρότερος,
1210 539 1385 620 ἐπίγαγετὸ,
1402 537 1468 598 Ὅτι
1489 538 1592 619 πρῶτός
1605 561 1656 617 μου
1670 529 1714 610 ἧν.

146 638 224 714 (luia
240 637 322 715 prior
337 654 383 693 me
397 645 469 693 erat.
481 631 518 692 Et
530 631 589 691 haee
602 651 655 690 una
668 650 748 690 causa
770 627 888 688 estzsed
938 630 993 691 Καὶ
1015 630 1063 709 μία
1080 630 1128 709 μὲν
1143 631 1209 705 αὕτη
1230 632 1316 692 αἰτία·
1340 628 1429 701 τίθησι
1451 628 1479 691 δέ
1504 630 1549 691 καὶ
1570 631 1714 713 ιδευτέραν

141 727 233 788 subdit
246 727 330 787 aliam
350 725 383 786 de
404 747 458 805 qua
478 746 551 785 nunc
569 725 668 804 agitur.
687 723 819 797 Quaenam
838 721 887 780 illa
939 724 1020 784 πάλιν
1036 725 1069 797 ἣν
1086 732 1129 784 νῦν
1145 747 1218 805 φησι.
1234 723 1284 792 Τίς
1299 722 1328 784 δά
1341 727 1413 783 ἐστιν
1423 720 1504 794 αὕτη,
1518 721 1570 782 Ἐκ
1582 729 1629 783 τοῦ
1638 726 1715 794 πλη-

141 818 201 880 est?
218 821 264 879 De
283 818 476 899 plenitudine,
499 816 606 895 inquit,
627 818 690 896 ejus
715 833 768 873 nos
789 824 921 874 omuestt
943 814 1063 899 ρῶμσιτος
1079 821 1157 878 αὐτοῦ
1180 822 1271 896 ἡμεῖς,
1291 816 1370 897 μησί,
1395 815 1491 882 πάντες
1513 814 1653 894 ἐλάὸομεν,
1669 815 1716 875 καὶ

140 915 304 992 occepimus
324 923 353 969 et
374 915 499 990 gratiam
512 929 566 986 pro
579 911 695 989 gratia3
715 919 742 966 et
754 917 816 985 post
828 903 886 978 λοστ
940 908 1019 989 χάριν
1035 908 1093 967 ἀντὶ
1106 909 1222 990 χάριτος.
1233 909 1286 969 Καὶ
1297 908 1365 987 μετά
1375 907 1473 968 τοίτων
1487 905 1560 986 λάγει
1572 906 1654 966 πάλιν
1668 907 1716 966 καὶ

140 1003 239 1062 iterum
256 1002 349 1061 aliam.
363 1000 454 1072 Quam
469 999 564 1058 illam?
579 1000 657 1078 Quia
668 999 718 1057 lex
729 1017 783 1076 per
796 998 886 1071 Moy·
941 998 1032 1073 άλλην.
1046 999 1132 1060 Ποίαν
1153 999 1309 1073 δέταύτηνς
1322 993 1500 1078 Ὅτιθνόμος
1514 997 1558 1058 nt
1579 997 1717 1068 Μωθσάως

141 1117 201 1157 sem
210 1098 282 1156 dota
291 1109 349 1173 est,
368 1084 505 1176 gratiaet
519 1093 794 1172 vedtasperlesum
803 1089 887 1150 Clm'·
941 1090 1063 1166 ἐδόθη,ἠ
1087 1092 1166 1174 χάρις
1180 1093 1226 1152 καὶ
1245 1096 1263 1164 ἡ
1283 1091 1401 1174 εῖλιίθειαν
1416 1091 1461 1153 ut
1484 1092 1573 1164 Ἰησοῦ
1598 1090 1717 1172 Χριστοῦ

141 1203 216 1249 stum
223 1189 315 1270 sacto
325 1200 378 1247 est.
395 1186 432 1246 Et
446 1185 514 1266 quid
527 1198 582 1258 est,
594 1183 717 1263 inquies,
731 1179 819 1256 illud,
837 1184 888 1241 Ee
940 1180 1051 1262 ἐγένετο.
1065 1184 1119 1245 Καὶ
1129 1182 1157 1242 τί
1167 1183 1232 1244 ποτά
1245 1188 1318 1258 ἐστι,
1332 1184 1411 1265 ρησλ,
1423 1183 1528 1258 τθ,Ἐκ
1540 1189 1587 1243 τοῦ
1602 1180 1715 1264 πληρῶ-

33 1287 40 1301 ’
139 1281 394 1359 plenitudineojus
408 1299 462 1338 nos
474 1275 573 1337 omnes
584 1274 888 1356 accepimuslllameo
943 1299 1024 1354 ματος
1039 1280 1118 1337 αὐτοῦ
1131 1282 1209 1356 ἡμεῖς
1221 1277 1318 1346 πάντες
1332 1275 1550 1356 ἐλάθομεν;Ἐπί
1573 1275 1717 1359 γάρτοῦτο

89 1422 93 1426 .
141 1371 249 1434 interim
263 1392 350 1431 sermo
361 1369 521 1452 relereqdus·
530 1381 579 1429 est.
599 1370 660 1428 Nou
674 1367 773 1443 habet,
785 1364 888 1445 iuquit,
941 1368 1008 1437 τάως
1022 1370 1114 1431 σίκτίον
1127 1370 1172 1430 τθν
1186 1370 1273 1450 λόγον.
1287 1372 1329 1429 Οὐ
1344 1368 1483 1448 μεθεκτλν,
1497 1368 1587 1448 ρησλν,
1597 1368 1655 1449 ἔχει
1667 1367 1715 1441 τὴν

140 1465 205 1525 doni
214 1464 342 1546 erogandi
349 1476 515 1536 consortem,
530 1462 644 1543 sedipse
651 1459 795 1541 lons‚ipse
807 1459 889 1518 radix
943 1461 1053 1544 δωρεάν,
1068 1464 1126 1523 ἀλλ’
1146 1461 1284 1543 αθτοπηγλ
1309 1464 1355 1523 καὶ
1380 1461 1504 1544 αιἰτομίζα
1527 1459 1584 1522 ἐστὶ
1607 1461 1716 1522 πάντων

140 1573 180 1618 est
187 1559 320 1619 bonorum
331 1546 467 1631 omnium,
476 1557 534 1638 ipsa
544 1555 602 1616 vita
609 1599 618 1632 ,
629 1555 688 1637 ipsa
698 1554 761 1630 lux,
774 1554 833 1635 ipsa
840 1575 888 1614 ve·
941 1557 993 1613 τῶν
1006 1557 1104 1630 καλῶν,
1115 1555 1247 1630 αι’ποζωὴ,
1261 1555 1308 1615 καὶ
1321 1558 1451 1636 αθτορῶς,
1466 1553 1512 1615 καλ
1527 1555 1715 1629 σιἰτοαλήθιια·

140 1650 223 1726 ritas,
236 1650 284 1729 qui
293 1650 429 1710 bonorum
441 1646 553 1709 divitias
566 1666 620 1707 non
633 1646 662 1705 in
674 1666 703 1706 se
712 1645 824 1720 retinet,
841 1645 889 1705 sed
942 1648 989 1706 οθκ
1002 1648 1029 1706 ἐν
1044 1651 1130 1729 ἑαυτῷ
1146 1648 1262 1729 συνάγων
1274 1653 1326 1708 τῶν
1337 1651 1441 1728 ἀγαθῶν
1452 1648 1497 1708 τὸν
1511 1649 1633 1722 πλοῶτσν,
1645 1646 1716 1708 ἀλλά

140 1743 168 1801 iu
179 1743 247 1803 alios
259 1763 352 1803 omnes
366 1739 482 1800 effundit
487 1762 496 1818 5
510 1752 536 1799 et
549 1753 694 1821 postquam
705 1736 816 1813 effitdit,
829 1736 887 1817 ple·
941 1739 987 1799 καὶ
1002 1743 1039 1808 εἰς
1058 1740 1119 1809 τοὺς
1134 1741 1228 1810 ἄλλους
1246 1741 1365 1810 ἅπαντας
1381 1739 1549 1823 θπεράλιίζων
1570 1739 1659 1814 αι’πθν,
1669 1740 1716 1800 καί

140 1855 191 1895 nus
203 1847 336 1909 remanet,
355 1832 424 1891 nihil
441 1832 531 1894 minus
550 1831 653 1890 habeus
664 1843 809 1912 postquam
824 1828 887 1889 aliis
942 1831 1009 1910 μετὰ
1026 1832 1058 1893 τὸ
1076 1833 1238 1916 θπτρὸλθσαι
1262 1833 1346 1913 pout
1359 1834 1476 1915 πλήμης·
1490 1833 1541 1893 *ἐν
1561 1832 1647 1894 οὐδενὶ
1663 1831 1718 1913 γάρ

139 1927 269 2007 elargitus
282 1939 339 2001 est,
353 1924 402 1983 sed
411 1944 516 2006 semper
527 1922 692 1999 scaturiens,
703 1934 729 1981 et
743 1920 806 1979 aliis
815 1919 887 1980 bona
941 1923 1128 2003 ἐλαττούμενος
1141 1928 1171 1986 ἐκ
1184 1928 1232 1997 τῆς
1255 1928 1291 1993 εἰς
1305 1924 1406 2007 ἑτέρους
1427 1922 1571 2005 χορηγίας,
1593 1927 1653 1984 ἀλλ’
1674 1924 1717 1989 dd

140 2018 314 2100 impertiens,
341 2017 372 2077 in
388 2015 482 2077 eadem
503 2028 592 2075 manet
608 2012 781 2095 perfectione.
806 2011 888 2085 Quod
904 2024 923 2074 G
941 2016 1068 2098 πηγάζων
1089 2017 1136 2098 καλ
1158 2027 1225 2079 πᾶσι
1247 2017 1345 2078 τούτων
1368 2016 1526 2097 ματαδιδοθς
1546 2020 1600 2077 τῶν
1616 2019 1716 2090 καλῶν,

140 2125 230 2183 autem
246 2131 296 2190 ego
311 2111 367 2169 sero
381 2109 514 2190 particeps
528 2107 610 2184 boui,
624 2107 661 2166 ab
674 2105 729 2165 alio
740 2104 844 2186 accepi,
861 2118 888 2164 et
941 2108 986 2168 ἐπὶ
1000 2113 1048 2181 τῆς
1061 2113 1142 2182 αι’πῆς
1163 2109 1236 2189 μάνει
1255 2109 1426 2183 τελειότητος.
1442 2107 1481 2170 Ὃ
1505 2108 1533 2170 ll
1558 2108 1612 2190 ἐγὼ
1626 2107 1717 2190 μίμεο,

140 2203 239 2282 exigua
249 2224 312 2285 pars
323 2203 405 2261 totius
415 2200 589 2279 est,etquasi
601 2199 673 2259 stilla
682 2199 782 2280 abysso
794 2199 888 2258 ineffa·
942 2201 1065 2280 μεθεκτόν
1081 2202 1112 2263 τά
1129 2206 1185 2263 ἐστι
1199 2206 1284 2284 (παρ’
1307 2201 1395 2284 ῖτάρω
1419 2201 1474 2285 γάρ
1498 2201 1593 2262 nato
1616 2201 1717 2283 αὗτθ),

140 2294 224 2354 biliet
231 2295 327 2376 pelago
338 2293 469 2353 immenso
479 2291 716 2373 comparataziinu
727 2289 819 2349 nehoo
827 2291 886 2369 qui·
940 2293 987 2353 καὶ
1002 2293 1096 2376 μικρόν
1109 2319 1137 2354 τι
1153 2301 1199 2355 τοῦ
1212 2295 1323 2369 παντὸς,
1337 2294 1383 2354 καλ
1404 2292 1623 2375 οῖονελθσταγῶν
1644 2297 1717 2355 εὐτε-
1738 2296 1741 2300 ’

140 2388 203 2448 dem
214 2388 369 2469 exemplum
386 2400 473 2468 potest
486 2385 552 2445 satis
564 2384 701 2466 explicare
713 2383 743 2442 id
751 2380 831 2461 ‘quod
845 2403 888 2443 m·
940 2384 988 2457 λης
999 2387 1064 2468 πρὸς
1077 2387 1192 2447 άάυσσον
1204 2386 1303 2469 ἄφατον
1318 2387 1365 2447 καὶ
1377 2385 1492 2466 πέλαγος
1505 2387 1613 2467 ἄπειρον
1624 2409 1631 2424 ·
1642 2387 1717 2466 μῖλ-

141 2501 246 2541 ecnsere
255 2501 392 2540 conamur.
403 2478 513 2539 Etenim
525 2477 548 2538 si
559 2477 661 2538 stillam
669 2498 705 2536 ex
715 2475 810 2558 pelago
820 2475 888 2535 hau·
939 2480 985 2539 λον
1001 2477 1030 2540 δέ
1046 2479 1105 2540 oon
1119 2487 1195 2540 τοῦτο
1207 2479 1239 2539 τὸ
1257 2479 1429 2562 παράδειγμα
1450 2482 1624 2561 παραστῆσαι
1639 2478 1718 2540 δάιε·

140 2573 208 2650 rins,
218 2573 317 2655 eoipso
334 2572 446 2654 pelagus
457 2569 716 2646 minuisti,etiamsi
727 2567 884 2628 imminutio
940 2595 985 2630 ται
997 2569 1064 2652 ὅπερ
1076 2574 1258 2654 ἐπιχειροῦμεν
1271 2575 1363 2631 εἰπεῖν.
1377 2569 1501 2651 Σταγθνα
1522 2571 1570 2650 plu
1588 2572 1642 2654 γάρ
1662 2571 1718 2633 ἀπὸ

140 2667 186 2726 illa
200 2667 261 2728 visu
275 2687 328 2726 non
342 2665 516 2747 percipiatur.
530 2665 571 2723 De
583 2663 657 2722 fonte
681 2675 772 2722 autem
791 2661 843 2721 isto
857 2658 887 2721 id
939 2663 1070 2741 πελάγους
1091 2662 1122 2722 ἂν
1135 2661 1239 2744 stupe,
1256 2665 1329 2744 αὐτῷ
1343 2663 1427 2744 τοιίτιμ
1441 2663 1473 2723 τθ
1495 2665 1610 2744 πέλαγος
1629 2665 1719 2737 ἠλάτ-

140 2758 196 2819 dici
206 2759 299 2838 nequit
306 2750 318 2835 ¹3
334 2756 380 2817 sed
389 2770 639 2838 quantumcumque
649 2755 784 2829 hauseris,
797 2767 887 2813 manet
940 2778 1042 2829 τωσας,
1055 2758 1077 2815 cl
1090 2755 1137 2816 καὶ
1146 2753 1248 2836 άρανὴς
1262 2754 1444 2827 ἡέλάττωσις.
1453 2753 1556 2816 ’Eunt
1569 2759 1618 2827 πῶς
1626 2760 1719 2835 πηγῆς

140 2865 229 2911 tumen
243 2850 311 2910 nihil
320 2845 491 2924 imminutus.
505 2848 597 2920 Quare
608 2847 665 2907 alio
675 2844 801 2927 exemplo
811 2859 888 2904 nten-
940 2846 1041 2919 ἐκείνης
1052 2851 1099 2907 οὐκ
1116 2847 1173 2908 ἐστι
1192 2854 1269 2908 τοῦτο
1289 2850 1384 2907 εἰπεῖν·
1406 2850 1463 2908 ἀλλ’
1476 2847 1537 2908 ὅσον
1550 2847 1582 2908 du
1597 2873 1639 2916 τις
1652 2847 1719 2930 dpl-

141 2942 308 3023 dumzquod
322 2957 410 3002 tamen
431 2941 571 3001 infirmum
592 2953 647 3014 est,
662 2961 710 2999 nec
726 2951 812 3020 potest
830 2959 888 2997 rem
940 2963 1039 3014 σηται,
1054 2939 1126 3019 μένει
1147 2938 1228 3018 μηδὲν
1253 2938 1440 3018 ἐλαττωμίνη.
1451 2939 1501 3000 Διὸ
1519 2938 1718 3022 χμὴ’μάλιστα

140 3037 281 3117 quaesitum
295 3035 492 3112 demonstrare3
505 3033 553 3094 sed
567 3033 654 3114 magis
668 3053 752 3112 quum
768 3031 888 3112 primum
903 3049 923 3097 n
940 3036 980 3114 ἐρ’
993 3033 1082 3118 ῖτιμον
1098 3033 1245 3114 ὑπόδειγμα
1265 3035 1361 3092 ἐλθεῖν·
1376 3032 1481 3102 ἀσθενὲς
1493 3040 1505 3067 ⁰
1515 3032 1564 3112 pls
1582 3032 1636 3116 γάρ
1652 3032 1718 3095 anst

140 3127 176 3189 ad
188 3129 354 3210 propositam
367 3149 415 3187 nos
432 3126 545 3187 adducit
559 3125 729 3187 sententiam.
747 3124 888 3205 Suppona·
940 3125 987 3185 καὶ
1004 3128 1034 3185 οθ
1048 3126 1190 3205 δυνάμενον
1203 3125 1269 3206 ὅπερ
1287 3127 1415 3205 ζητῶμεν
1436 3128 1623 3207 παραστῆσαι,
1645 3129 1718 3204 μάλ·

141 3240 202 3279 mus
213 3241 270 3279 esse
280 3219 390 3299 igneum
403 3219 568 3277 sontemzex
579 3238 634 3296 quo
653 3215 826 3291 ferumine,
844 3214 888 3273 bis
941 3221 985 3278 λον
1010 3217 1037 3279 δὲ
1065 3225 1112 3280 τοῦ
1127 3220 1256 3304 προτέρου
1276 3227 1455 3303 χειραγωγῶν
1476 3225 1549 3299 ἡμᾶς
1573 3219 1641 3302 πρὸς
1666 3219 1717 3293 τὴν

141 3311 231 3385 mille,
241 3311 381 3386 termille,
393 3324 419 3369 et
429 3309 508 3390 longe
518 3309 610 3390 plures
618 3310 733 3369 luccmae
741 3306 889 3367 accendun·
941 3310 1041 3371 ἔννοιαν
1051 3311 1099 3385 τὴν
1108 3313 1283 3393 προκειμένην
1291 3316 1355 3390 ἡμῖν
1366 3315 1420 3372 νῦν.
1430 3310 1607 3390 ‘tuenstuens
1616 3312 1672 3395 γάρ
1681 3304 1718 3373 ul-

141 3415 187 3460 tur
195 3426 201 3459 :
209 3423 297 3462 annon
307 3422 382 3480 seque
391 3401 486 3483 plenus
496 3401 568 3481 ignis
579 3415 683 3492 manet,
696 3413 838 3482 postquam
849 3413 888 3459 tot
933 3423 984 3463 ναι
994 3404 1075 3486 πυρθς
1088 3403 1187 3485 πηγὴν,
1199 3395 1256 3464 εἶτα
1267 3403 1321 3464 ἀπὸ
1333 3409 1484 3486 πῶς’πηγῆς
1494 3404 1596 3478 ἐκείνης
1606 3403 1719 3486 μυρίαις

88 3526 91 3532 ·
142 3496 269 3558 aliisvim
282 3517 360 3556 suam
369 3494 489 3555 indidit?
502 3493 533 3554 ld
548 3495 648 3555 nemini
661 3515 715 3554 non
728 3507 822 3553 notum
835 3505 885 3553 est.
942 3497 1104 3557 ἀνάπτεσθαι
1119 3496 1299 3578 λύχνως,κα“ι
1317 3496 1578 3572 δίςτοσοθτους,καλ
1591 3496 1650 3579 τρλς
1669 3497 1717 3559 καὶ

143 3589 224 3664 Quod
250 3590 273 3649 si
298 3589 326 3648 in
353 3587 511 3669 corporibus
535 3587 735 3662 divisibilibus,
758 3607 818 3665 quae
838 3606 888 3667 per
941 3589 1082 3657 πολλάκις·
1093 3581 1146 3672 άρα
1159 3593 1206 3651 οθκ
1219 3589 1263 3650 ἐπὶ
1272 3593 1320 3661 τῆς
1332 3593 1413 3662 αὐτῆς
1423 3589 1495 3668 μάντι
1505 3588 1673 3670 πλημάσητος
1685 3590 1717 3652 πθ

31 3747 33 3752 ,
142 3682 322 3745 ademtionem
336 3681 508 3756 minuuntur,
529 3679 671 3762 quidpiam
686 3679 773 3740 simile
789 3678 889 3761 reperi·
941 3680 1046 3762 πῶμκαλ
1055 3681 1122 3760 μετὰ
1131 3679 1161 3739 τὸ
1169 3682 1324 3759 μεταδοῦναι
1336 3681 1465 3749 τοσούτοις
1473 3686 1522 3754 τῆς
1530 3680 1719 3762 ἐνεμγείαςτῆς

144 3788 205 3851 tur,
222 3773 296 3853 quod
308 3769 453 3855 postquam
465 3771 526 3832 aliis
545 3793 605 3851 qua
622 3793 670 3830 sua
680 3785 756 3831 erant
768 3769 887 3856 indidit,
943 3774 1034 3846 αἰκῶς
1042 3771 1129 3832 Παντί
1139 3796 1189 3832 που
1200 3771 1278 3844 δῆλόν
1286 3775 1364 3832 ἐστιν.
1372 3775 1407 3832 Εἰ
1418 3771 1445 3834 δέ
1457 3772 1501 3834 eut
1508 3775 1560 3831 τῶν
1572 3771 1716 3851 σωμάτων,

144 3871 214 3931 nihil
229 3883 318 3929 tamen
334 3868 481 3943 minuitur,
493 3867 580 3925 multo
592 3867 679 3946 magis
695 3866 888 3948 inincorporeu
942 3867 995 3924 τῶν
1005 3869 1149 3947 μεριστῶν,
1160 3868 1213 3923 τῶν
1224 3863 1419 3943 ἐλαττουμένων
1429 3865 1479 3925 θπὸ
1489 3870 1536 3937 τῆς
1544 3865 1717 3946 ἀφαιρέσεως,
1736 3887 1737 3891 ’

144 3980 171 4027 ct
191 3964 336 4025 immortali
353 3963 401 4022 illa
413 3961 532 4044 potentia
548 3959 600 4021 hoc
613 3959 757 4041 continget.
773 3963 843 4020 Nam
865 3961 887 4021 si
943 3957 1035 4040 εθράθη
1044 3981 1073 4015 τι
1086 3963 1200 4017 τοιοῦτον
1222 3956 1237 4017 θ
1258 3955 1305 4014 καὶ
1319 3955 1387 4034 μετὰ
1401 3957 1432 4016 τὸ
1452 3963 1602 4038 παρασχεῖν
1618 3955 1717 4038 ῖτάροις

145 4080 208 4118 cum
224 4058 253 4117 id
270 4055 344 4138 qnod
362 4054 542 4136 participatur
562 4067 602 4113 est
621 4052 771 4113 substantia
788 4055 924 4113 atuor-1¹·
941 4050 1052 4132 πάτερ’
1067 4048 1242 4110 ἐσυτοῖιοθδὲν
1255 4048 1596 4129 παμεὸλάπτεται,πολλῷ
1615 4051 1716 4128 μᾶλλον

144 4173 210 4232 pus,
226 4148 452 4223 etdividitur,et
469 4168 521 4206 non
535 4145 669 4206 dividitur
682 4168 688 4202 τ
701 4146 788 4206 multo
802 4147 888 4227 magis
943 4143 988 4204 ἐπὶ
1005 4148 1053 4215 τῆς
1071 4141 1215 4221 ἀσωμάτου
1238 4141 1284 4201 καὶ
1302 4141 1436 4223 ἀκηράτου
1461 4140 1596 4220 δυνάμεως
1615 4141 1717 4215 ἐκείνης

145 4265 207 4303 cum
223 4242 256 4301 de
272 4244 301 4303 vi
316 4240 414 4322 agendi
427 4261 514 4300 sermo
528 4253 580 4316 est,
593 4236 679 4319 deque
689 4237 718 4298 ri
729 4238 825 4318 agendi
847 4239 888 4298 in·
942 4241 1018 4295 τοῦτο
1031 4235 1204 4313 συμὸησεται.
1213 4234 1306 4315 Εῖγὰρ
1317 4235 1378 4294 ἔνθα
1388 4234 1463 4295 σθσία
1473 4233 1529 4295 ἐστί
1539 4235 1570 4295 τὸ
1580 4237 1716 4314 μεταλαμ-

145 4355 277 4415 corporee
296 4331 465 4407 substantie,
482 4331 653 4412 exploratum
668 4343 707 4389 est
722 4328 753 4388 id
772 4330 888 4392 evenire.
944 4327 1086 4407 θανόμενον
1095 4327 1142 4387 καλ
1154 4325 1304 4406 σῶμα,καλ
1314 4326 1463 4406 μερίζεται,
1474 4326 1560 4387 καίοθ
1566 4326 1716 4410 μερίζεται,

8 4431 17 4442 ’
144 4426 210 4486 ldeo
225 4429 340 4489 loannes
356 4423 476 4500 dicebat,
491 4424 537 4482 De
552 4423 737 4503 plenitudine
756 4427 820 4504 ejus
835 4443 888 4483 nos
942 4423 1032 4502 πολλῶ
1053 4421 1151 4498 μᾶλλον
1169 4419 1230 4480 ὅταν
1244 4419 1305 4501 περὶ
1329 4418 1459 4499 ἐνεργείας
1477 4424 1492 4478 δ
1514 4418 1590 4498 λόγος
1611 4411 1648 4500 ᾖ,
1670 4418 1716 4480 καί

145 4540 244 4578 omnes
256 4520 442 4596 accepimus,·
460 4529 486 4575 et
496 4515 677 4575 testimonium
700 4537 781 4576 suum
797 4516 889 4596 Bapti-
943 4510 1073 4592 ἐνεργείας
1084 4517 1131 4584 τῆς
1146 4510 1172 4580 ἐξ
1189 4510 1332 4590 ἀσωμάτου
1348 4509 1452 4585 οὐσίας,
1463 4509 1535 4570 οθθέν
1545 4511 1614 4579 εῖκθς
1629 4518 1717 4572 τοιοῦ-

144 4626 190 4671 stae
200 4609 353 4671 testimonio
369 4607 508 4668 connectit.
525 4608 595 4666 Nam
604 4607 692 4684 illud,
710 4614 754 4667 De
763 4607 890 4687 plenitur·
943 4626 987 4663 τον
1006 4608 1109 4663 παθεῖν.
1128 4603 1180 4663 Διὰ
1198 4609 1274 4663 τοῦτο
1289 4599 1333 4661 καλ
1349 4600 1475 4674 Ἰωάννης
1489 4601 1587 4682 ἔλεγεν,
1600 4603 1652 4663 Ἐκ
1671 4608 1718 4664 τοῦ

144 4707 291 4786 dineejus
305 4722 358 4762 nos
371 4720 471 4760 omnes
484 4703 665 4780 accepimus,
679 4719 889 4782 nonpraecurso·
942 4694 1122 4778 πληρώματος
1146 4697 1224 4754 αὐτοῦ
1256 4699 1334 4772 ἡμεῖς
1365 4693 1461 4762 πάντες
1488 4694 1640 4773 ἐλάθομεν·
1672 4694 1719 4755 καὶ

177 4949 187 4971 ³·
204 4931 280 4983 Suril.
293 4942 319 4982 et
330 4930 388 4982 ttss.
406 4928 507 4996 plurimi
521 4937 559 4983 οθκ
572 4935 687 5001 ἀρκεσθεὶς
699 4932 721 4980 δὲ
740 4935 820 4995 ἐκείνη,
830 4934 903 4986 τίθησι
986 4927 999 4965 b
1014 4927 1072 4977 tiss.
1083 4923 1185 4991 plurimi
1197 4935 1222 4974 et
1233 4922 1310 4976 Suril.
1321 4932 1408 4989 σταγὼν
1425 4929 1523 4984 εὐτελής.
1537 4923 1624 4976 Morel.
1638 4923 1720 4977 etalii
1738 4940 1740 4945 ⁴

143 5018 251 5083 δευτέραν
268 5016 343 5076 πάλιν,
357 5018 383 5070 ἢν
401 5018 437 5064 νῦν
456 5031 517 5080 pust·
533 5017 567 5069 τίς
578 5013 603 5061 tt
618 5014 686 5061 ἐστιν.
698 5005 785 5058 ttorel.
799 5029 822 5060 ε.
840 5011 861 5058 θ.
880 5029 901 5058 κ.
952 5012 1040 5070 σταγὼν
1051 5002 1210 5070 θλίγη,[θίοι
1221 5000 1298 5054 Suvll.
1312 5012 1339 5052 et
1352 4998 1435 5053 Codd.
1453 5003 1511 5067 705,
1524 5005 1573 5055 706
1586 5008 1718 5058 ldvoen’av.

143 5096 258 5154 δευτέραν,
269 5095 308 5143 οὐκ
319 5095 433 5158 ἀρκεσθεὶς
446 5096 526 5159 ἐκείνη.
952 5079 1022 5134 Infra
1038 5081 1114 5132 iidem
1127 5086 1182 5134 αθτθ
1191 5091 1259 5134 τοῦτο
1271 5089 1297 5135 σθ
1308 5081 1347 5146 to]

178 5170 189 5194 “
208 5168 261 5234 [καὶ
272 5172 340 5222 οὐθενὶ
351 5175 384 5220 θλ.
397 5164 475 5219 Suvil.
484 5178 510 5218 et
521 5161 586 5220 Cod.
600 5166 671 5231 ῖθθ.]
985 5169 994 5192 ⁰
1012 5160 1023 5227 [
1031 5167 1073 5227 μὲν
1086 5166 1122 5214 καῖ
1134 5166 1189 5214 αὐτὸ
1203 5157 1280 5212 savit.
1294 5169 1320 5209 et
1330 5154 1413 5210 codd.
1428 5160 1484 5225 cit.,
1496 5162 1585 5227 recte]
