3750 5940
85 479 238 528 mormr.
267 479 393 526 senisu.
782 457 853 551 637

111 601 208 682 ipsius,
219 602 297 682 quasi
306 602 407 661 cedem
421 613 561 682 patrasset,
574 615 657 680 utque
677 618 789 685 propter
801 604 854 664 hoc.

111 682 225 741 verbum
238 681 267 741 in
282 694 380 740 terram
393 679 505 739 Madian
525 681 634 761 fugerit,
655 681 748 761 ibique
765 682 852 742 dnum

110 760 260 820 liberorum
272 773 348 841 pater
356 761 391 819 sit
404 759 501 834 iactos,
517 773 600 838 utque
616 760 728 840 angelus
747 761 799 844 ipsi
824 763 852 822 in

111 853 201 899 monte
214 839 280 898 Sina
293 839 458 920 apparuerit,
485 852 511 898 et
530 839 602 918 ignis
623 859 655 898 ac
674 840 736 899 rubi
757 840 852 922 pacifi-

110 939 169 977 cam
189 918 289 978 viderit
315 918 474 994 amicitiam,
497 939 646 997 vocemque
668 917 791 978 divinam
817 920 853 980 de
937 973 940 978 .

109 997 174 1056 caelo
207 998 310 1078 lapsam
335 996 496 1071 exaudierit,
525 997 650 1077 quodque
683 999 852 1060 tremefactus

109 1097 161 1135 non
177 1098 258 1136 ausus
273 1076 353 1136 suerit
363 1075 530 1136 considerare
542 1077 714 1152 miraculum,
723 1091 750 1137 et
758 1079 851 1159 jussus

107 1156 188 1215 suerit
209 1155 309 1237 pedum
329 1177 440 1215 suorum
459 1156 563 1216 solvere
582 1157 800 1232 calceamentum,
817 1181 851 1220 ac

108 1235 199 1295 locum
217 1237 245 1294 in
260 1257 314 1314 quo
330 1250 400 1310 erat,
414 1248 513 1295 terram
533 1256 589 1295 esse
601 1249 720 1296 sanctam
733 1236 851 1299 audive-

109 1314 161 1389 rit,
175 1315 249 1394 quod
262 1337 325 1373 cum
336 1315 419 1394 signis
432 1314 556 1374 eduxerit
569 1315 701 1406 populum
715 1337 750 1375 ex
763 1316 849 1399 Egy-

128 1407 169 1465 to,
179 1409 203 1452 et
218 1416 266 1486 per
279 1416 353 1453 mare
367 1394 492 1454 Rubrum
500 1415 577 1472 qriast
591 1394 753 1474 peraridum
764 1397 849 1456 lsra'c‘-

106 1415 141 1531 hs
169 1495 260 1555 copias
287 1473 432 1554 imperator
466 1473 624 1532 traduxerit.
652 1475 850 1536 Commemorat
896 1475 900 1482 ’

106 1567 195 1612 autem
214 1567 240 1613 et
258 1553 412 1633 iniquorum
430 1551 608 1612 idololatriam
623 1554 651 1613 in
667 1568 774 1632 monte,
786 1576 850 1615 cum

108 1631 149 1690 illi
167 1633 250 1691 maris
264 1633 381 1692 viatores
394 1653 491 1691 numen
511 1631 598 1692 vitulo
611 1633 809 1706 assimilamut,
823 1647 849 1694 et

108 1710 143 1768 ab
163 1711 301 1792 AEgyptiis
322 1714 468 1792 reportatas
491 1711 617 1771 victorias
631 1711 704 1771 idolo
727 1727 849 1794 acceptas

74 1813 90 1857 ις
107 1791 263 1850 retulerunt.
275 1793 472 1850 Commemorat
482 1790 548 1873 ipsis
558 1804 584 1850 et
593 1791 777 1871 captivitatem
785 1813 849 1873 gen-

108 1869 141 1928 tis
153 1869 179 1929 in
190 1870 340 1962 Babylone,
351 1883 433 1949 rrtque
444 1884 568 1950 acceptus
579 1873 636 1929 Deo
648 1870 728 1931 suerit
739 1872 847 1947 David,

107 1950 234 2027 quoniam
249 1950 351 2010 invenit
372 1950 485 2028 gratiam
507 1962 568 2008 ante
587 1951 693 2027 Deum,
707 1964 733 2010 et
747 1951 849 2012 Christi

107 2043 183 2107 pater
196 2043 234 2088 est
246 2041 423 2111 nuncupatus.
438 2030 635 2088 Commemorat
649 2043 675 2089 et
687 2030 849 2090 aebficamm

105 2107 218 2167 domum
228 2130 244 2167 a
255 2109 410 2182 Salomone,
425 2108 603 2186 Deumquein
615 2108 681 2168 locis
689 2111 850 2170 manufactis

107 2208 160 2247 non
178 2187 319 2248 diversari.
336 2190 482 2265 Postquam
503 2187 587 2266 igitur
602 2201 712 2278 patrum
724 2187 851 2250 historias

108 2267 144 2325 ita
154 2268 303 2348 percurrit,
315 2266 420 2357 Spiritu
433 2281 524 2326 sancto
537 2266 588 2335 sihi
600 2288 628 2326 rn
638 2267 773 2328 auxilium
783 2273 849 2329 asei-

108 2360 145 2420 to,
160 2347 266 2427 probris
280 2368 324 2406 eos
335 2367 472 2427 increpare
480 2344 607 2427 deinceps
619 2345 786 2427 aggreditur,
800 2348 851 2408 ait·

107 2448 159 2504 quc
176 2450 182 2483 ι
198 2426 266 2485 Duri
290 2425 409 2502 cervice,
431 2424 594 2485 inflexibiles
609 2439 688 2505 atque
702 2425 849 2488 indomiti:

109 2527 171 2564 nam
186 2527 246 2584 quae
265 2504 373 2564 tandem
386 2524 506 2564 aerumm
521 2504 620 2564 collum
638 2519 757 2566 vestrum
776 2506 850 2568 inlle·
944 2505 948 2514 “

109 2584 151 2643 xit
165 2608 171 2641 :
184 2606 244 2662 quae
258 2583 396 2643 calamitas
416 2597 530 2643 vestram
545 2583 675 2645 cervicem
692 2585 850 2647 inclinavit?

109 2685 196 2722 nonne
218 2664 350 2723 Pharaoni
368 2663 577 2743 quadringentos
592 2685 676 2723 annos
685 2664 714 2723 in
729 2664 851 2746 AEgypto

109 2744 248 2803 servistis?
264 2764 350 2802 nonne
371 2757 431 2802 octo
450 2763 498 2802 ros
516 2763 599 2802 annos
624 2743 787 2821 Chusarsat,
802 2767 851 2805 rex

109 2823 212 2904 Syriae,
225 2822 276 2880 sub
286 2822 415 2881 ditionem
424 2842 501 2881 suam
510 2821 673 2901 subjunxit?
682 2838 850 2884 uonneocto-

108 2901 195 2960 decim
215 2902 292 2961 annis
315 2900 420 2960 subditi
440 2900 623 2960 Moabitarum
642 2922 725 2982 regno
740 2903 850 2962 fuistis?

74 3003 92 3050 r,
109 3003 196 3041 nonne
205 3004 298 3041 rursus
307 2999 391 3040 anuos
400 2980 497 3060 viginti
510 2980 723 3041 Chananaeorum
735 2982 850 3042 seruitu-

107 3061 142 3119 tis
166 3062 259 3140 'ugum
277 3059 399 3119 tulistis?
420 3080 508 3119 nonne
530 3059 629 3118 iterum
649 3075 750 3141 septem
773 3062 850 3122 annis

108 3083 264 3200 bladianitis
278 3139 426 3221 paruistis?
443 3160 633 3198 nonnerursus
643 3139 790 3200 octodecim
800 3163 849 3201 an·

107 3221 149 3279 nis
162 3220 265 3279 subacti
279 3221 315 3279 ab
324 3218 485 3277 Ammonitis
495 3218 601 3278 fuistis?
618 3240 705 3280 nonne
714 3219 851 3281 Philistim

107 3300 183 3358 annis
198 3298 377 3379 quadraginta
398 3297 471 3357 dicto
485 3296 622 3358 audientes
637 3298 744 3359 luistisl’
763 3321 858 3362 noune⁴

107 3381 276 3468 septuaginta
290 3377 501 3459 Babyloniorum
515 3378 624 3438 servitio
637 3379 783 3461 mancipati
797 3381 851 3440 sui-

107 3460 177 3518 strs?
193 3480 279 3518 nonne
293 3458 467 3517 Salmanazar
475 3455 511 3515 ad
520 3455 676 3517 incolendos
688 3473 791 3519 montes
803 3481 851 3521 vos

108 3539 244 3598 transtulit
268 3536 478 3598 Chaldaeorum?
500 3557 586 3615 neque
606 3551 707 3598 vestras
720 3559 850 3618 umquam

108 3634 209 3678 mentes
222 3618 277 3677 ulla
302 3616 439 3676 calamitas
460 3616 632 3678 immutavit?
647 3617 716 3676 Duri
730 3618 849 3695 ceruice,

106 3720 173 3777 quos
187 3696 300 3779 rEgypti
313 3696 447 3777 cophinus
459 3717 511 3755 non
527 3695 662 3772 edomuit,
698 3718 746 3757 uos
759 3698 849 3779 palea-

107 3800 168 3836 rum
180 3799 248 3836 onus
260 3797 311 3835 non
326 3775 453 3853 emolliit,
467 3797 534 3855 quos
547 3719 773 3835 conficiendorum
785 3776 850 3836 late·

107 3879 168 3915 rum
183 3857 298 3915 violenta
310 3856 450 3914 necessitas
469 3875 524 3913 non
544 3855 656 3913 inflexit.
679 3855 753 3915 Tum
765 3877 848 3930 veru,

108 3936 206 3994 auditis
220 3935 333 3995 vocibus
348 3935 418 4004 istis,
433 3934 593 4014 Ejicientes
603 3954 669 3991 eum
679 3947 765 3993 extra
777 3939 848 3994 civi·
859 3947 911 3992 Aci.
925 3965 947 4012 7.
960 3951 999 4012 ⁵7·

109 4028 198 4073 tatem
215 4015 399 4094 lapidabant.
412 4012 467 4072 Ubi
480 4013 508 4072 R
542 4033 584 4070 em
597 4012 799 4091 crucifixerant,
809 4014 848 4073 ibi

72 4109 90 4154 1)
109 4093 245 4174 lapidibus
259 4092 372 4151 militem
391 4091 499 4150 feriunt.
538 4094 707 4172 rejicientes
718 4113 784 4151 eum
798 4115 847 4152 ex-

109 4187 155 4231 tre
169 4177 317 4231 civitatem
329 4172 513 4250 lapidabant.
524 4174 558 4228 At
573 4169 644 4229 enim
655 4185 715 4250 post
725 4171 848 4253 lapidum

107 4250 390 4332 etiamjactusathleta
400 4248 540 4309 victoriam
549 4270 597 4307 exs
616 4249 735 4328 ectabat,
746 4252 849 4332 etejus·

108 4331 182 4390 modi
202 4330 313 4391 vocibus
334 4331 486 4388 Creatorem
504 4349 597 4408 compe
633 4327 702 4387 bat:
722 4332 849 4392 Domine
862 4345 999 4396 thimeus.

107 4414 189 4487 lesu,
202 4414 313 4489 suscipe
322 4412 455 4487 spiritum
469 4428 572 4466 meum.
586 4408 702 4468 Domine
715 4412 790 4488 Je'su,
802 4411 849 4490 qui

107 4490 141 4549 de
156 4490 284 4549 sententia
295 4486 382 4548 Patris
393 4486 542 4566 passionem
551 4485 677 4563 subiisti,
693 4488 739 4565 qui
750 4489 850 4550 Paren-

108 4571 142 4628 tis
161 4569 272 4628 consilio
290 4580 403 4626 mortem
418 4565 582 4640 sustinuisti,
604 4567 710 4647 suscipe
724 4568 850 4649 spiritum

108 4670 205 4707 meum.
218 4650 236 4708 S
272 4669 318 4705 ara
328 4644 453 4725 deinceps
463 4666 478 4704 a
490 4645 747 4725 corporeanimam,
762 4648 850 4709 incor-

107 4749 215 4808 poream
243 4729 251 4784 i
274 4748 318 4783 am
342 4724 405 4783 hinc
429 4726 569 4799 transfer,
596 4725 702 4806 suscipe
724 4727 851 4808 spiritum

107 4829 197 4867 meum
215 4805 363 4885 omnigenis
383 4801 531 4863 virtutibus
549 4801 722 4882 redimitum,
746 4807 851 4888 suscipe

108 4911 120 4945 s
140 4886 233 4945 iritum
249 4905 339 4944 meum
355 4907 361 4940 ι
380 4884 504 4942 Cursum
521 4883 619 4942 etenim
640 4891 850 4961 consummavi,
864 4929 885 4960 2,
906 4913 993 4972 rimu,

103 4911 199 5049 lidem
215 4967 345 5024 servavi:
362 4976 500 5053 propterea
514 4962 632 5035 obsecro,
649 4963 754 5044 suscipe
771 4965 887 5046 spiri-7.

113 5061 169 5105 tum
184 5066 282 5103 meum.
298 5041 436 5115 Quamdiu
449 5042 520 5100 enirn
534 5042 585 5100 hoc
599 5062 660 5100 sum
675 5042 781 5102 mortali
796 5066 854 5104 cor-

133 5145 179 5183 orc
187 5126 395 5202 circumseptus,
406 5120 564 5202 pertimesco
572 5119 715 5197 :quamdiu
725 5135 856 5182 terrenam

80 5149 185 5271 ahane
210 5216 284 5283 gesto
299 5222 421 5276 caruem,
439 5198 597 5271 reformido,
620 5220 653 5257 ne
672 5213 732 5280 post
753 5199 857 5262 labores

119 5285 221 5346 tructus
242 5281 364 5372 amittam
381 5304 387 5338 :
403 5300 494 5344 vercor
512 5277 674 5359 admodum,
695 5299 729 5338 ne
740 5293 802 5363 post
816 5282 860 5342 lu.
