<?xml version="1.0" encoding="UTF-8"?>
<!DOCTYPE html PUBLIC "-//W3C//DTD XHTML 1.0 Transitional//EN"
    "http://www.w3.org/TR/xhtml1/DTD/xhtml1-transitional.dtd">
<html xmlns="http://www.w3.org/1999/xhtml" xml:lang="en" lang="en">
 <head>
  <title>
</title>
<meta http-equiv="Content-Type" content="text/html;charset=utf-8" />
  <meta name='ocr-system' content='tesseract 3.04.00' />
  <meta name='ocr-capabilities' content='ocr_page ocr_carea ocr_par ocr_line ocrx_word'/>
</head>
<body>
  <div class='ocr_page' id='page_1' title='image "./sanctipatrisnos02chrygoog/sanctipatrisnos02chrygoog_0165.png"; bbox 0 0 3750 5940; ppageno 0'>
   <div class='ocr_carea' id='block_1_1' title="bbox 158 1297 222 1334">
    <p class='ocr_par' dir='ltr' id='par_1_1' title="bbox 158 1297 222 1334">
     <span class='ocr_line' id='line_1_1' title="bbox 158 1297 222 1334; baseline 0.047 -3"><span class='ocrx_word' id='word_1_1' title='bbox 158 1297 222 1334; x_wconf 63' lang='lat' dir='ltr'><strong>mn.</strong></span> 
     </span>
    </p>
   </div>
   <div class='ocr_carea' id='block_1_2' title="bbox 234 413 1450 497">
    <p class='ocr_par' dir='ltr' id='par_1_2' title="bbox 234 413 1450 497">
     <span class='ocr_line' id='line_1_2' title="bbox 234 413 1450 497; baseline 0.003 -19"><span class='ocrx_word' id='word_1_2' title='bbox 234 413 300 497; x_wconf 71' lang='lat'><strong>¹4⁰</strong></span> <span class='ocrx_word' id='word_1_3' title='bbox 564 431 594 480; x_wconf 90' lang='lat' dir='ltr'><strong>s.</strong></span> <span class='ocrx_word' id='word_1_4' title='bbox 622 432 764 483; x_wconf 74' lang='lat' dir='ltr'><strong>ioannis</strong></span> <span class='ocrx_word' id='word_1_5' title='bbox 787 431 969 483; x_wconf 76' lang='lat' dir='ltr'><strong>euersosr.</strong></span> <span class='ocrx_word' id='word_1_6' title='bbox 997 428 1153 478; x_wconf 76' lang='lat' dir='ltr'><strong>securae.</strong></span> <span class='ocrx_word' id='word_1_7' title='bbox 1181 427 1450 482; x_wconf 75' lang='lat' dir='ltr'><strong>consrsunuor.</strong></span> 
     </span>
    </p>
   </div>
   <div class='ocr_carea' id='block_1_3' title="bbox 229 552 1811 2767">
    <p class='ocr_par' dir='ltr' id='par_1_3' title="bbox 229 552 1804 1565">
     <span class='ocr_line' id='line_1_3' title="bbox 229 552 1801 641; baseline 0.003 -29"><span class='ocrx_word' id='word_1_8' title='bbox 229 573 315 632; x_wconf 89' lang='lat' dir='ltr'><strong>neque</strong></span> <span class='ocrx_word' id='word_1_9' title='bbox 329 567 361 612; x_wconf 89' lang='lat' dir='ltr'><strong>ut</strong></span> <span class='ocrx_word' id='word_1_10' title='bbox 375 574 506 634; x_wconf 76' lang='lat' dir='ltr'><strong>magnum</strong></span> <span class='ocrx_word' id='word_1_11' title='bbox 524 554 681 637; x_wconf 82' lang='lat' dir='ltr'><strong>quempiam</strong></span> <span class='ocrx_word' id='word_1_12' title='bbox 696 556 789 617; x_wconf 83' lang='lat' dir='ltr'><strong>virum</strong></span> <span class='ocrx_word' id='word_1_13' title='bbox 807 555 971 628; x_wconf 83' lang='lat' dir='ltr'><strong>invitabant,</strong></span> <span class='ocrx_word' id='word_1_14' title='bbox 988 555 1010 607; x_wconf 79' lang='lat' dir='ltr'>C</span> <span class='ocrx_word' id='word_1_15' title='bbox 1024 552 1113 636; x_wconf 83' lang='grc' dir='ltr'>τίραν.</span> <span class='ocrx_word' id='word_1_16' title='bbox 1131 555 1166 616; x_wconf 90' lang='grc' dir='ltr'>Ὁ</span> <span class='ocrx_word' id='word_1_17' title='bbox 1185 557 1238 641; x_wconf 76' lang='grc' dir='ltr'><strong>γάρ</strong></span> <span class='ocrx_word' id='word_1_18' title='bbox 1253 557 1291 637; x_wconf 76' lang='grc' dir='ltr'><strong>μὴ</strong></span> <span class='ocrx_word' id='word_1_19' title='bbox 1312 559 1465 631; x_wconf 74' lang='grc' dir='ltr'>ἀπαξιώσας</span> <span class='ocrx_word' id='word_1_20' title='bbox 1476 558 1567 620; x_wconf 72' lang='grc' dir='ltr'>δοῦλαι</span> <span class='ocrx_word' id='word_1_21' title='bbox 1580 556 1685 641; x_wconf 78' lang='grc' dir='ltr'>μορφὴν</span> <span class='ocrx_word' id='word_1_22' title='bbox 1696 556 1801 633; x_wconf 77' lang='grc' dir='ltr'>λαθεῖν,</span> 
     </span>
     <span class='ocr_line' id='line_1_4' title="bbox 229 646 1802 730; baseline 0.003 -25"><span class='ocrx_word' id='word_1_23' title='bbox 229 646 277 706; x_wconf 91' lang='lat' dir='ltr'><strong>sed</strong></span> <span class='ocrx_word' id='word_1_24' title='bbox 291 660 322 706; x_wconf 93' lang='lat' dir='ltr'><strong>ut</strong></span> <span class='ocrx_word' id='word_1_25' title='bbox 334 647 493 728; x_wconf 83' lang='lat' dir='ltr'>popularem</span> <span class='ocrx_word' id='word_1_26' title='bbox 506 662 533 706; x_wconf 93' lang='lat' dir='ltr'><strong>et</strong></span> <span class='ocrx_word' id='word_1_27' title='bbox 545 648 598 707; x_wconf 88' lang='lat' dir='ltr'><strong>sibi</strong></span> <span class='ocrx_word' id='word_1_28' title='bbox 609 663 714 709; x_wconf 88' lang='lat' dir='ltr'><strong>uotum.</strong></span> <span class='ocrx_word' id='word_1_29' title='bbox 732 649 768 709; x_wconf 85' lang='lat' dir='ltr'><strong>Et</strong></span> <span class='ocrx_word' id='word_1_30' title='bbox 786 650 837 709; x_wconf 87' lang='lat' dir='ltr'><strong>lroc</strong></span> <span class='ocrx_word' id='word_1_31' title='bbox 849 646 973 708; x_wconf 90' lang='lat' dir='ltr'><strong>subindi·</strong></span> <span class='ocrx_word' id='word_1_32' title='bbox 1025 647 1114 726; x_wconf 79' lang='grc' dir='ltr'>πολλῷ</span> <span class='ocrx_word' id='word_1_33' title='bbox 1128 650 1228 724; x_wconf 70' lang='grc' dir='ltr'>μᾶλλον</span> <span class='ocrx_word' id='word_1_34' title='bbox 1239 651 1287 710; x_wconf 83' lang='grc' dir='ltr'><strong>οῦκ</strong></span> <span class='ocrx_word' id='word_1_35' title='bbox 1297 650 1328 711; x_wconf 84' lang='grc' dir='ltr'>ἀν</span> <span class='ocrx_word' id='word_1_36' title='bbox 1342 650 1487 726; x_wconf 69' lang='grc' dir='ltr'>ἀπηξίωσεν</span> <span class='ocrx_word' id='word_1_37' title='bbox 1498 654 1536 718; x_wconf 88' lang='grc' dir='ltr'><strong>είς</strong></span> <span class='ocrx_word' id='word_1_38' title='bbox 1547 650 1633 730; x_wconf 79' lang='grc' dir='ltr'>γάμον</span> <span class='ocrx_word' id='word_1_39' title='bbox 1648 651 1734 711; x_wconf 86' lang='grc' dir='ltr'>ίλθεῑν</span> <span class='ocrx_word' id='word_1_40' title='bbox 1745 648 1802 710; x_wconf 81' lang='grc' dir='ltr'>δοῦ·</span> 
     </span>
     <span class='ocr_line' id='line_1_5' title="bbox 230 738 1802 826; baseline 0.003 -28"><span class='ocrx_word' id='word_1_41' title='bbox 230 739 302 798; x_wconf 82' lang='lat' dir='ltr'><strong>eavit</strong></span> <span class='ocrx_word' id='word_1_42' title='bbox 309 739 472 819; x_wconf 77' lang='lat' dir='ltr'><strong>evangelista</strong></span> <span class='ocrx_word' id='word_1_43' title='bbox 483 740 575 800; x_wconf 87' lang='lat' dir='ltr'><strong>dicens</strong></span> <span class='ocrx_word' id='word_1_44' title='bbox 586 764 593 798; x_wconf 80' lang='lat' dir='ltr'><strong>e</strong></span> <span class='ocrx_word' id='word_1_45' title='bbox 604 744 680 801; x_wconf 83' lang='lat' dir='ltr'><strong>Erat</strong></span> <span class='ocrx_word' id='word_1_46' title='bbox 689 756 788 801; x_wconf 84' lang='lat' dir='ltr'><strong>autem</strong></span> <span class='ocrx_word' id='word_1_47' title='bbox 798 754 893 801; x_wconf 84' lang='lat' dir='ltr'><strong>mater</strong></span> <span class='ocrx_word' id='word_1_48' title='bbox 900 742 973 801; x_wconf 86' lang='lat' dir='ltr'><strong>Jesu</strong></span> <span class='ocrx_word' id='word_1_49' title='bbox 1025 738 1092 795; x_wconf 88' lang='grc' dir='ltr'>λων·</span> <span class='ocrx_word' id='word_1_50' title='bbox 1107 738 1256 810; x_wconf 72' lang='grc' dir='ltr'>θτελοίναις</span> <span class='ocrx_word' id='word_1_51' title='bbox 1266 743 1311 803; x_wconf 84' lang='grc' dir='ltr'><strong>καλ</strong></span> <span class='ocrx_word' id='word_1_52' title='bbox 1322 743 1492 826; x_wconf 75' lang='grc' dir='ltr'>ἁμαρτωλοῖς</span> <span class='ocrx_word' id='word_1_53' title='bbox 1501 741 1701 816; x_wconf 82' lang='grc' dir='ltr'>συναναπεαὼν,</span> <span class='ocrx_word' id='word_1_54' title='bbox 1709 744 1802 824; x_wconf 77' lang='grc' dir='ltr'>πολλῷ</span> 
     </span>
     <span class='ocr_line' id='line_1_6' title="bbox 229 831 1801 918; baseline 0.005 -30"><span class='ocrx_word' id='word_1_55' title='bbox 229 834 281 904; x_wconf 85' lang='lat' dir='ltr'><strong>ibi,</strong></span> <span class='ocrx_word' id='word_1_56' title='bbox 294 845 323 890; x_wconf 88' lang='lat' dir='ltr'><strong>et</strong></span> <span class='ocrx_word' id='word_1_57' title='bbox 324 834 443 914; x_wconf 83' lang='lat' dir='ltr'><strong>fratres</strong></span> <span class='ocrx_word' id='word_1_58' title='bbox 455 836 527 914; x_wconf 70' lang='lat' dir='ltr'><strong>ejas.</strong></span> <span class='ocrx_word' id='word_1_59' title='bbox 543 833 781 906; x_wconf 81' lang='lat' dir='ltr'><strong>Quemadmodum</strong></span> <span class='ocrx_word' id='word_1_60' title='bbox 796 834 871 894; x_wconf 89' lang='lat' dir='ltr'><strong>illam</strong></span> <span class='ocrx_word' id='word_1_61' title='bbox 881 846 907 892; x_wconf 92' lang='lat' dir='ltr'><strong>et</strong></span> <span class='ocrx_word' id='word_1_62' title='bbox 918 832 974 891; x_wconf 77' lang='lat' dir='ltr'><strong>sra-</strong></span> <span class='ocrx_word' id='word_1_63' title='bbox 1026 831 1126 906; x_wconf 72' lang='grc' dir='ltr'>μθλλον</span> <span class='ocrx_word' id='word_1_64' title='bbox 1137 835 1184 892; x_wconf 84' lang='grc' dir='ltr'><strong>οὐκ</strong></span> <span class='ocrx_word' id='word_1_65' title='bbox 1200 832 1231 893; x_wconf 86' lang='grc' dir='ltr'>ἀν</span> <span class='ocrx_word' id='word_1_66' title='bbox 1246 835 1421 917; x_wconf 72' lang='grc' dir='ltr'>παρῃτήσατο</span> <span class='ocrx_word' id='word_1_67' title='bbox 1435 846 1490 906; x_wconf 87' lang='grc' dir='ltr'>τοῖς</span> <span class='ocrx_word' id='word_1_68' title='bbox 1503 840 1531 897; x_wconf 77' lang='grc' dir='ltr'>ἀν</span> <span class='ocrx_word' id='word_1_69' title='bbox 1546 839 1585 918; x_wconf 78' lang='grc' dir='ltr'><strong>τῷ</strong></span> <span class='ocrx_word' id='word_1_70' title='bbox 1594 836 1676 917; x_wconf 78' lang='grc' dir='ltr'>γάμιρ</span> <span class='ocrx_word' id='word_1_71' title='bbox 1685 841 1801 918; x_wconf 82' lang='grc' dir='ltr'>παροῦαι</span> 
     </span>
     <span class='ocr_line' id='line_1_7' title="bbox 229 925 1801 1009; baseline 0.003 -27"><span class='ocrx_word' id='word_1_72' title='bbox 229 925 406 1005; x_wconf 87' lang='lat' dir='ltr'><strong>tresejus,ita</strong></span> <span class='ocrx_word' id='word_1_73' title='bbox 416 938 443 984; x_wconf 93' lang='lat' dir='ltr'><strong>et</strong></span> <span class='ocrx_word' id='word_1_74' title='bbox 453 927 760 988; x_wconf 69' lang='lat' dir='ltr'><strong>Jesumvocaveranta.</strong></span> <span class='ocrx_word' id='word_1_75' title='bbox 773 927 974 1008; x_wconf 80' lang='lat' dir='ltr'><strong>Etdeficr&#39;ente</strong></span> <span class='ocrx_word' id='word_1_76' title='bbox 1025 925 1287 1002; x_wconf 73' lang='grc' dir='ltr'>ωγκατακλίνεσθαι.</span> <span class='ocrx_word' id='word_1_77' title='bbox 1305 931 1347 989; x_wconf 86' lang='grc' dir='ltr'><strong>Οῦ</strong></span> <span class='ocrx_word' id='word_1_78' title='bbox 1362 929 1414 1008; x_wconf 80' lang='grc' dir='ltr'>μὴν</span> <span class='ocrx_word' id='word_1_79' title='bbox 1434 935 1459 990; x_wconf 86' lang='grc' dir='ltr'><strong>οἱ</strong></span> <span class='ocrx_word' id='word_1_80' title='bbox 1479 930 1638 997; x_wconf 71' lang='grc' dir='ltr'>καλέσαντες</span> <span class='ocrx_word' id='word_1_81' title='bbox 1651 926 1703 1002; x_wconf 68' lang='grc' dir='ltr'>τὴν</span> <span class='ocrx_word' id='word_1_82' title='bbox 1717 948 1801 1009; x_wconf 86' lang='grc' dir='ltr'>προσ-</span> 
     </span>
     <span class='ocr_line' id='line_1_8' title="bbox 230 1013 1800 1104; baseline 0.003 -30"><span class='ocrx_word' id='word_1_83' title='bbox 230 1021 315 1090; x_wconf 82' lang='lat' dir='ltr'><strong>oino,</strong></span> <span class='ocrx_word' id='word_1_84' title='bbox 330 1020 403 1077; x_wconf 82' lang='lat' dir='ltr'><strong>dicit</strong></span> <span class='ocrx_word' id='word_1_85' title='bbox 411 1021 574 1098; x_wconf 81' lang='lat' dir='ltr'><strong>materejus</strong></span> <span class='ocrx_word' id='word_1_86' title='bbox 584 1021 700 1079; x_wconf 84' lang='lat' dir='ltr'><strong>adeum</strong></span> <span class='ocrx_word' id='word_1_87' title='bbox 712 1043 721 1075; x_wconf 85' lang='lat'><strong>.-</strong></span> <span class='ocrx_word' id='word_1_88' title='bbox 732 1022 838 1078; x_wconf 80' lang='lat' dir='ltr'><strong>Vrnum</strong></span> <span class='ocrx_word' id='word_1_89' title='bbox 851 1038 910 1076; x_wconf 86' lang='lat' dir='ltr'><strong>non</strong></span> <span class='ocrx_word' id='word_1_90' title='bbox 919 1020 973 1076; x_wconf 81' lang='lat' dir='ltr'><strong>lra-</strong></span> <span class='ocrx_word' id='word_1_91' title='bbox 1025 1013 1140 1086; x_wconf 80' lang='grc' dir='ltr'>ήκουσαν</span> <span class='ocrx_word' id='word_1_92' title='bbox 1152 1017 1214 1099; x_wconf 82' lang='grc' dir='ltr'>περί</span> <span class='ocrx_word' id='word_1_93' title='bbox 1226 1023 1304 1080; x_wconf 85' lang='grc' dir='ltr'>αὐτοῦ</span> <span class='ocrx_word' id='word_1_94' title='bbox 1319 1020 1404 1103; x_wconf 91' lang='grc' dir='ltr'>κρίσιν</span> <span class='ocrx_word' id='word_1_95' title='bbox 1419 1013 1500 1104; x_wconf 79' lang='grc' dir='ltr'>εἶχον,</span> <span class='ocrx_word' id='word_1_96' title='bbox 1514 1022 1568 1082; x_wconf 72' lang='grc' dir='ltr'>οὐδ’</span> <span class='ocrx_word' id='word_1_97' title='bbox 1586 1024 1624 1089; x_wconf 75' lang='grc' dir='ltr'><strong>ὡς</strong></span> <span class='ocrx_word' id='word_1_98' title='bbox 1643 1020 1729 1101; x_wconf 83' lang='grc' dir='ltr'>μίγαν</span> <span class='ocrx_word' id='word_1_99' title='bbox 1740 1016 1800 1079; x_wconf 62' lang='lat' dir='ltr'><strong>vot</strong></span> 
     </span>
     <span class='ocr_line' id='line_1_9' title="bbox 231 1106 1801 1192; baseline 0.002 -24"><span class='ocrx_word' id='word_1_100' title='bbox 231 1112 310 1168; x_wconf 77' lang='lat' dir='ltr'><strong>beret.</strong></span> <span class='ocrx_word' id='word_1_101' title='bbox 326 1109 380 1168; x_wconf 88' lang='lat' dir='ltr'><strong>llic</strong></span> <span class='ocrx_word' id='word_1_102' title='bbox 384 1110 447 1189; x_wconf 88' lang='lat' dir='ltr'><strong>jure</strong></span> <span class='ocrx_word' id='word_1_103' title='bbox 456 1123 608 1188; x_wconf 80' lang='lat' dir='ltr'><strong>quaeratur:</strong></span> <span class='ocrx_word' id='word_1_104' title='bbox 621 1109 702 1171; x_wconf 90' lang='lat' dir='ltr'><strong>Unde</strong></span> <span class='ocrx_word' id='word_1_105' title='bbox 722 1110 803 1170; x_wconf 88' lang='lat' dir='ltr'><strong>matri</strong></span> <span class='ocrx_word' id='word_1_106' title='bbox 815 1110 843 1170; x_wconf 93' lang='lat' dir='ltr'><strong>iu</strong></span> <span class='ocrx_word' id='word_1_107' title='bbox 856 1122 973 1169; x_wconf 84' lang='lat' dir='ltr'><strong>mentem</strong></span> <span class='ocrx_word' id='word_1_108' title='bbox 1027 1106 1145 1181; x_wconf 76' lang='grc' dir='ltr'>ίκᾶλων,</span> <span class='ocrx_word' id='word_1_109' title='bbox 1160 1111 1219 1168; x_wconf 87' lang='grc' dir='ltr'>ἀλλ’</span> <span class='ocrx_word' id='word_1_110' title='bbox 1233 1112 1323 1180; x_wconf 76' lang='grc' dir='ltr'>ἁπλῶς</span> <span class='ocrx_word' id='word_1_111' title='bbox 1333 1116 1369 1179; x_wconf 84' lang='grc' dir='ltr'><strong>ὡς</strong></span> <span class='ocrx_word' id='word_1_112' title='bbox 1382 1117 1435 1172; x_wconf 85' lang='grc' dir='ltr'>τῶν</span> <span class='ocrx_word' id='word_1_113' title='bbox 1446 1117 1551 1175; x_wconf 82' lang='grc' dir='ltr'>πολλῶν</span> <span class='ocrx_word' id='word_1_114' title='bbox 1564 1111 1611 1173; x_wconf 77' lang='grc' dir='ltr'><strong>ἀνα</strong></span> <span class='ocrx_word' id='word_1_115' title='bbox 1627 1112 1674 1172; x_wconf 77' lang='grc' dir='ltr'><strong>καί</strong></span> <span class='ocrx_word' id='word_1_116' title='bbox 1687 1108 1801 1192; x_wconf 70' lang='grc' dir='ltr'>ὥςγνιῦ·</span> 
     </span>
     <span class='ocr_line' id='line_1_10' title="bbox 230 1191 1802 1286; baseline 0.002 -26"><span class='ocrx_word' id='word_1_117' title='bbox 230 1200 388 1279; x_wconf 87' lang='lat' dir='ltr'><strong>subiitquid</strong></span> <span class='ocrx_word' id='word_1_118' title='bbox 395 1221 523 1280; x_wconf 82' lang='lat' dir='ltr'><strong>maguum</strong></span> <span class='ocrx_word' id='word_1_119' title='bbox 532 1200 568 1260; x_wconf 87' lang='lat' dir='ltr'><strong>de</strong></span> <span class='ocrx_word' id='word_1_120' title='bbox 576 1201 635 1262; x_wconf 86' lang='lat' dir='ltr'><strong>lilio</strong></span> <span class='ocrx_word' id='word_1_121' title='bbox 645 1202 752 1282; x_wconf 87' lang='lat' dir='ltr'><strong>opinari</strong></span> <span class='ocrx_word' id='word_1_122' title='bbox 764 1227 772 1261; x_wconf 78' lang='grc' dir='ltr'>ε</span> <span class='ocrx_word' id='word_1_123' title='bbox 786 1202 893 1261; x_wconf 89' lang='lat' dir='ltr'><strong>nullum</strong></span> <span class='ocrx_word' id='word_1_124' title='bbox 903 1200 975 1261; x_wconf 86' lang='lat' dir='ltr'><strong>onim</strong></span> <span class='ocrx_word' id='word_1_125' title='bbox 1029 1218 1114 1277; x_wconf 84' lang='grc' dir='ltr'>ριμον.</span> <span class='ocrx_word' id='word_1_126' title='bbox 1130 1199 1184 1260; x_wconf 82' lang='grc' dir='ltr'><strong>Καί</strong></span> <span class='ocrx_word' id='word_1_127' title='bbox 1199 1202 1392 1283; x_wconf 75' lang='grc' dir='ltr'>τοῦτοῄνίξατο</span> <span class='ocrx_word' id='word_1_128' title='bbox 1406 1208 1421 1263; x_wconf 87' lang='grc' dir='ltr'>θ</span> <span class='ocrx_word' id='word_1_129' title='bbox 1434 1205 1621 1286; x_wconf 59' lang='lat' dir='ltr'><strong>stupidis-el&lt;</strong></span> <span class='ocrx_word' id='word_1_130' title='bbox 1636 1201 1735 1264; x_wconf 80' lang='grc' dir='ltr'>εἶναθν·</span> <span class='ocrx_word' id='word_1_131' title='bbox 1747 1191 1802 1263; x_wconf 76' lang='grc' dir='ltr'>Ἢν</span> 
     </span>
     <span class='ocr_line' id='line_1_11' title="bbox 231 1286 1801 1379; baseline 0.003 -28"><span class='ocrx_word' id='word_1_132' title='bbox 231 1291 443 1373; x_wconf 82' lang='lat' dir='ltr'><strong>adhucsignum</strong></span> <span class='ocrx_word' id='word_1_133' title='bbox 468 1293 568 1352; x_wconf 77' lang='lat' dir='ltr'><strong>fecerat</strong></span> <span class='ocrx_word' id='word_1_134' title='bbox 583 1317 590 1349; x_wconf 77' lang='grc' dir='ltr'><strong><em>ε</em></strong></span> <span class='ocrx_word' id='word_1_135' title='bbox 607 1315 670 1353; x_wconf 89' lang='lat' dir='ltr'><strong>nam</strong></span> <span class='ocrx_word' id='word_1_136' title='bbox 692 1296 855 1376; x_wconf 83' lang='lat' dir='ltr'><strong>Hocsecit,</strong></span> <span class='ocrx_word' id='word_1_137' title='bbox 876 1292 974 1372; x_wconf 85' lang='lat' dir='ltr'><strong>inquit,</strong></span> <span class='ocrx_word' id='word_1_138' title='bbox 1028 1286 1193 1373; x_wconf 75' lang='grc' dir='ltr'>δδὴμήτηρ</span> <span class='ocrx_word' id='word_1_139' title='bbox 1209 1300 1256 1355; x_wconf 91' lang='grc' dir='ltr'><strong>τοῦ</strong></span> <span class='ocrx_word' id='word_1_140' title='bbox 1271 1295 1359 1368; x_wconf 81' lang='grc' dir='ltr'>Ἰησοῦ</span> <span class='ocrx_word' id='word_1_141' title='bbox 1381 1300 1451 1373; x_wconf 75' lang='grc' dir='ltr'>ἐκεῖ,</span> <span class='ocrx_word' id='word_1_142' title='bbox 1474 1296 1564 1358; x_wconf 82' lang='grc' dir='ltr'>καλοί</span> <span class='ocrx_word' id='word_1_143' title='bbox 1586 1295 1695 1379; x_wconf 81' lang='grc' dir='ltr'>ἀδελροδ</span> <span class='ocrx_word' id='word_1_144' title='bbox 1714 1297 1801 1356; x_wconf 67' lang='grc' dir='ltr'>ὠνοῦ.</span> 
     </span>
     <span class='ocr_line' id='line_1_12' title="bbox 231 1375 1802 1472; baseline 0.003 -28"><span class='ocrx_word' id='word_1_145' title='bbox 231 1388 348 1445; x_wconf 71' lang='lat' dir='ltr'><strong>initium</strong></span> <span class='ocrx_word' id='word_1_146' title='bbox 361 1390 510 1465; x_wconf 82' lang='lat' dir='ltr'><strong>signorum</strong></span> <span class='ocrx_word' id='word_1_147' title='bbox 522 1388 610 1446; x_wconf 78' lang='lat' dir='ltr'><strong>lesus</strong></span> <span class='ocrx_word' id='word_1_148' title='bbox 623 1391 655 1445; x_wconf 85' lang='grc' dir='ltr'><strong>ιἰι</strong></span> <span class='ocrx_word' id='word_1_149' title='bbox 667 1387 753 1447; x_wconf 84' lang='lat' dir='ltr'><strong>Cana</strong></span> <span class='ocrx_word' id='word_1_150' title='bbox 768 1388 912 1448; x_wconf 72' lang='lat' dir='ltr'><strong>Galilaeae.</strong></span> <span class='ocrx_word' id='word_1_151' title='bbox 1025 1378 1132 1464; x_wconf 80' lang='grc' dir='ltr'>Ὥσπερ</span> <span class='ocrx_word' id='word_1_152' title='bbox 1144 1375 1188 1444; x_wconf 63' lang='grc' dir='ltr'><strong>νῦν</strong></span> <span class='ocrx_word' id='word_1_153' title='bbox 1202 1386 1305 1461; x_wconf 77' lang='grc' dir='ltr'>ἐκείνην</span> <span class='ocrx_word' id='word_1_154' title='bbox 1313 1388 1359 1448; x_wconf 85' lang='grc' dir='ltr'><strong>καὶ</strong></span> <span class='ocrx_word' id='word_1_155' title='bbox 1371 1388 1432 1459; x_wconf 79' lang='grc' dir='ltr'>τοὺς</span> <span class='ocrx_word' id='word_1_156' title='bbox 1445 1388 1571 1472; x_wconf 79' lang='grc' dir='ltr'>ἀδιλροδς</span> <span class='ocrx_word' id='word_1_157' title='bbox 1584 1390 1726 1463; x_wconf 68' lang='lat' dir='ltr'><strong>noum,</strong></span> <span class='ocrx_word' id='word_1_158' title='bbox 1738 1386 1802 1449; x_wconf 65' lang='lat' dir='ltr'><strong>tat-</strong></span> 
     </span>
     <span class='ocr_line' id='line_1_13' title="bbox 1025 1475 1804 1565; baseline 0.013 -32"><span class='ocrx_word' id='word_1_159' title='bbox 1025 1475 1104 1534; x_wconf 83' lang='grc' dir='ltr'>λεσαν</span> <span class='ocrx_word' id='word_1_160' title='bbox 1119 1477 1166 1536; x_wconf 81' lang='grc' dir='ltr'><strong>καλ</strong></span> <span class='ocrx_word' id='word_1_161' title='bbox 1177 1478 1222 1538; x_wconf 91' lang='grc' dir='ltr'>τδν</span> <span class='ocrx_word' id='word_1_162' title='bbox 1231 1478 1342 1552; x_wconf 81' lang='grc' dir='ltr'>Ἰησοῦν.</span> <span class='ocrx_word' id='word_1_163' title='bbox 1358 1482 1413 1541; x_wconf 79' lang='grc' dir='ltr'><strong>Καί</strong></span> <span class='ocrx_word' id='word_1_164' title='bbox 1425 1482 1617 1565; x_wconf 77' lang='grc' dir='ltr'>ὑστερήσαντος</span> <span class='ocrx_word' id='word_1_165' title='bbox 1629 1480 1717 1555; x_wconf 76' lang='grc' dir='ltr'>τίνω,</span> <span class='ocrx_word' id='word_1_166' title='bbox 1730 1479 1804 1560; x_wconf 67' lang='grc' dir='ltr'>λίγα</span> 
     </span>
    </p>

    <p class='ocr_par' dir='ltr' id='par_1_4' title="bbox 992 1566 1803 1655">
     <span class='ocr_line' id='line_1_14' title="bbox 992 1566 1803 1655; baseline 0.004 -24"><span class='ocrx_word' id='word_1_167' title='bbox 992 1572 1012 1618; x_wconf 79' lang='grc' dir='ltr'>ὓ</span> <span class='ocrx_word' id='word_1_168' title='bbox 1027 1569 1044 1638; x_wconf 79' lang='grc' dir='ltr'>ἡ</span> <span class='ocrx_word' id='word_1_169' title='bbox 1061 1566 1151 1651; x_wconf 79' lang='grc' dir='ltr'>μήτηρ</span> <span class='ocrx_word' id='word_1_170' title='bbox 1163 1573 1254 1631; x_wconf 80' lang='grc' dir='ltr'>αὐτοῦ·</span> <span class='ocrx_word' id='word_1_171' title='bbox 1270 1571 1338 1634; x_wconf 84' lang='grc' dir='ltr'>οίνον</span> <span class='ocrx_word' id='word_1_172' title='bbox 1351 1575 1399 1634; x_wconf 82' lang='grc' dir='ltr'><strong>οῦκ</strong></span> <span class='ocrx_word' id='word_1_173' title='bbox 1410 1573 1522 1655; x_wconf 73' lang='grc' dir='ltr'>ἔχουσιν.</span> <span class='ocrx_word' id='word_1_174' title='bbox 1533 1573 1619 1644; x_wconf 76' lang='grc' dir='ltr'>Ἄξιον</span> <span class='ocrx_word' id='word_1_175' title='bbox 1632 1576 1745 1634; x_wconf 56' lang='lat' dir='ltr'><strong>inette</strong></span> <span class='ocrx_word' id='word_1_176' title='bbox 1757 1572 1803 1642; x_wconf 78' lang='grc' dir='ltr'><strong>ζη·</strong></span> 
     </span>
    </p>

    <p class='ocr_par' dir='ltr' id='par_1_5' title="bbox 1026 1660 1807 1749">
     <span class='ocr_line' id='line_1_15' title="bbox 1026 1660 1807 1749; baseline 0.013 -32"><span class='ocrx_word' id='word_1_177' title='bbox 1026 1661 1121 1734; x_wconf 74' lang='grc' dir='ltr'>τῆσαι,</span> <span class='ocrx_word' id='word_1_178' title='bbox 1137 1660 1216 1722; x_wconf 83' lang='grc' dir='ltr'>πόθεν</span> <span class='ocrx_word' id='word_1_179' title='bbox 1230 1666 1328 1738; x_wconf 75' lang='grc' dir='ltr'>ἐπῆλθε</span> <span class='ocrx_word' id='word_1_180' title='bbox 1345 1670 1379 1741; x_wconf 70' lang='grc' dir='ltr'><strong>τῦ]</strong></span> <span class='ocrx_word' id='word_1_181' title='bbox 1394 1666 1475 1749; x_wconf 80' lang='grc' dir='ltr'>μητρί</span> <span class='ocrx_word' id='word_1_182' title='bbox 1494 1665 1564 1747; x_wconf 75' lang='grc' dir='ltr'>μέγα</span> <span class='ocrx_word' id='word_1_183' title='bbox 1577 1689 1605 1726; x_wconf 87' lang='grc' dir='ltr'><strong>τι</strong></span> <span class='ocrx_word' id='word_1_184' title='bbox 1620 1666 1807 1747; x_wconf 39' lang='grc' dir='ltr'>φαντασθῆναι,</span> 
     </span>
    </p>

    <p class='ocr_par' dir='ltr' id='par_1_6' title="bbox 1028 1749 1803 1839">
     <span class='ocr_line' id='line_1_16' title="bbox 1028 1749 1803 1839; baseline 0.001 -27"><span class='ocrx_word' id='word_1_185' title='bbox 1028 1749 1089 1833; x_wconf 73' lang='grc' dir='ltr'>περὶ</span> <span class='ocrx_word' id='word_1_186' title='bbox 1102 1759 1148 1813; x_wconf 83' lang='grc' dir='ltr'><strong>τοῦ</strong></span> <span class='ocrx_word' id='word_1_187' title='bbox 1158 1754 1260 1822; x_wconf 84' lang='grc' dir='ltr'>παιδός.</span> <span class='ocrx_word' id='word_1_188' title='bbox 1270 1755 1340 1817; x_wconf 82' lang='grc' dir='ltr'>Οὐδλ</span> <span class='ocrx_word' id='word_1_189' title='bbox 1359 1756 1410 1839; x_wconf 71' lang='grc' dir='ltr'><strong>γὰρ</strong></span> <span class='ocrx_word' id='word_1_190' title='bbox 1428 1766 1536 1837; x_wconf 86' lang='grc' dir='ltr'>σημεῖον</span> <span class='ocrx_word' id='word_1_191' title='bbox 1547 1749 1579 1831; x_wconf 64' lang='grc' dir='ltr'>ἦν</span> <span class='ocrx_word' id='word_1_192' title='bbox 1593 1782 1621 1818; x_wconf 89' lang='grc' dir='ltr'><strong>τι</strong></span> <span class='ocrx_word' id='word_1_193' title='bbox 1640 1755 1803 1832; x_wconf 71' lang='grc' dir='ltr'>πεποιηκώς.</span> 
     </span>
    </p>

    <p class='ocr_par' dir='ltr' id='par_1_7' title="bbox 1028 1842 1805 1930">
     <span class='ocr_line' id='line_1_17' title="bbox 1028 1842 1805 1930; baseline 0.012 -27"><span class='ocrx_word' id='word_1_194' title='bbox 1028 1842 1135 1917; x_wconf 80' lang='grc' dir='ltr'>Ταύτην</span> <span class='ocrx_word' id='word_1_195' title='bbox 1155 1846 1220 1929; x_wconf 71' lang='grc' dir='ltr'>γὰρ,</span> <span class='ocrx_word' id='word_1_196' title='bbox 1240 1850 1329 1930; x_wconf 74' lang='grc' dir='ltr'>φησὶν,</span> <span class='ocrx_word' id='word_1_197' title='bbox 1353 1849 1440 1930; x_wconf 79' lang='grc' dir='ltr'>ἀρχὴν</span> <span class='ocrx_word' id='word_1_198' title='bbox 1461 1848 1568 1924; x_wconf 82' lang='grc' dir='ltr'>ἐποίησε</span> <span class='ocrx_word' id='word_1_199' title='bbox 1582 1855 1637 1910; x_wconf 80' lang='grc' dir='ltr'>τῶν</span> <span class='ocrx_word' id='word_1_200' title='bbox 1655 1849 1805 1929; x_wconf 78' lang='grc' dir='ltr'>οημιίιννῦ</span> 
     </span>
    </p>

    <p class='ocr_par' dir='ltr' id='par_1_8' title="bbox 328 1934 1487 2023">
     <span class='ocr_line' id='line_1_18' title="bbox 328 1934 1487 2023; baseline 0.018 -40"><span class='ocrx_word' id='word_1_201' title='bbox 328 1979 329 1983; x_wconf 74' lang='grc'>,</span> <span class='ocrx_word' id='word_1_202' title='bbox 586 1963 588 1969; x_wconf 92' lang='grc'><strong><em>·</em></strong></span> <span class='ocrx_word' id='word_1_203' title='bbox 1028 1934 1130 2008; x_wconf 85' lang='grc' dir='ltr'>Ἰησοῦς</span> <span class='ocrx_word' id='word_1_204' title='bbox 1140 1940 1167 1998; x_wconf 83' lang='grc' dir='ltr'>ἐν</span> <span class='ocrx_word' id='word_1_205' title='bbox 1181 1942 1259 2023; x_wconf 69' lang='grc' dir='ltr'>Κανᾷ</span> <span class='ocrx_word' id='word_1_206' title='bbox 1270 1946 1318 2014; x_wconf 77' lang='grc' dir='ltr'><strong>τῆς</strong></span> <span class='ocrx_word' id='word_1_207' title='bbox 1334 1942 1487 2010; x_wconf 73' lang='grc' dir='ltr'>Γαλιλαίας.</span> 
     </span>
    </p>

    <p class='ocr_par' dir='ltr' id='par_1_9' title="bbox 230 2026 1811 2767">
     <span class='ocr_line' id='line_1_19' title="bbox 273 2026 1804 2118; baseline 0.001 -21"><span class='ocrx_word' id='word_1_208' title='bbox 273 2042 303 2097; x_wconf 73' lang='lat'><strong>2.</strong></span> <span class='ocrx_word' id='word_1_209' title='bbox 319 2037 403 2111; x_wconf 86' lang='lat' dir='ltr'><strong>Quod</strong></span> <span class='ocrx_word' id='word_1_210' title='bbox 415 2037 438 2097; x_wconf 91' lang='lat' dir='ltr'><strong>si</strong></span> <span class='ocrx_word' id='word_1_211' title='bbox 452 2038 513 2117; x_wconf 92' lang='lat' dir='ltr'><strong>quis</strong></span> <span class='ocrx_word' id='word_1_212' title='bbox 526 2038 638 2113; x_wconf 81' lang='lat' dir='ltr'><strong>dixerit,</strong></span> <span class='ocrx_word' id='word_1_213' title='bbox 652 2057 705 2098; x_wconf 89' lang='lat' dir='ltr'><strong>uon</strong></span> <span class='ocrx_word' id='word_1_214' title='bbox 719 2037 848 2097; x_wconf 88' lang='lat' dir='ltr'><strong>idoneum</strong></span> <span class='ocrx_word' id='word_1_215' title='bbox 860 2036 978 2096; x_wconf 81' lang='lat' dir='ltr'><strong>bocesse</strong></span> <span class='ocrx_word' id='word_1_216' title='bbox 1069 2030 1105 2088; x_wconf 79' lang='lat' dir='ltr'><strong>El</strong></span> <span class='ocrx_word' id='word_1_217' title='bbox 1118 2029 1146 2089; x_wconf 74' lang='grc' dir='ltr'><strong>δὲ</strong></span> <span class='ocrx_word' id='word_1_218' title='bbox 1166 2031 1238 2113; x_wconf 79' lang='grc' dir='ltr'>λίγοι</span> <span class='ocrx_word' id='word_1_219' title='bbox 1248 2058 1303 2109; x_wconf 80' lang='grc' dir='ltr'>τις,</span> <span class='ocrx_word' id='word_1_220' title='bbox 1325 2035 1362 2115; x_wconf 78' lang='grc' dir='ltr'><strong>μὴ</strong></span> <span class='ocrx_word' id='word_1_221' title='bbox 1376 2026 1444 2094; x_wconf 79' lang='grc' dir='ltr'>εἶναι</span> <span class='ocrx_word' id='word_1_222' title='bbox 1465 2042 1541 2096; x_wconf 86' lang='grc' dir='ltr'>τοῦτο</span> <span class='ocrx_word' id='word_1_223' title='bbox 1554 2034 1701 2118; x_wconf 75' lang='grc' dir='ltr'>τεκμήριον</span> <span class='ocrx_word' id='word_1_224' title='bbox 1714 2034 1804 2098; x_wconf 66' lang='lat' dir='ltr'><strong>unte</strong></span> 
     </span>
     <span class='ocr_line' id='line_1_20' title="bbox 232 2118 1805 2211; baseline -0.001 -21"><span class='ocrx_word' id='word_1_225' title='bbox 232 2146 433 2211; x_wconf 78' lang='lat' dir='ltr'><strong>ergarmentum,</strong></span> <span class='ocrx_word' id='word_1_226' title='bbox 456 2131 531 2209; x_wconf 91' lang='lat' dir='ltr'><strong>quod</strong></span> <span class='ocrx_word' id='word_1_227' title='bbox 553 2131 624 2191; x_wconf 90' lang='lat' dir='ltr'><strong>illud</strong></span> <span class='ocrx_word' id='word_1_228' title='bbox 646 2131 681 2190; x_wconf 91' lang='lat' dir='ltr'><strong>sit</strong></span> <span class='ocrx_word' id='word_1_229' title='bbox 697 2130 808 2190; x_wconf 89' lang='lat' dir='ltr'><strong>initium</strong></span> <span class='ocrx_word' id='word_1_230' title='bbox 824 2130 976 2209; x_wconf 78' lang='lat' dir='ltr'><strong>signorum,</strong></span> <span class='ocrx_word' id='word_1_231' title='bbox 1030 2129 1075 2182; x_wconf 81' lang='grc' dir='ltr'><strong>τοῦ</strong></span> <span class='ocrx_word' id='word_1_232' title='bbox 1087 2122 1185 2196; x_wconf 76' lang='grc' dir='ltr'>ταύτην</span> <span class='ocrx_word' id='word_1_233' title='bbox 1204 2125 1290 2208; x_wconf 76' lang='grc' dir='ltr'>ἀρχὴν</span> <span class='ocrx_word' id='word_1_234' title='bbox 1303 2118 1370 2187; x_wconf 79' lang='grc' dir='ltr'>εἶναι</span> <span class='ocrx_word' id='word_1_235' title='bbox 1389 2131 1441 2186; x_wconf 85' lang='grc' dir='ltr'>τῶν</span> <span class='ocrx_word' id='word_1_236' title='bbox 1454 2126 1582 2207; x_wconf 80' lang='grc' dir='ltr'>σημείων,</span> <span class='ocrx_word' id='word_1_237' title='bbox 1603 2127 1647 2186; x_wconf 72' lang='grc' dir='ltr'><strong>διὰ</strong></span> <span class='ocrx_word' id='word_1_238' title='bbox 1668 2128 1805 2197; x_wconf 53' lang='lat' dir='ltr'><strong>mantne</strong></span> 
     </span>
     <span class='ocr_line' id='line_1_21' title="bbox 232 2218 1804 2303; baseline 0 -23"><span class='ocrx_word' id='word_1_239' title='bbox 232 2240 264 2280; x_wconf 84' lang='lat' dir='ltr'><strong>eo</strong></span> <span class='ocrx_word' id='word_1_240' title='bbox 278 2221 352 2300; x_wconf 92' lang='lat' dir='ltr'><strong>quod</strong></span> <span class='ocrx_word' id='word_1_241' title='bbox 368 2222 493 2282; x_wconf 90' lang='lat' dir='ltr'><strong>additum</strong></span> <span class='ocrx_word' id='word_1_242' title='bbox 506 2222 554 2298; x_wconf 90' lang='lat' dir='ltr'><strong>sit,</strong></span> <span class='ocrx_word' id='word_1_243' title='bbox 571 2227 610 2281; x_wconf 85' lang='lat' dir='ltr'><strong>In</strong></span> <span class='ocrx_word' id='word_1_244' title='bbox 632 2224 718 2282; x_wconf 80' lang='lat' dir='ltr'><strong>Cana</strong></span> <span class='ocrx_word' id='word_1_245' title='bbox 733 2223 885 2290; x_wconf 67' lang='lat' dir='ltr'><strong>Galum,-</strong></span> <span class='ocrx_word' id='word_1_246' title='bbox 900 2219 978 2299; x_wconf 83' lang='lat' dir='ltr'><strong>quasi</strong></span> <span class='ocrx_word' id='word_1_247' title='bbox 1029 2223 1214 2298; x_wconf 85' lang='grc' dir='ltr'>προσκεῖσθαι,</span> <span class='ocrx_word' id='word_1_248' title='bbox 1229 2221 1275 2279; x_wconf 89' lang='grc' dir='ltr'><strong>Ἐν</strong></span> <span class='ocrx_word' id='word_1_249' title='bbox 1292 2222 1369 2302; x_wconf 68' lang='lat' dir='ltr'><strong>aava</strong></span> <span class='ocrx_word' id='word_1_250' title='bbox 1381 2224 1429 2292; x_wconf 80' lang='grc' dir='ltr'><strong>τῆς</strong></span> <span class='ocrx_word' id='word_1_251' title='bbox 1443 2218 1603 2293; x_wconf 85' lang='grc' dir='ltr'>Γαλιλαίας,</span> <span class='ocrx_word' id='word_1_252' title='bbox 1618 2223 1654 2288; x_wconf 83' lang='grc' dir='ltr'><strong>ὡς</strong></span> <span class='ocrx_word' id='word_1_253' title='bbox 1670 2224 1804 2303; x_wconf 67' lang='grc' dir='ltr'>ἐγχωροῦν</span> 
     </span>
     <span class='ocr_line' id='line_1_22' title="bbox 232 2311 1804 2396; baseline 0.001 -23"><span class='ocrx_word' id='word_1_254' title='bbox 232 2314 285 2374; x_wconf 86' lang='lat' dir='ltr'><strong>hoe</strong></span> <span class='ocrx_word' id='word_1_255' title='bbox 299 2315 421 2396; x_wconf 90' lang='lat' dir='ltr'><strong>primum</strong></span> <span class='ocrx_word' id='word_1_256' title='bbox 440 2315 480 2374; x_wconf 89' lang='lat' dir='ltr'><strong>ibi</strong></span> <span class='ocrx_word' id='word_1_257' title='bbox 495 2317 597 2374; x_wconf 81' lang='lat' dir='ltr'><strong>facturn</strong></span> <span class='ocrx_word' id='word_1_258' title='bbox 610 2314 663 2391; x_wconf 87' lang='lat' dir='ltr'><strong>sit,</strong></span> <span class='ocrx_word' id='word_1_259' title='bbox 680 2335 728 2373; x_wconf 90' lang='lat' dir='ltr'><strong>nec</strong></span> <span class='ocrx_word' id='word_1_260' title='bbox 747 2327 836 2374; x_wconf 88' lang='lat' dir='ltr'><strong>tamen</strong></span> <span class='ocrx_word' id='word_1_261' title='bbox 857 2313 979 2373; x_wconf 87' lang='lat' dir='ltr'><strong>absolute</strong></span> <span class='ocrx_word' id='word_1_262' title='bbox 1029 2313 1133 2392; x_wconf 86' lang='grc' dir='ltr'>πρῶτον</span> <span class='ocrx_word' id='word_1_263' title='bbox 1155 2313 1208 2371; x_wconf 75' lang='grc' dir='ltr'>ἐκεῖ</span> <span class='ocrx_word' id='word_1_264' title='bbox 1231 2317 1401 2393; x_wconf 75' lang='grc' dir='ltr'>γεγενῆσθαι,</span> <span class='ocrx_word' id='word_1_265' title='bbox 1424 2311 1462 2393; x_wconf 73' lang='grc' dir='ltr'><strong>μὴ</strong></span> <span class='ocrx_word' id='word_1_266' title='bbox 1483 2311 1531 2392; x_wconf 79' lang='grc' dir='ltr'>μέν</span> <span class='ocrx_word' id='word_1_267' title='bbox 1551 2335 1592 2372; x_wconf 87' lang='grc' dir='ltr'><strong>τοι</strong></span> <span class='ocrx_word' id='word_1_268' title='bbox 1614 2311 1742 2383; x_wconf 76' lang='grc' dir='ltr'><strong>1’ττάνπος</strong></span> <span class='ocrx_word' id='word_1_269' title='bbox 1757 2312 1804 2375; x_wconf 82' lang='grc' dir='ltr'><strong>καλ</strong></span> 
     </span>
     <span class='ocr_line' id='line_1_23' title="bbox 232 2404 1805 2488; baseline -0.001 -23"><span class='ocrx_word' id='word_1_270' title='bbox 232 2407 373 2487; x_wconf 80' lang='lat' dir='ltr'><strong>primum3</strong></span> <span class='ocrx_word' id='word_1_271' title='bbox 386 2407 535 2468; x_wconf 86' lang='lat' dir='ltr'><strong>verisimile</strong></span> <span class='ocrx_word' id='word_1_272' title='bbox 558 2407 660 2488; x_wconf 89' lang='lat' dir='ltr'><strong>quippe</strong></span> <span class='ocrx_word' id='word_1_273' title='bbox 678 2420 718 2466; x_wconf 90' lang='lat' dir='ltr'><strong>est</strong></span> <span class='ocrx_word' id='word_1_274' title='bbox 738 2407 818 2465; x_wconf 91' lang='lat' dir='ltr'><strong>illum</strong></span> <span class='ocrx_word' id='word_1_275' title='bbox 837 2406 905 2466; x_wconf 87' lang='lat' dir='ltr'><strong>alibi</strong></span> <span class='ocrx_word' id='word_1_276' title='bbox 924 2405 977 2465; x_wconf 89' lang='lat' dir='ltr'><strong>alia</strong></span> <span class='ocrx_word' id='word_1_277' title='bbox 1028 2406 1132 2482; x_wconf 82' lang='grc' dir='ltr'>πρῶτον</span> <span class='ocrx_word' id='word_1_278' title='bbox 1146 2404 1380 2488; x_wconf 80' lang='grc' dir='ltr'>(είκδςγάραθτδν</span> <span class='ocrx_word' id='word_1_279' title='bbox 1391 2408 1508 2486; x_wconf 89' lang='grc' dir='ltr'>ἀλλαχοῦ</span> <span class='ocrx_word' id='word_1_280' title='bbox 1517 2404 1693 2478; x_wconf 77' lang='grc' dir='ltr'>πεποιηκέναι</span> <span class='ocrx_word' id='word_1_281' title='bbox 1706 2406 1805 2487; x_wconf 70' lang='lat' dir='ltr'><strong>hope)-</strong></span> 
     </span>
     <span class='ocr_line' id='line_1_24' title="bbox 230 2495 1804 2583; baseline -0.001 -24"><span class='ocrx_word' id='word_1_282' title='bbox 230 2500 345 2560; x_wconf 79' lang='lat' dir='ltr'><strong>leeissee</strong></span> <span class='ocrx_word' id='word_1_283' title='bbox 361 2501 584 2583; x_wconf 76' lang='lat' dir='ltr'><strong>respondebimus</strong></span> <span class='ocrx_word' id='word_1_284' title='bbox 596 2501 622 2560; x_wconf 90' lang='lat' dir='ltr'><strong>ei</strong></span> <span class='ocrx_word' id='word_1_285' title='bbox 635 2500 666 2560; x_wconf 89' lang='lat' dir='ltr'><strong>id</strong></span> <span class='ocrx_word' id='word_1_286' title='bbox 679 2500 755 2580; x_wconf 89' lang='lat' dir='ltr'><strong>quod</strong></span> <span class='ocrx_word' id='word_1_287' title='bbox 764 2503 821 2581; x_wconf 86' lang='lat' dir='ltr'><strong>jam</strong></span> <span class='ocrx_word' id='word_1_288' title='bbox 831 2501 921 2582; x_wconf 92' lang='lat' dir='ltr'><strong>primo</strong></span> <span class='ocrx_word' id='word_1_289' title='bbox 935 2499 978 2559; x_wconf 91' lang='lat' dir='ltr'><strong>di·</strong></span> <span class='ocrx_word' id='word_1_290' title='bbox 1030 2495 1114 2554; x_wconf 71' lang='grc' dir='ltr'>ἔιεῖνο</span> <span class='ocrx_word' id='word_1_291' title='bbox 1123 2497 1189 2579; x_wconf 84' lang='grc' dir='ltr'>πρδς</span> <span class='ocrx_word' id='word_1_292' title='bbox 1204 2497 1280 2558; x_wconf 84' lang='grc' dir='ltr'>αῦτδν</span> <span class='ocrx_word' id='word_1_293' title='bbox 1294 2501 1412 2580; x_wconf 81' lang='grc' dir='ltr'>ἐροῦμεν,</span> <span class='ocrx_word' id='word_1_294' title='bbox 1428 2496 1442 2557; x_wconf 85' lang='grc' dir='ltr'>δ</span> <span class='ocrx_word' id='word_1_295' title='bbox 1459 2497 1505 2557; x_wconf 79' lang='grc' dir='ltr'><strong>καί</strong></span> <span class='ocrx_word' id='word_1_296' title='bbox 1518 2496 1666 2580; x_wconf 81' lang='grc' dir='ltr'>ἔμπροσθεν</span> <span class='ocrx_word' id='word_1_297' title='bbox 1686 2497 1804 2578; x_wconf 75' lang='grc' dir='ltr'>εἴπομεν.</span> 
     </span>
     <span class='ocr_line' id='line_1_25' title="bbox 232 2587 1805 2673; baseline -0.001 -21"><span class='ocrx_word' id='word_1_298' title='bbox 232 2591 334 2653; x_wconf 84' lang='lat' dir='ltr'><strong>ximus.</strong></span> <span class='ocrx_word' id='word_1_299' title='bbox 361 2592 507 2665; x_wconf 83' lang='lat' dir='ltr'><strong>Quodnam</strong></span> <span class='ocrx_word' id='word_1_300' title='bbox 528 2591 599 2651; x_wconf 90' lang='lat' dir='ltr'><strong>illud</strong></span> <span class='ocrx_word' id='word_1_301' title='bbox 619 2593 680 2652; x_wconf 78' lang='lat' dir='ltr'><strong>est?</strong></span> <span class='ocrx_word' id='word_1_302' title='bbox 694 2592 728 2652; x_wconf 92' lang='lat' dir='ltr'><strong>ld</strong></span> <span class='ocrx_word' id='word_1_303' title='bbox 744 2591 819 2670; x_wconf 89' lang='lat' dir='ltr'><strong>quod</strong></span> <span class='ocrx_word' id='word_1_304' title='bbox 835 2590 875 2651; x_wconf 89' lang='lat' dir='ltr'><strong>ait</strong></span> <span class='ocrx_word' id='word_1_305' title='bbox 893 2594 977 2653; x_wconf 86' lang='lat' dir='ltr'><strong>loan-</strong></span> <span class='ocrx_word' id='word_1_306' title='bbox 1030 2589 1111 2649; x_wconf 86' lang='grc' dir='ltr'>Ποῐον</span> <span class='ocrx_word' id='word_1_307' title='bbox 1125 2589 1157 2661; x_wconf 78' lang='grc' dir='ltr'><strong>δὴ</strong></span> <span class='ocrx_word' id='word_1_308' title='bbox 1172 2596 1265 2665; x_wconf 71' lang='grc' dir='ltr'>τοῦτο,</span> <span class='ocrx_word' id='word_1_309' title='bbox 1280 2589 1370 2673; x_wconf 82' lang='grc' dir='ltr'>Ὅπερ</span> <span class='ocrx_word' id='word_1_310' title='bbox 1379 2591 1504 2664; x_wconf 83' lang='grc' dir='ltr'>Ἰωάννης</span> <span class='ocrx_word' id='word_1_311' title='bbox 1515 2589 1610 2671; x_wconf 81' lang='grc' dir='ltr'>φησίν·</span> <span class='ocrx_word' id='word_1_312' title='bbox 1625 2587 1700 2671; x_wconf 74' lang='grc' dir='ltr'><strong>Ἐγὼ</strong></span> <span class='ocrx_word' id='word_1_313' title='bbox 1716 2589 1805 2651; x_wconf 64' lang='lat' dir='ltr'><strong>&amp;loia</strong></span> 
     </span>
     <span class='ocr_line' id='line_1_26' title="bbox 231 2678 1811 2767; baseline -0.001 -22"><span class='ocrx_word' id='word_1_314' title='bbox 231 2704 279 2745; x_wconf 87' lang='lat' dir='ltr'><strong>ues</strong></span> <span class='ocrx_word' id='word_1_315' title='bbox 288 2709 296 2743; x_wconf 81' lang='grc' dir='ltr'>ι</span> <span class='ocrx_word' id='word_1_316' title='bbox 306 2688 371 2767; x_wconf 76' lang='lat' dir='ltr'><strong>Ego</strong></span> <span class='ocrx_word' id='word_1_317' title='bbox 385 2700 484 2745; x_wconf 84' lang='lat' dir='ltr'><strong>autem</strong></span> <span class='ocrx_word' id='word_1_318' title='bbox 498 2688 661 2746; x_wconf 82' lang='lat' dir='ltr'><strong>nesciebam</strong></span> <span class='ocrx_word' id='word_1_319' title='bbox 680 2705 758 2754; x_wconf 84' lang='lat' dir='ltr'><strong>eum;</strong></span> <span class='ocrx_word' id='word_1_320' title='bbox 773 2685 826 2744; x_wconf 87' lang='lat' dir='ltr'><strong>sed</strong></span> <span class='ocrx_word' id='word_1_321' title='bbox 838 2697 871 2743; x_wconf 86' lang='lat' dir='ltr'><strong>ut</strong></span> <span class='ocrx_word' id='word_1_322' title='bbox 884 2688 979 2743; x_wconf 72' lang='lat' dir='ltr'><strong>mani·</strong></span> <span class='ocrx_word' id='word_1_323' title='bbox 1030 2678 1102 2757; x_wconf 73' lang='grc' dir='ltr'>ᾔδειν</span> <span class='ocrx_word' id='word_1_324' title='bbox 1113 2682 1203 2741; x_wconf 81' lang='grc' dir='ltr'>αἀοάν·</span> <span class='ocrx_word' id='word_1_325' title='bbox 1215 2686 1274 2743; x_wconf 85' lang='grc' dir='ltr'>ἀλλ’</span> <span class='ocrx_word' id='word_1_326' title='bbox 1283 2682 1327 2743; x_wconf 77' lang='grc' dir='ltr'><strong>ἵνα</strong></span> <span class='ocrx_word' id='word_1_327' title='bbox 1335 2686 1473 2765; x_wconf 77' lang='grc' dir='ltr'>φανερωθῇ</span> <span class='ocrx_word' id='word_1_328' title='bbox 1483 2686 1521 2763; x_wconf 81' lang='grc' dir='ltr'><strong>τῷ</strong></span> <span class='ocrx_word' id='word_1_329' title='bbox 1531 2679 1657 2763; x_wconf 75' lang='grc' dir='ltr'>Ἰσραὴλ,</span> <span class='ocrx_word' id='word_1_330' title='bbox 1671 2680 1718 2743; x_wconf 83' lang='grc' dir='ltr'><strong>διδ</strong></span> <span class='ocrx_word' id='word_1_331' title='bbox 1727 2687 1811 2759; x_wconf 64' lang='grc' dir='ltr'>ταῦτα.</span> 
     </span>
    </p>
   </div>
   <div class='ocr_carea' id='block_1_4' title="bbox 222 2762 1805 2860">
    <p class='ocr_par' dir='ltr' id='par_1_10' title="bbox 222 2762 1805 2860">
     <span class='ocr_line' id='line_1_27' title="bbox 222 2762 1805 2860; baseline 0 -23"><span class='ocrx_word' id='word_1_332' title='bbox 222 2779 354 2860; x_wconf 82' lang='lat' dir='ltr'><strong>sestetur</strong></span> <span class='ocrx_word' id='word_1_333' title='bbox 370 2783 403 2838; x_wconf 81' lang='lat' dir='ltr'><strong>in</strong></span> <span class='ocrx_word' id='word_1_334' title='bbox 419 2779 522 2852; x_wconf 72' lang='lat' dir='ltr'><strong>Israel,</strong></span> <span class='ocrx_word' id='word_1_335' title='bbox 536 2791 690 2859; x_wconf 82' lang='lat' dir='ltr'><strong>propterea</strong></span> <span class='ocrx_word' id='word_1_336' title='bbox 705 2780 777 2836; x_wconf 82' lang='lat' dir='ltr'><strong>oeni</strong></span> <span class='ocrx_word' id='word_1_337' title='bbox 790 2797 842 2857; x_wconf 84' lang='lat' dir='ltr'><strong>ego</strong></span> <span class='ocrx_word' id='word_1_338' title='bbox 855 2780 888 2835; x_wconf 85' lang='lat' dir='ltr'><strong>in</strong></span> <span class='ocrx_word' id='word_1_339' title='bbox 899 2796 980 2857; x_wconf 83' lang='lat' dir='ltr'><strong>aqua</strong></span> <span class='ocrx_word' id='word_1_340' title='bbox 997 2762 1016 2811; x_wconf 66' lang='grc' dir='ltr'><strong>Β</strong></span> <span class='ocrx_word' id='word_1_341' title='bbox 1031 2762 1110 2843; x_wconf 73' lang='grc' dir='ltr'>ἦλθον</span> <span class='ocrx_word' id='word_1_342' title='bbox 1135 2773 1278 2854; x_wconf 76' lang='grc' dir='ltr'>βαπτίζων.</span> <span class='ocrx_word' id='word_1_343' title='bbox 1302 2774 1383 2836; x_wconf 67' lang='lat' dir='ltr'><strong>Erat</strong></span> <span class='ocrx_word' id='word_1_344' title='bbox 1406 2775 1475 2835; x_wconf 87' lang='grc' dir='ltr'>κατδι</span> <span class='ocrx_word' id='word_1_345' title='bbox 1494 2775 1542 2850; x_wconf 79' lang='grc' dir='ltr'><strong>τλν</strong></span> <span class='ocrx_word' id='word_1_346' title='bbox 1562 2773 1672 2858; x_wconf 77' lang='grc' dir='ltr'>πρώτην</span> <span class='ocrx_word' id='word_1_347' title='bbox 1697 2774 1805 2850; x_wconf 74' lang='grc' dir='ltr'>ἡλικίαν</span> 
     </span>
    </p>
   </div>
   <div class='ocr_carea' id='block_1_5' title="bbox 78 3054 225 3409">
    <p class='ocr_par' dir='ltr' id='par_1_11' title="bbox 78 3054 225 3409">
     <span class='ocr_line' id='line_1_28' title="bbox 122 3054 224 3100; baseline 0.029 -3"><span class='ocrx_word' id='word_1_348' title='bbox 122 3054 224 3100; x_wconf 78' lang='lat' dir='ltr'><strong>Clrtitlttt</strong></span> 
     </span>
     <span class='ocr_line' id='line_1_29' title="bbox 79 3118 225 3162; baseline 0.014 -2"><span class='ocrx_word' id='word_1_349' title='bbox 79 3118 150 3160; x_wconf 87' lang='lat' dir='ltr'><strong>trium</strong></span> <span class='ocrx_word' id='word_1_350' title='bbox 185 3134 225 3162; x_wconf 82' lang='lat' dir='ltr'><strong>an-</strong></span> 
     </span>
     <span class='ocr_line' id='line_1_30' title="bbox 82 3193 225 3238; baseline 0.014 -18"><span class='ocrx_word' id='word_1_351' title='bbox 82 3193 161 3222; x_wconf 85' lang='lat' dir='ltr'><strong>norum</strong></span> <span class='ocrx_word' id='word_1_352' title='bbox 173 3194 225 3238; x_wconf 80' lang='lat' dir='ltr'><strong>epa-</strong></span> 
     </span>
     <span class='ocr_line' id='line_1_31' title="bbox 78 3242 225 3286; baseline 0.034 -4"><span class='ocrx_word' id='word_1_353' title='bbox 78 3242 112 3283; x_wconf 88' lang='lat' dir='ltr'><strong>tio</strong></span> <span class='ocrx_word' id='word_1_354' title='bbox 128 3242 225 3286; x_wconf 81' lang='lat' dir='ltr'><strong>miraeu-</strong></span> 
     </span>
     <span class='ocr_line' id='line_1_32' title="bbox 78 3301 224 3348; baseline 0.027 -4"><span class='ocrx_word' id='word_1_355' title='bbox 78 3301 106 3345; x_wconf 86' lang='lat' dir='ltr'><strong>lis</strong></span> <span class='ocrx_word' id='word_1_356' title='bbox 125 3303 224 3348; x_wconf 79' lang='lat' dir='ltr'><strong>eelebre-</strong></span> 
     </span>
     <span class='ocr_line' id='line_1_33' title="bbox 81 3372 169 3409; baseline 0.011 -1"><span class='ocrx_word' id='word_1_357' title='bbox 81 3372 117 3408; x_wconf 79' lang='lat' dir='ltr'><strong>tus</strong></span> <span class='ocrx_word' id='word_1_358' title='bbox 128 3374 169 3409; x_wconf 82' lang='lat' dir='ltr'><strong>oet.</strong></span> 
     </span>
    </p>
   </div>
   <div class='ocr_carea' id='block_1_6' title="bbox 82 4254 224 4312">
    <p class='ocr_par' dir='ltr' id='par_1_12' title="bbox 82 4254 224 4312">
     <span class='ocr_line' id='line_1_34' title="bbox 82 4254 224 4312; baseline 0.007 -14"><span class='ocrx_word' id='word_1_359' title='bbox 82 4256 138 4303; x_wconf 85' lang='lat' dir='ltr'><strong>luc.</strong></span> <span class='ocrx_word' id='word_1_360' title='bbox 153 4266 176 4299; x_wconf 82' lang='lat'><strong>2.</strong></span> <span class='ocrx_word' id='word_1_361' title='bbox 185 4254 224 4312; x_wconf 69' lang='grc'><strong>46.</strong></span> 
     </span>
    </p>
   </div>
   <div class='ocr_carea' id='block_1_7' title="bbox 228 2866 1841 5178">
    <p class='ocr_par' dir='ltr' id='par_1_13' title="bbox 228 2866 1841 5178">
     <span class='ocr_line' id='line_1_35' title="bbox 232 2866 1810 3023; baseline -0.001 -95"><span class='ocrx_word' id='word_1_362' title='bbox 232 2869 398 2948; x_wconf 78' lang='lat' dir='ltr'><strong>baptizans.</strong></span> <span class='ocrx_word' id='word_1_363' title='bbox 414 2871 486 2929; x_wconf 86' lang='lat' dir='ltr'><strong>Nam</strong></span> <span class='ocrx_word' id='word_1_364' title='bbox 502 2870 526 2929; x_wconf 83' lang='lat' dir='ltr'><strong>si</strong></span> <span class='ocrx_word' id='word_1_365' title='bbox 547 2868 576 2928; x_wconf 90' lang='lat' dir='ltr'><strong>in</strong></span> <span class='ocrx_word' id='word_1_366' title='bbox 596 2868 729 2950; x_wconf 73' lang='lat' dir='ltr'><strong>primaeva</strong></span> <span class='ocrx_word' id='word_1_367' title='bbox 750 2880 827 2927; x_wconf 84' lang='lat' dir='ltr'><strong>aetate</strong></span> <span class='ocrx_word' id='word_1_368' title='bbox 848 2866 981 2926; x_wconf 88' lang='lat' dir='ltr'><strong>miracula</strong></span> <span class='ocrx_word' id='word_1_369' title='bbox 1033 2867 1252 2949; x_wconf 77' lang='grc' dir='ltr'>ἐθαυματοῦργει,</span> <span class='ocrx_word' id='word_1_370' title='bbox 1270 2871 1317 2929; x_wconf 81' lang='grc' dir='ltr'><strong>οῦκ</strong></span> <span class='ocrx_word' id='word_1_371' title='bbox 1331 2868 1362 2928; x_wconf 84' lang='grc' dir='ltr'>δν</span> <span class='ocrx_word' id='word_1_372' title='bbox 1383 2869 1526 2942; x_wconf 71' lang='grc' dir='ltr'>ἐδεήθησαν</span> <span class='ocrx_word' id='word_1_373' title='bbox 1537 2867 1707 2950; x_wconf 78' lang='grc' dir='ltr'>Ἰσραηλῖται</span> <span class='ocrx_word' id='word_1_374' title='bbox 1718 2866 1810 3023; x_wconf 45' lang='lat' dir='ltr'><em>x</em></span> 
     </span>
     <span class='ocr_line' id='line_1_36' title="bbox 230 2958 1811 3044; baseline -0.002 -24"><span class='ocrx_word' id='word_1_375' title='bbox 230 2960 376 3037; x_wconf 82' lang='lat' dir='ltr'><strong>edidisset,</strong></span> <span class='ocrx_word' id='word_1_376' title='bbox 398 2983 451 3022; x_wconf 90' lang='lat' dir='ltr'><strong>non</strong></span> <span class='ocrx_word' id='word_1_377' title='bbox 472 2984 542 3044; x_wconf 90' lang='lat' dir='ltr'><strong>opus</strong></span> <span class='ocrx_word' id='word_1_378' title='bbox 563 2961 722 3026; x_wconf 78' lang='lat' dir='ltr'><strong>habuissent</strong></span> <span class='ocrx_word' id='word_1_379' title='bbox 742 2960 870 3021; x_wconf 75' lang='lat' dir='ltr'><strong>lsralilitae</strong></span> <span class='ocrx_word' id='word_1_380' title='bbox 884 2960 981 3037; x_wconf 86' lang='lat' dir='ltr'><strong>altero,</strong></span> <span class='ocrx_word' id='word_1_381' title='bbox 1033 2965 1079 3019; x_wconf 89' lang='grc' dir='ltr'><strong>τοῦ</strong></span> <span class='ocrx_word' id='word_1_382' title='bbox 1098 2958 1292 3043; x_wconf 80' lang='grc' dir='ltr'>ρανερώσοντος</span> <span class='ocrx_word' id='word_1_383' title='bbox 1309 2961 1396 3022; x_wconf 81' lang='grc' dir='ltr'>αὐτόν.</span> <span class='ocrx_word' id='word_1_384' title='bbox 1416 2960 1451 3021; x_wconf 90' lang='grc' dir='ltr'>Ὁ</span> <span class='ocrx_word' id='word_1_385' title='bbox 1468 2959 1520 3043; x_wconf 84' lang='grc' dir='ltr'><strong>γδρ</strong></span> <span class='ocrx_word' id='word_1_386' title='bbox 1540 2962 1577 3028; x_wconf 85' lang='grc' dir='ltr'><strong>είς</strong></span> <span class='ocrx_word' id='word_1_387' title='bbox 1599 2959 1701 3043; x_wconf 73' lang='grc' dir='ltr'>ἄνδρας</span> <span class='ocrx_word' id='word_1_388' title='bbox 1797 2958 1811 3037; x_wconf 66' lang='lat' dir='ltr'>J</span> 
     </span>
     <span class='ocr_line' id='line_1_37' title="bbox 233 3050 1809 3139; baseline 0 -26"><span class='ocrx_word' id='word_1_389' title='bbox 233 3053 281 3133; x_wconf 91' lang='lat' dir='ltr'><strong>qui</strong></span> <span class='ocrx_word' id='word_1_390' title='bbox 303 3055 394 3137; x_wconf 89' lang='lat' dir='ltr'><strong>ipsum</strong></span> <span class='ocrx_word' id='word_1_391' title='bbox 416 3055 559 3116; x_wconf 87' lang='lat' dir='ltr'><strong>indicaret.</strong></span> <span class='ocrx_word' id='word_1_392' title='bbox 583 3054 639 3128; x_wconf 89' lang='lat' dir='ltr'><strong>Qui</strong></span> <span class='ocrx_word' id='word_1_393' title='bbox 660 3053 738 3121; x_wconf 81' lang='lat' dir='ltr'><strong>enim·</strong></span> <span class='ocrx_word' id='word_1_394' title='bbox 752 3075 815 3114; x_wconf 90' lang='lat' dir='ltr'><strong>cum</strong></span> <span class='ocrx_word' id='word_1_395' title='bbox 835 3053 880 3115; x_wconf 85' lang='lat' dir='ltr'><strong>vir</strong></span> <span class='ocrx_word' id='word_1_396' title='bbox 895 3054 983 3112; x_wconf 81' lang='lat' dir='ltr'><strong>sactus</strong></span> <span class='ocrx_word' id='word_1_397' title='bbox 1034 3052 1081 3112; x_wconf 82' lang='grc' dir='ltr'><strong>καί</strong></span> <span class='ocrx_word' id='word_1_398' title='bbox 1100 3051 1183 3122; x_wconf 73' lang='grc' dir='ltr'>οὕτως</span> <span class='ocrx_word' id='word_1_399' title='bbox 1201 3054 1260 3113; x_wconf 76' lang='grc' dir='ltr'><strong>ἀπὸ</strong></span> <span class='ocrx_word' id='word_1_400' title='bbox 1279 3058 1332 3113; x_wconf 82' lang='grc' dir='ltr'>τῶν</span> <span class='ocrx_word' id='word_1_401' title='bbox 1356 3054 1499 3134; x_wconf 81' lang='grc' dir='ltr'>θαυμάτων</span> <span class='ocrx_word' id='word_1_402' title='bbox 1521 3056 1550 3113; x_wconf 83' lang='grc' dir='ltr'><strong>οῦ</strong></span> <span class='ocrx_word' id='word_1_403' title='bbox 1567 3062 1622 3121; x_wconf 83' lang='grc' dir='ltr'>τοῖς</span> <span class='ocrx_word' id='word_1_404' title='bbox 1641 3055 1670 3113; x_wconf 74' lang='grc' dir='ltr'>ἐν</span> <span class='ocrx_word' id='word_1_405' title='bbox 1694 3050 1809 3139; x_wconf 63' lang='grc' dir='ltr'>Ἰωδαίξ</span> 
     </span>
     <span class='ocr_line' id='line_1_38' title="bbox 233 3143 1807 3230; baseline -0.001 -25"><span class='ocrx_word' id='word_1_406' title='bbox 233 3160 309 3223; x_wconf 87' lang='lat' dir='ltr'><strong>esset,</strong></span> <span class='ocrx_word' id='word_1_407' title='bbox 323 3147 362 3206; x_wconf 87' lang='lat' dir='ltr'><strong>ita</strong></span> <span class='ocrx_word' id='word_1_408' title='bbox 374 3169 410 3207; x_wconf 91' lang='lat' dir='ltr'><strong>ex</strong></span> <span class='ocrx_word' id='word_1_409' title='bbox 423 3146 562 3206; x_wconf 84' lang='lat' dir='ltr'><strong>miraculis</strong></span> <span class='ocrx_word' id='word_1_410' title='bbox 584 3146 732 3206; x_wconf 87' lang='lat' dir='ltr'><strong>celebratus</strong></span> <span class='ocrx_word' id='word_1_411' title='bbox 750 3159 801 3222; x_wconf 89' lang='lat' dir='ltr'><strong>est,</strong></span> <span class='ocrx_word' id='word_1_412' title='bbox 816 3166 869 3204; x_wconf 88' lang='lat' dir='ltr'><strong>non</strong></span> <span class='ocrx_word' id='word_1_413' title='bbox 886 3144 915 3204; x_wconf 89' lang='lat' dir='ltr'><strong>iu</strong></span> <span class='ocrx_word' id='word_1_414' title='bbox 932 3148 982 3207; x_wconf 86' lang='lat' dir='ltr'><strong>Ju-</strong></span> <span class='ocrx_word' id='word_1_415' title='bbox 1033 3146 1185 3228; x_wconf 76' lang='grc' dir='ltr'>γνωρισθεὶς</span> <span class='ocrx_word' id='word_1_416' title='bbox 1196 3145 1283 3225; x_wconf 87' lang='grc' dir='ltr'>μόνον,</span> <span class='ocrx_word' id='word_1_417' title='bbox 1298 3145 1367 3207; x_wconf 79' lang='grc' dir='ltr'><strong>ἀλλά</strong></span> <span class='ocrx_word' id='word_1_418' title='bbox 1388 3144 1434 3205; x_wconf 74' lang='grc' dir='ltr'><strong>καί</strong></span> <span class='ocrx_word' id='word_1_419' title='bbox 1450 3154 1504 3213; x_wconf 90' lang='grc' dir='ltr'>τοῖς</span> <span class='ocrx_word' id='word_1_420' title='bbox 1520 3143 1644 3230; x_wconf 70' lang='grc' dir='ltr'>ἒνΣορίρ</span> <span class='ocrx_word' id='word_1_421' title='bbox 1658 3145 1706 3206; x_wconf 85' lang='grc' dir='ltr'><strong>καὶ</strong></span> <span class='ocrx_word' id='word_1_422' title='bbox 1718 3144 1807 3229; x_wconf 54' lang='lat' dir='ltr'><strong>aspen</strong></span> 
     </span>
     <span class='ocr_line' id='line_1_39' title="bbox 233 3236 1841 3322; baseline -0.001 -23"><span class='ocrx_word' id='word_1_423' title='bbox 233 3239 292 3299; x_wconf 80' lang='lat' dir='ltr'><strong>daea</strong></span> <span class='ocrx_word' id='word_1_424' title='bbox 305 3254 423 3315; x_wconf 84' lang='lat' dir='ltr'><strong>tantum,</strong></span> <span class='ocrx_word' id='word_1_425' title='bbox 438 3239 584 3299; x_wconf 88' lang='lat' dir='ltr'><strong>sedetiam</strong></span> <span class='ocrx_word' id='word_1_426' title='bbox 600 3239 628 3297; x_wconf 91' lang='lat' dir='ltr'><strong>in</strong></span> <span class='ocrx_word' id='word_1_427' title='bbox 642 3239 724 3319; x_wconf 73' lang='lat' dir='ltr'><strong>Syria</strong></span> <span class='ocrx_word' id='word_1_428' title='bbox 746 3253 773 3297; x_wconf 91' lang='lat' dir='ltr'><strong>et</strong></span> <span class='ocrx_word' id='word_1_429' title='bbox 794 3238 882 3314; x_wconf 88' lang='lat' dir='ltr'><strong>ultra;</strong></span> <span class='ocrx_word' id='word_1_430' title='bbox 899 3238 983 3315; x_wconf 87' lang='lat' dir='ltr'><strong>idque</strong></span> <span class='ocrx_word' id='word_1_431' title='bbox 1035 3237 1120 3319; x_wconf 85' lang='grc' dir='ltr'>τίρω,</span> <span class='ocrx_word' id='word_1_432' title='bbox 1134 3238 1272 3299; x_wconf 76' lang='grc' dir='ltr'>καὶταῦτα</span> <span class='ocrx_word' id='word_1_433' title='bbox 1284 3241 1310 3297; x_wconf 77' lang='grc' dir='ltr'>ἐν</span> <span class='ocrx_word' id='word_1_434' title='bbox 1321 3240 1405 3322; x_wconf 80' lang='grc' dir='ltr'>τρισίν</span> <span class='ocrx_word' id='word_1_435' title='bbox 1425 3237 1495 3298; x_wconf 81' lang='grc' dir='ltr'>ἔτεσι</span> <span class='ocrx_word' id='word_1_436' title='bbox 1513 3236 1591 3316; x_wconf 79' lang='grc' dir='ltr'>μόνον</span> <span class='ocrx_word' id='word_1_437' title='bbox 1602 3243 1689 3298; x_wconf 89' lang='grc' dir='ltr'>ταῦτα</span> <span class='ocrx_word' id='word_1_438' title='bbox 1702 3260 1807 3313; x_wconf 78' lang='grc' dir='ltr'>πεποιη-</span> <span class='ocrx_word' id='word_1_439' title='bbox 1839 3275 1841 3282; x_wconf 81' lang='grc'><strong><em>·</em></strong></span> 
     </span>
     <span class='ocr_line' id='line_1_40' title="bbox 232 3327 1841 3413; baseline 0.001 -23"><span class='ocrx_word' id='word_1_440' title='bbox 232 3330 318 3390; x_wconf 90' lang='lat' dir='ltr'><strong>trium</strong></span> <span class='ocrx_word' id='word_1_441' title='bbox 331 3344 435 3390; x_wconf 87' lang='lat' dir='ltr'><strong>tantum</strong></span> <span class='ocrx_word' id='word_1_442' title='bbox 449 3351 581 3389; x_wconf 88' lang='lat' dir='ltr'><strong>annorum</strong></span> <span class='ocrx_word' id='word_1_443' title='bbox 594 3329 766 3413; x_wconf 78' lang='lat' dir='ltr'><strong>spatiozimo</strong></span> <span class='ocrx_word' id='word_1_444' title='bbox 780 3329 983 3408; x_wconf 89' lang='lat' dir='ltr'><strong>netribusqui-</strong></span> <span class='ocrx_word' id='word_1_445' title='bbox 1035 3329 1103 3406; x_wconf 82' lang='grc' dir='ltr'>κὼς,</span> <span class='ocrx_word' id='word_1_446' title='bbox 1121 3334 1220 3410; x_wconf 75' lang='grc' dir='ltr'>μᾶλλον</span> <span class='ocrx_word' id='word_1_447' title='bbox 1235 3330 1262 3391; x_wconf 73' lang='grc' dir='ltr'><strong>δὲ</strong></span> <span class='ocrx_word' id='word_1_448' title='bbox 1272 3329 1332 3392; x_wconf 82' lang='grc' dir='ltr'>οὐδὲ</span> <span class='ocrx_word' id='word_1_449' title='bbox 1345 3335 1397 3390; x_wconf 82' lang='grc' dir='ltr'>τῶν</span> <span class='ocrx_word' id='word_1_450' title='bbox 1408 3334 1487 3413; x_wconf 82' lang='grc' dir='ltr'>τριῶν</span> <span class='ocrx_word' id='word_1_451' title='bbox 1502 3327 1602 3390; x_wconf 79' lang='grc' dir='ltr'>τούτων</span> <span class='ocrx_word' id='word_1_452' title='bbox 1617 3328 1720 3404; x_wconf 77' lang='grc' dir='ltr'>δεηθείς</span> <span class='ocrx_word' id='word_1_453' title='bbox 1732 3328 1807 3400; x_wconf 77' lang='grc' dir='ltr'>είςνλ</span> <span class='ocrx_word' id='word_1_454' title='bbox 1838 3348 1841 3379; x_wconf 69' lang='lat'><em>²</em></span> 
     </span>
     <span class='ocr_line' id='line_1_41' title="bbox 232 3418 1841 3504; baseline -0.004 -21"><span class='ocrx_word' id='word_1_455' title='bbox 232 3421 296 3483; x_wconf 88' lang='lat' dir='ltr'><strong>dom</strong></span> <span class='ocrx_word' id='word_1_456' title='bbox 307 3421 385 3482; x_wconf 89' lang='lat' dir='ltr'><strong>aunis</strong></span> <span class='ocrx_word' id='word_1_457' title='bbox 398 3422 435 3482; x_wconf 90' lang='lat' dir='ltr'><strong>ad</strong></span> <span class='ocrx_word' id='word_1_458' title='bbox 447 3422 547 3481; x_wconf 81' lang='lat' dir='ltr'><strong>famam</strong></span> <span class='ocrx_word' id='word_1_459' title='bbox 560 3442 629 3500; x_wconf 89' lang='lat' dir='ltr'><strong>opus</strong></span> <span class='ocrx_word' id='word_1_460' title='bbox 641 3419 750 3498; x_wconf 82' lang='lat' dir='ltr'><strong>habuit5</strong></span> <span class='ocrx_word' id='word_1_461' title='bbox 766 3420 816 3480; x_wconf 88' lang='lat' dir='ltr'><strong>sed</strong></span> <span class='ocrx_word' id='word_1_462' title='bbox 829 3441 912 3499; x_wconf 86' lang='lat' dir='ltr'><strong>quam</strong></span> <span class='ocrx_word' id='word_1_463' title='bbox 924 3420 982 3501; x_wconf 91' lang='lat' dir='ltr'><strong>pri·</strong></span> <span class='ocrx_word' id='word_1_464' title='bbox 993 3452 1029 3492; x_wconf 62' lang='grc' dir='ltr'><strong>,ῃ</strong></span> <span class='ocrx_word' id='word_1_465' title='bbox 1036 3422 1118 3492; x_wconf 78' lang='grc' dir='ltr'>δεῖξαι</span> <span class='ocrx_word' id='word_1_466' title='bbox 1130 3422 1236 3483; x_wconf 70' lang='grc' dir='ltr'>ἑαυτόν·</span> <span class='ocrx_word' id='word_1_467' title='bbox 1249 3423 1342 3491; x_wconf 74' lang='grc' dir='ltr'>ὠθέως</span> <span class='ocrx_word' id='word_1_468' title='bbox 1352 3421 1404 3504; x_wconf 79' lang='grc' dir='ltr'><strong>γάρ</strong></span> <span class='ocrx_word' id='word_1_469' title='bbox 1417 3422 1463 3482; x_wconf 81' lang='grc' dir='ltr'><strong>καλ</strong></span> <span class='ocrx_word' id='word_1_470' title='bbox 1483 3426 1512 3483; x_wconf 80' lang='grc' dir='ltr'><strong>ἐκ</strong></span> <span class='ocrx_word' id='word_1_471' title='bbox 1527 3427 1575 3494; x_wconf 84' lang='grc' dir='ltr'><strong>τῆς</strong></span> <span class='ocrx_word' id='word_1_472' title='bbox 1587 3420 1700 3504; x_wconf 79' lang='grc' dir='ltr'>πρώτης</span> <span class='ocrx_word' id='word_1_473' title='bbox 1708 3418 1806 3483; x_wconf 69' lang='grc' dir='ltr'><strong>παντο·Ι</strong></span> <span class='ocrx_word' id='word_1_474' title='bbox 1835 3422 1841 3476; x_wconf 88' lang='grc' dir='ltr'>ί</span> 
     </span>
     <span class='ocr_line' id='line_1_42' title="bbox 232 3508 1841 3598; baseline -0.004 -23"><span class='ocrx_word' id='word_1_475' title='bbox 232 3535 309 3575; x_wconf 89' lang='lat' dir='ltr'><strong>mum</strong></span> <span class='ocrx_word' id='word_1_476' title='bbox 320 3517 393 3575; x_wconf 77' lang='lat' dir='ltr'><strong>fauna</strong></span> <span class='ocrx_word' id='word_1_477' title='bbox 412 3516 470 3597; x_wconf 85' lang='lat' dir='ltr'><strong>ejus</strong></span> <span class='ocrx_word' id='word_1_478' title='bbox 493 3514 594 3592; x_wconf 85' lang='lat' dir='ltr'><strong>ubique</strong></span> <span class='ocrx_word' id='word_1_479' title='bbox 609 3526 755 3593; x_wconf 78' lang='lat' dir='ltr'><strong>pervagata</strong></span> <span class='ocrx_word' id='word_1_480' title='bbox 778 3527 819 3572; x_wconf 78' lang='lat' dir='ltr'><strong>est</strong></span> <span class='ocrx_word' id='word_1_481' title='bbox 830 3537 837 3570; x_wconf 78' lang='grc' dir='ltr'>ι</span> <span class='ocrx_word' id='word_1_482' title='bbox 849 3513 898 3591; x_wconf 93' lang='lat' dir='ltr'><strong>qui</strong></span> <span class='ocrx_word' id='word_1_483' title='bbox 917 3534 982 3593; x_wconf 81' lang='lat' dir='ltr'><strong>ergo</strong></span> <span class='ocrx_word' id='word_1_484' title='bbox 1001 3508 1021 3554; x_wconf 72' lang='grc' dir='ltr'>Ᾰ</span> <span class='ocrx_word' id='word_1_485' title='bbox 1036 3522 1085 3598; x_wconf 86' lang='grc' dir='ltr'><strong>χοῦ</strong></span> <span class='ocrx_word' id='word_1_486' title='bbox 1097 3523 1114 3590; x_wconf 81' lang='grc' dir='ltr'><strong>ἡ</strong></span> <span class='ocrx_word' id='word_1_487' title='bbox 1126 3515 1192 3590; x_wconf 80' lang='grc' dir='ltr'>ἀκοὴ</span> <span class='ocrx_word' id='word_1_488' title='bbox 1205 3519 1283 3577; x_wconf 82' lang='grc' dir='ltr'>αὐτοῦ</span> <span class='ocrx_word' id='word_1_489' title='bbox 1296 3517 1429 3589; x_wconf 78' lang='grc' dir='ltr'>ἀπῆλθεν·</span> <span class='ocrx_word' id='word_1_490' title='bbox 1449 3513 1559 3574; x_wconf 83' lang='grc' dir='ltr'>θτοίννν</span> <span class='ocrx_word' id='word_1_491' title='bbox 1574 3515 1602 3573; x_wconf 78' lang='grc' dir='ltr'>ἐν</span> <span class='ocrx_word' id='word_1_492' title='bbox 1617 3517 1716 3596; x_wconf 82' lang='grc' dir='ltr'>βραχεῖ</span> <span class='ocrx_word' id='word_1_493' title='bbox 1725 3510 1807 3597; x_wconf 75' lang='grc' dir='ltr'><strong>ιιιιρᾷΙ</strong></span> <span class='ocrx_word' id='word_1_494' title='bbox 1833 3510 1841 3569; x_wconf 84' lang='lat' dir='ltr'><strong>l</strong></span> 
     </span>
     <span class='ocr_line' id='line_1_43' title="bbox 231 3605 1841 3691; baseline -0.001 -23"><span class='ocrx_word' id='word_1_495' title='bbox 231 3609 375 3671; x_wconf 82' lang='lat' dir='ltr'><strong>tambrevi</strong></span> <span class='ocrx_word' id='word_1_496' title='bbox 388 3609 475 3691; x_wconf 87' lang='lat' dir='ltr'><strong>spatio</strong></span> <span class='ocrx_word' id='word_1_497' title='bbox 488 3605 617 3688; x_wconf 89' lang='lat' dir='ltr'><strong>temporis</strong></span> <span class='ocrx_word' id='word_1_498' title='bbox 631 3606 666 3665; x_wconf 90' lang='lat' dir='ltr'><strong>ob</strong></span> <span class='ocrx_word' id='word_1_499' title='bbox 680 3605 874 3665; x_wconf 82' lang='lat' dir='ltr'><strong>miraculorum</strong></span> <span class='ocrx_word' id='word_1_500' title='bbox 888 3606 982 3665; x_wconf 90' lang='lat' dir='ltr'><strong>multi·</strong></span> <span class='ocrx_word' id='word_1_501' title='bbox 1035 3607 1103 3670; x_wconf 74' lang='grc' dir='ltr'>οὕτω</span> <span class='ocrx_word' id='word_1_502' title='bbox 1117 3609 1160 3669; x_wconf 77' lang='grc' dir='ltr'><strong>διδ</strong></span> <span class='ocrx_word' id='word_1_503' title='bbox 1171 3616 1217 3670; x_wconf 81' lang='grc' dir='ltr'><strong>τοῦ</strong></span> <span class='ocrx_word' id='word_1_504' title='bbox 1227 3607 1343 3681; x_wconf 78' lang='grc' dir='ltr'>πλήθους</span> <span class='ocrx_word' id='word_1_505' title='bbox 1351 3613 1403 3667; x_wconf 84' lang='grc' dir='ltr'>τῶν</span> <span class='ocrx_word' id='word_1_506' title='bbox 1416 3607 1558 3686; x_wconf 78' lang='grc' dir='ltr'>θαυμάτων</span> <span class='ocrx_word' id='word_1_507' title='bbox 1573 3605 1804 3688; x_wconf 73' lang='grc' dir='ltr'>ἐκλάμψας,ὧστι</span> <span class='ocrx_word' id='word_1_508' title='bbox 1831 3620 1841 3663; x_wconf 87' lang='lat' dir='ltr'><strong>t</strong></span> 
     </span>
     <span class='ocr_line' id='line_1_44' title="bbox 232 3688 1841 3783; baseline -0.002 -23"><span class='ocrx_word' id='word_1_509' title='bbox 232 3698 356 3761; x_wconf 87' lang='lat' dir='ltr'><strong>tudinem</strong></span> <span class='ocrx_word' id='word_1_510' title='bbox 373 3701 411 3760; x_wconf 84' lang='lat' dir='ltr'><strong>ita</strong></span> <span class='ocrx_word' id='word_1_511' title='bbox 431 3699 547 3775; x_wconf 89' lang='lat' dir='ltr'><strong>claruit,</strong></span> <span class='ocrx_word' id='word_1_512' title='bbox 561 3712 592 3756; x_wconf 91' lang='lat' dir='ltr'><strong>ut</strong></span> <span class='ocrx_word' id='word_1_513' title='bbox 611 3718 706 3757; x_wconf 89' lang='lat' dir='ltr'><strong>nomen</strong></span> <span class='ocrx_word' id='word_1_514' title='bbox 721 3699 779 3779; x_wconf 90' lang='lat' dir='ltr'><strong>ejus</strong></span> <span class='ocrx_word' id='word_1_515' title='bbox 793 3698 920 3758; x_wconf 90' lang='lat' dir='ltr'><strong>omnibus</strong></span> <span class='ocrx_word' id='word_1_516' title='bbox 933 3720 982 3759; x_wconf 90' lang='lat' dir='ltr'><strong>no·</strong></span> <span class='ocrx_word' id='word_1_517' title='bbox 1036 3705 1115 3762; x_wconf 85' lang='grc' dir='ltr'>αὐτοῦ</span> <span class='ocrx_word' id='word_1_518' title='bbox 1141 3702 1172 3762; x_wconf 89' lang='grc' dir='ltr'><strong>τδ</strong></span> <span class='ocrx_word' id='word_1_519' title='bbox 1193 3702 1276 3781; x_wconf 84' lang='grc' dir='ltr'>ὄνομα</span> <span class='ocrx_word' id='word_1_520' title='bbox 1299 3700 1448 3772; x_wconf 82' lang='grc' dir='ltr'>κατάδηλον</span> <span class='ocrx_word' id='word_1_521' title='bbox 1472 3699 1593 3780; x_wconf 81' lang='grc' dir='ltr'>γενέσθαι</span> <span class='ocrx_word' id='word_1_522' title='bbox 1613 3708 1697 3759; x_wconf 74' lang='grc' dir='ltr'>πᾶσι·</span> <span class='ocrx_word' id='word_1_523' title='bbox 1720 3688 1805 3783; x_wconf 88' lang='grc' dir='ltr'>πολλᾷ</span> <span class='ocrx_word' id='word_1_524' title='bbox 1831 3696 1841 3756; x_wconf 84' lang='lat' dir='ltr'><strong>i</strong></span> 
     </span>
     <span class='ocr_line' id='line_1_45' title="bbox 231 3784 1841 3876; baseline -0.002 -24"><span class='ocrx_word' id='word_1_525' title='bbox 231 3807 291 3853; x_wconf 91' lang='lat' dir='ltr'><strong>tum</strong></span> <span class='ocrx_word' id='word_1_526' title='bbox 304 3808 385 3871; x_wconf 81' lang='lat' dir='ltr'><strong>esset3</strong></span> <span class='ocrx_word' id='word_1_527' title='bbox 401 3793 488 3852; x_wconf 89' lang='lat' dir='ltr'><strong>multo</strong></span> <span class='ocrx_word' id='word_1_528' title='bbox 504 3790 592 3871; x_wconf 82' lang='lat' dir='ltr'><strong>magis</strong></span> <span class='ocrx_word' id='word_1_529' title='bbox 605 3790 629 3849; x_wconf 91' lang='lat' dir='ltr'><strong>si</strong></span> <span class='ocrx_word' id='word_1_530' title='bbox 652 3789 744 3849; x_wconf 87' lang='lat' dir='ltr'><strong>adhue</strong></span> <span class='ocrx_word' id='word_1_531' title='bbox 762 3811 830 3870; x_wconf 90' lang='lat' dir='ltr'><strong>puer</strong></span> <span class='ocrx_word' id='word_1_532' title='bbox 850 3789 982 3850; x_wconf 81' lang='lat' dir='ltr'><strong>miracula</strong></span> <span class='ocrx_word' id='word_1_533' title='bbox 1036 3796 1135 3875; x_wconf 78' lang='grc' dir='ltr'>μᾶλλον</span> <span class='ocrx_word' id='word_1_534' title='bbox 1149 3796 1172 3853; x_wconf 89' lang='grc' dir='ltr'><strong>εί</strong></span> <span class='ocrx_word' id='word_1_535' title='bbox 1183 3802 1246 3862; x_wconf 84' lang='grc' dir='ltr'>παῖς</span> <span class='ocrx_word' id='word_1_536' title='bbox 1259 3793 1296 3853; x_wconf 85' lang='grc' dir='ltr'>ὢν</span> <span class='ocrx_word' id='word_1_537' title='bbox 1311 3796 1341 3852; x_wconf 75' lang='grc' dir='ltr'><strong>ἐκ</strong></span> <span class='ocrx_word' id='word_1_538' title='bbox 1354 3791 1462 3875; x_wconf 82' lang='grc' dir='ltr'>πρώτης</span> <span class='ocrx_word' id='word_1_539' title='bbox 1471 3790 1577 3865; x_wconf 76' lang='grc' dir='ltr'>ἡλικίας</span> <span class='ocrx_word' id='word_1_540' title='bbox 1593 3784 1803 3876; x_wconf 76' lang='grc' dir='ltr'><strong>ἐθανματοιίρμι,Ι</strong></span> <span class='ocrx_word' id='word_1_541' title='bbox 1830 3798 1841 3849; x_wconf 80' lang='lat' dir='ltr'><strong>t</strong></span> 
     </span>
     <span class='ocr_line' id='line_1_46' title="bbox 231 3878 1841 3968; baseline -0.001 -22"><span class='ocrx_word' id='word_1_542' title='bbox 231 3885 376 3962; x_wconf 78' lang='lat' dir='ltr'><strong>edidisset,</strong></span> <span class='ocrx_word' id='word_1_543' title='bbox 403 3907 455 3945; x_wconf 89' lang='lat' dir='ltr'><strong>uon</strong></span> <span class='ocrx_word' id='word_1_544' title='bbox 481 3883 612 3965; x_wconf 81' lang='lat' dir='ltr'><strong>potuisset</strong></span> <span class='ocrx_word' id='word_1_545' title='bbox 635 3897 709 3942; x_wconf 89' lang='lat' dir='ltr'><strong>tanto</strong></span> <span class='ocrx_word' id='word_1_546' title='bbox 730 3897 851 3964; x_wconf 89' lang='lat' dir='ltr'><strong>tempore</strong></span> <span class='ocrx_word' id='word_1_547' title='bbox 871 3885 979 3943; x_wconf 87' lang='lat' dir='ltr'><strong>latere:</strong></span> <span class='ocrx_word' id='word_1_548' title='bbox 1036 3886 1080 3947; x_wconf 72' lang='grc' dir='ltr'><strong>ἐπὶ</strong></span> <span class='ocrx_word' id='word_1_549' title='bbox 1094 3893 1215 3946; x_wconf 91' lang='grc' dir='ltr'>τοσοῦτον</span> <span class='ocrx_word' id='word_1_550' title='bbox 1227 3884 1321 3968; x_wconf 81' lang='grc' dir='ltr'>χρόνον</span> <span class='ocrx_word' id='word_1_551' title='bbox 1335 3887 1382 3945; x_wconf 81' lang='grc' dir='ltr'><strong>οὐκ</strong></span> <span class='ocrx_word' id='word_1_552' title='bbox 1393 3883 1487 3963; x_wconf 86' lang='grc' dir='ltr'>ἔμελλε</span> <span class='ocrx_word' id='word_1_553' title='bbox 1499 3883 1635 3957; x_wconf 81' lang='grc' dir='ltr'>λήσεσθαι.</span> <span class='ocrx_word' id='word_1_554' title='bbox 1652 3884 1699 3945; x_wconf 82' lang='grc' dir='ltr'>Τά</span> <span class='ocrx_word' id='word_1_555' title='bbox 1712 3908 1742 3945; x_wconf 83' lang='grc' dir='ltr'><strong>τε</strong></span> <span class='ocrx_word' id='word_1_556' title='bbox 1824 3878 1841 3955; x_wconf 68' lang='grc' dir='ltr'><strong>,δ</strong></span> 
     </span>
     <span class='ocr_line' id='line_1_47' title="bbox 231 3880 1828 4062; baseline -0.001 -22"><span class='ocrx_word' id='word_1_557' title='bbox 231 3980 328 4062; x_wconf 82' lang='lat' dir='ltr'><strong>majori</strong></span> <span class='ocrx_word' id='word_1_558' title='bbox 348 3979 451 4062; x_wconf 89' lang='lat' dir='ltr'><strong>quippe</strong></span> <span class='ocrx_word' id='word_1_559' title='bbox 476 3975 650 4038; x_wconf 87' lang='lat' dir='ltr'><strong>admirationi</strong></span> <span class='ocrx_word' id='word_1_560' title='bbox 672 3975 786 4035; x_wconf 62' lang='lat' dir='ltr'><strong>fussent</strong></span> <span class='ocrx_word' id='word_1_561' title='bbox 812 3975 944 4036; x_wconf 86' lang='lat' dir='ltr'><strong>miracula</strong></span> <span class='ocrx_word' id='word_1_562' title='bbox 965 3998 981 4035; x_wconf 93' lang='lat' dir='ltr'><strong>a</strong></span> <span class='ocrx_word' id='word_1_563' title='bbox 1034 3979 1159 4059; x_wconf 82' lang='grc' dir='ltr'>γινόμενα</span> <span class='ocrx_word' id='word_1_564' title='bbox 1178 3975 1378 4059; x_wconf 83' lang='grc' dir='ltr'>παραδοξότερα</span> <span class='ocrx_word' id='word_1_565' title='bbox 1403 3976 1433 4036; x_wconf 82' lang='grc' dir='ltr'>ἀν</span> <span class='ocrx_word' id='word_1_566' title='bbox 1454 3975 1537 4046; x_wconf 81' lang='grc' dir='ltr'>ἔδοξεν</span> <span class='ocrx_word' id='word_1_567' title='bbox 1561 3966 1644 4050; x_wconf 75' lang='grc' dir='ltr'>εἶναι,</span> <span class='ocrx_word' id='word_1_568' title='bbox 1667 3977 1715 4038; x_wconf 86' lang='grc' dir='ltr'><strong>ἀτι</strong></span> <span class='ocrx_word' id='word_1_569' title='bbox 1736 3880 1828 4061; x_wconf 49' lang='grc'><strong>43,</strong></span> 
     </span>
     <span class='ocr_line' id='line_1_48' title="bbox 231 4054 1830 4155; baseline -0.002 -22"><span class='ocrx_word' id='word_1_570' title='bbox 231 4096 317 4154; x_wconf 84' lang='lat' dir='ltr'><strong>puero</strong></span> <span class='ocrx_word' id='word_1_571' title='bbox 329 4077 486 4152; x_wconf 80' lang='lat' dir='ltr'><strong>sacta,·cum</strong></span> <span class='ocrx_word' id='word_1_572' title='bbox 499 4072 619 4132; x_wconf 87' lang='lat' dir='ltr'><strong>maxime</strong></span> <span class='ocrx_word' id='word_1_573' title='bbox 630 4084 737 4150; x_wconf 90' lang='lat' dir='ltr'><strong>tempus</strong></span> <span class='ocrx_word' id='word_1_574' title='bbox 746 4084 772 4129; x_wconf 91' lang='lat' dir='ltr'><strong>et</strong></span> <span class='ocrx_word' id='word_1_575' title='bbox 780 4069 885 4150; x_wconf 84' lang='lat' dir='ltr'><strong>duplex</strong></span> <span class='ocrx_word' id='word_1_576' title='bbox 896 4083 922 4130; x_wconf 88' lang='lat' dir='ltr'><strong>et</strong></span> <span class='ocrx_word' id='word_1_577' title='bbox 931 4069 981 4129; x_wconf 89' lang='lat' dir='ltr'><strong>tri·</strong></span> <span class='ocrx_word' id='word_1_578' title='bbox 1035 4071 1172 4153; x_wconf 69' lang='lat' dir='ltr'><strong>paupertino</strong></span> <span class='ocrx_word' id='word_1_579' title='bbox 1189 4071 1329 4150; x_wconf 82' lang='grc' dir='ltr'>γινόμενα,</span> <span class='ocrx_word' id='word_1_580' title='bbox 1352 4068 1513 4151; x_wconf 77' lang='grc' dir='ltr'>ὅτιχρόνος</span> <span class='ocrx_word' id='word_1_581' title='bbox 1534 4067 1683 4128; x_wconf 82' lang='grc' dir='ltr'>διπλασίων</span> <span class='ocrx_word' id='word_1_582' title='bbox 1697 4066 1742 4130; x_wconf 82' lang='grc' dir='ltr'><strong>καλ</strong></span> <span class='ocrx_word' id='word_1_583' title='bbox 1752 4054 1805 4155; x_wconf 58' lang='lat' dir='ltr'><strong>epti</strong></span> <span class='ocrx_word' id='word_1_584' title='bbox 1816 4054 1830 4083; x_wconf 62' lang='lat' dir='ltr'><strong>s</strong></span> 
     </span>
     <span class='ocr_line' id='line_1_49' title="bbox 232 4144 1821 4249; baseline -0.004 -22"><span class='ocrx_word' id='word_1_585' title='bbox 232 4169 306 4247; x_wconf 85' lang='lat' dir='ltr'><strong>plex,</strong></span> <span class='ocrx_word' id='word_1_586' title='bbox 319 4169 374 4229; x_wconf 89' lang='lat' dir='ltr'><strong>imo</strong></span> <span class='ocrx_word' id='word_1_587' title='bbox 388 4166 505 4249; x_wconf 88' lang='lat' dir='ltr'><strong>amplius</strong></span> <span class='ocrx_word' id='word_1_588' title='bbox 518 4162 611 4225; x_wconf 81' lang='lat' dir='ltr'><strong>fuerit.</strong></span> <span class='ocrx_word' id='word_1_589' title='bbox 624 4165 728 4225; x_wconf 87' lang='lat' dir='ltr'><strong>Verum</strong></span> <span class='ocrx_word' id='word_1_590' title='bbox 739 4161 809 4221; x_wconf 89' lang='lat' dir='ltr'><strong>nibil</strong></span> <span class='ocrx_word' id='word_1_591' title='bbox 823 4161 900 4223; x_wconf 86' lang='lat' dir='ltr'><strong>aliud</strong></span> <span class='ocrx_word' id='word_1_592' title='bbox 913 4183 981 4243; x_wconf 90' lang='lat' dir='ltr'><strong>puer</strong></span> <span class='ocrx_word' id='word_1_593' title='bbox 1034 4163 1154 4224; x_wconf 90' lang='grc' dir='ltr'>πλασίων</span> <span class='ocrx_word' id='word_1_594' title='bbox 1174 4163 1220 4223; x_wconf 80' lang='grc' dir='ltr'><strong>καλ</strong></span> <span class='ocrx_word' id='word_1_595' title='bbox 1236 4165 1327 4243; x_wconf 81' lang='grc' dir='ltr'>πολλῷ</span> <span class='ocrx_word' id='word_1_596' title='bbox 1345 4162 1442 4223; x_wconf 87' lang='grc' dir='ltr'>πλείων</span> <span class='ocrx_word' id='word_1_597' title='bbox 1462 4151 1494 4233; x_wconf 67' lang='grc' dir='ltr'>ἦν</span> <span class='ocrx_word' id='word_1_598' title='bbox 1510 4161 1551 4221; x_wconf 80' lang='grc' dir='ltr'>ἄν.</span> <span class='ocrx_word' id='word_1_599' title='bbox 1573 4158 1654 4221; x_wconf 80' lang='grc' dir='ltr'><strong>Ἀλλά</strong></span> <span class='ocrx_word' id='word_1_600' title='bbox 1668 4160 1720 4242; x_wconf 70' lang='grc' dir='ltr'><strong>γὰρ</strong></span> <span class='ocrx_word' id='word_1_601' title='bbox 1737 4144 1821 4239; x_wconf 67' lang='lat' dir='ltr'><strong>odilis</strong></span> 
     </span>
     <span class='ocr_line' id='line_1_50' title="bbox 232 4230 1818 4361; baseline -0.002 -44"><span class='ocrx_word' id='word_1_602' title='bbox 232 4259 312 4333; x_wconf 85' lang='lat' dir='ltr'><strong>lecit,</strong></span> <span class='ocrx_word' id='word_1_603' title='bbox 326 4260 379 4322; x_wconf 89' lang='lat' dir='ltr'><strong>uisi</strong></span> <span class='ocrx_word' id='word_1_604' title='bbox 398 4259 430 4319; x_wconf 88' lang='lat' dir='ltr'><strong>id</strong></span> <span class='ocrx_word' id='word_1_605' title='bbox 445 4273 553 4319; x_wconf 89' lang='lat' dir='ltr'><strong>tantum</strong></span> <span class='ocrx_word' id='word_1_606' title='bbox 574 4255 651 4335; x_wconf 91' lang='lat' dir='ltr'><strong>quod</strong></span> <span class='ocrx_word' id='word_1_607' title='bbox 665 4256 752 4314; x_wconf 77' lang='lat' dir='ltr'><strong>lunas</strong></span> <span class='ocrx_word' id='word_1_608' title='bbox 773 4267 896 4328; x_wconf 85' lang='lat' dir='ltr'><strong>enarrat,</strong></span> <span class='ocrx_word' id='word_1_609' title='bbox 911 4254 980 4314; x_wconf 90' lang='lat' dir='ltr'><strong>duo·</strong></span> <span class='ocrx_word' id='word_1_610' title='bbox 1034 4256 1141 4329; x_wconf 81' lang='grc' dir='ltr'>ἐποίησε</span> <span class='ocrx_word' id='word_1_611' title='bbox 1151 4265 1214 4324; x_wconf 84' lang='grc' dir='ltr'>ταῖς</span> <span class='ocrx_word' id='word_1_612' title='bbox 1225 4255 1278 4314; x_wconf 84' lang='grc' dir='ltr'>ὤν·</span> <span class='ocrx_word' id='word_1_613' title='bbox 1296 4256 1353 4315; x_wconf 89' lang='grc' dir='ltr'>ἀλλ’</span> <span class='ocrx_word' id='word_1_614' title='bbox 1375 4254 1402 4313; x_wconf 79' lang='grc' dir='ltr'>ἓν</span> <span class='ocrx_word' id='word_1_615' title='bbox 1421 4253 1588 4332; x_wconf 82' lang='grc' dir='ltr'>τοῦτομόνον</span> <span class='ocrx_word' id='word_1_616' title='bbox 1604 4230 1818 4361; x_wconf 46' lang='grc' dir='ltr'>ἐμαροθρησινᾷ,</span> 
     </span>
     <span class='ocr_line' id='line_1_51' title="bbox 232 4338 1820 4434; baseline -0.004 -21"><span class='ocrx_word' id='word_1_617' title='bbox 232 4354 346 4414; x_wconf 87' lang='lat' dir='ltr'><strong>dennem</strong></span> <span class='ocrx_word' id='word_1_618' title='bbox 368 4354 459 4434; x_wconf 91' lang='lat' dir='ltr'><strong>ipsum</strong></span> <span class='ocrx_word' id='word_1_619' title='bbox 482 4353 582 4412; x_wconf 87' lang='lat' dir='ltr'><strong>sedisse</strong></span> <span class='ocrx_word' id='word_1_620' title='bbox 604 4351 633 4411; x_wconf 91' lang='lat' dir='ltr'><strong>in</strong></span> <span class='ocrx_word' id='word_1_621' title='bbox 651 4342 745 4410; x_wconf 51' lang='lat' dir='ltr'><strong>¹medio</strong></span> <span class='ocrx_word' id='word_1_622' title='bbox 766 4348 918 4409; x_wconf 84' lang='lat' dir='ltr'><strong>doctorum·</strong></span> <span class='ocrx_word' id='word_1_623' title='bbox 932 4371 981 4409; x_wconf 86' lang='lat' dir='ltr'><strong>au·</strong></span> <span class='ocrx_word' id='word_1_624' title='bbox 1034 4351 1151 4423; x_wconf 76' lang='grc' dir='ltr'>Αουκᾶς,</span> <span class='ocrx_word' id='word_1_625' title='bbox 1166 4347 1207 4408; x_wconf 82' lang='grc' dir='ltr'><strong>ὅτι</strong></span> <span class='ocrx_word' id='word_1_626' title='bbox 1228 4345 1364 4414; x_wconf 75' lang='grc' dir='ltr'>ἐκαθέζετο</span> <span class='ocrx_word' id='word_1_627' title='bbox 1379 4344 1543 4417; x_wconf 74' lang='grc' dir='ltr'>δωδεκαέτης</span> <span class='ocrx_word' id='word_1_628' title='bbox 1561 4343 1597 4403; x_wconf 78' lang='grc' dir='ltr'>ὢν</span> <span class='ocrx_word' id='word_1_629' title='bbox 1610 4349 1664 4403; x_wconf 85' lang='grc' dir='ltr'>τῶν</span> <span class='ocrx_word' id='word_1_630' title='bbox 1688 4338 1820 4421; x_wconf 52' lang='grc' dir='ltr'><strong>διδασειάῃΙ</strong></span> 
     </span>
     <span class='ocr_line' id='line_1_52' title="bbox 232 4420 1804 4533; baseline -0.009 -25"><span class='ocrx_word' id='word_1_631' title='bbox 232 4447 359 4522; x_wconf 86' lang='lat' dir='ltr'><strong>dientem,</strong></span> <span class='ocrx_word' id='word_1_632' title='bbox 368 4460 395 4506; x_wconf 91' lang='lat' dir='ltr'><strong>et</strong></span> <span class='ocrx_word' id='word_1_633' title='bbox 403 4446 610 4526; x_wconf 76' lang='lat' dir='ltr'><strong>interrogatione</strong></span> <span class='ocrx_word' id='word_1_634' title='bbox 622 4466 672 4504; x_wconf 85' lang='lat' dir='ltr'><strong>sua</strong></span> <span class='ocrx_word' id='word_1_635' title='bbox 684 4441 878 4503; x_wconf 87' lang='lat' dir='ltr'><strong>admirandum</strong></span> <span class='ocrx_word' id='word_1_636' title='bbox 890 4442 982 4503; x_wconf 80' lang='lat' dir='ltr'><strong>visiun</strong></span> <span class='ocrx_word' id='word_1_637' title='bbox 1034 4443 1087 4500; x_wconf 90' lang='grc' dir='ltr'><strong>λων</strong></span> <span class='ocrx_word' id='word_1_638' title='bbox 1103 4437 1284 4520; x_wconf 80' lang='grc' dir='ltr'>ἀκροώμενος,</span> <span class='ocrx_word' id='word_1_639' title='bbox 1300 4438 1346 4497; x_wconf 79' lang='grc' dir='ltr'><strong>καλ</strong></span> <span class='ocrx_word' id='word_1_640' title='bbox 1365 4437 1409 4497; x_wconf 79' lang='grc' dir='ltr'><strong>διὰ</strong></span> <span class='ocrx_word' id='word_1_641' title='bbox 1418 4441 1467 4509; x_wconf 78' lang='grc' dir='ltr'><strong>τῆς</strong></span> <span class='ocrx_word' id='word_1_642' title='bbox 1481 4435 1634 4516; x_wconf 67' lang='grc' dir='ltr'>ἐρωτήσεως</span> <span class='ocrx_word' id='word_1_643' title='bbox 1649 4435 1733 4498; x_wconf 66' lang='lat' dir='ltr'><strong>ttoni</strong></span> <span class='ocrx_word' id='word_1_644' title='bbox 1747 4420 1804 4533; x_wconf 56' lang='lat' dir='ltr'><strong>”l</strong></span> 
     </span>
     <span class='ocr_line' id='line_1_53' title="bbox 231 4520 1817 4623; baseline -0.009 -21"><span class='ocrx_word' id='word_1_645' title='bbox 231 4543 323 4604; x_wconf 70' lang='lat' dir='ltr'><strong>tuisse.</strong></span> <span class='ocrx_word' id='word_1_646' title='bbox 346 4539 473 4619; x_wconf 78' lang='lat' dir='ltr'><strong>Alioquin</strong></span> <span class='ocrx_word' id='word_1_647' title='bbox 493 4553 585 4599; x_wconf 88' lang='lat' dir='ltr'><strong>autem</strong></span> <span class='ocrx_word' id='word_1_648' title='bbox 597 4539 657 4619; x_wconf 84' lang='lat' dir='ltr'><strong>jure</strong></span> <span class='ocrx_word' id='word_1_649' title='bbox 670 4559 702 4598; x_wconf 87' lang='lat' dir='ltr'><strong>ac</strong></span> <span class='ocrx_word' id='word_1_650' title='bbox 718 4537 814 4597; x_wconf 88' lang='lat' dir='ltr'><strong>merito</strong></span> <span class='ocrx_word' id='word_1_651' title='bbox 828 4558 881 4596; x_wconf 91' lang='lat' dir='ltr'><strong>uon</strong></span> <span class='ocrx_word' id='word_1_652' title='bbox 899 4537 982 4618; x_wconf 86' lang='lat' dir='ltr'><strong>ooepit</strong></span> <span class='ocrx_word' id='word_1_653' title='bbox 1035 4533 1135 4611; x_wconf 87' lang='grc' dir='ltr'>μαστδς</span> <span class='ocrx_word' id='word_1_654' title='bbox 1146 4523 1227 4592; x_wconf 77' lang='grc' dir='ltr'>εἶναι·</span> <span class='ocrx_word' id='word_1_655' title='bbox 1240 4529 1286 4589; x_wconf 79' lang='grc' dir='ltr'><strong>καί</strong></span> <span class='ocrx_word' id='word_1_656' title='bbox 1301 4530 1388 4596; x_wconf 82' lang='grc' dir='ltr'>ἄλλως</span> <span class='ocrx_word' id='word_1_657' title='bbox 1411 4527 1439 4588; x_wconf 78' lang='grc' dir='ltr'><strong>δὲ</strong></span> <span class='ocrx_word' id='word_1_658' title='bbox 1467 4527 1573 4596; x_wconf 79' lang='grc' dir='ltr'>εἰκότως</span> <span class='ocrx_word' id='word_1_659' title='bbox 1584 4527 1631 4588; x_wconf 78' lang='grc' dir='ltr'><strong>καί</strong></span> <span class='ocrx_word' id='word_1_660' title='bbox 1641 4527 1712 4589; x_wconf 71' lang='lat' dir='ltr'><strong>saed</strong></span> <span class='ocrx_word' id='word_1_661' title='bbox 1733 4520 1817 4623; x_wconf 50' lang='lat' dir='ltr'><strong>liqui</strong></span> 
     </span>
     <span class='ocr_line' id='line_1_54' title="bbox 232 4618 1772 4718; baseline -0.009 -21"><span class='ocrx_word' id='word_1_662' title='bbox 232 4637 259 4697; x_wconf 88' lang='lat' dir='ltr'><strong>in</strong></span> <span class='ocrx_word' id='word_1_663' title='bbox 273 4634 374 4718; x_wconf 89' lang='lat' dir='ltr'><strong>puerili</strong></span> <span class='ocrx_word' id='word_1_664' title='bbox 386 4646 463 4693; x_wconf 82' lang='lat' dir='ltr'><strong>aetate</strong></span> <span class='ocrx_word' id='word_1_665' title='bbox 485 4630 616 4690; x_wconf 82' lang='lat' dir='ltr'><strong>miracula</strong></span> <span class='ocrx_word' id='word_1_666' title='bbox 639 4631 729 4690; x_wconf 86' lang='lat' dir='ltr'><strong>edere.</strong></span> <span class='ocrx_word' id='word_1_667' title='bbox 747 4632 888 4690; x_wconf 88' lang='lat' dir='ltr'><strong>Putassent</strong></span> <span class='ocrx_word' id='word_1_668' title='bbox 908 4630 980 4690; x_wconf 89' lang='lat' dir='ltr'><strong>enim</strong></span> <span class='ocrx_word' id='word_1_669' title='bbox 1034 4630 1082 4686; x_wconf 81' lang='grc' dir='ltr'><strong>οὐκ</strong></span> <span class='ocrx_word' id='word_1_670' title='bbox 1094 4623 1192 4704; x_wconf 76' lang='grc' dir='ltr'>ἤρξατο</span> <span class='ocrx_word' id='word_1_671' title='bbox 1205 4627 1257 4683; x_wconf 82' lang='grc' dir='ltr'>τῶν</span> <span class='ocrx_word' id='word_1_672' title='bbox 1278 4619 1395 4700; x_wconf 89' lang='grc' dir='ltr'>σημείων</span> <span class='ocrx_word' id='word_1_673' title='bbox 1418 4624 1448 4680; x_wconf 79' lang='grc' dir='ltr'><strong>ἐκ</strong></span> <span class='ocrx_word' id='word_1_674' title='bbox 1467 4619 1576 4702; x_wconf 84' lang='grc' dir='ltr'>πρώτης</span> <span class='ocrx_word' id='word_1_675' title='bbox 1588 4620 1697 4692; x_wconf 85' lang='grc' dir='ltr'>ἡλικίας</span> <span class='ocrx_word' id='word_1_676' title='bbox 1710 4618 1772 4683; x_wconf 64' lang='lat' dir='ltr'><strong>title</strong></span> 
     </span>
     <span class='ocr_line' id='line_1_55' title="bbox 231 4702 1780 4805; baseline -0.012 -16"><span class='ocrx_word' id='word_1_677' title='bbox 231 4750 289 4789; x_wconf 86' lang='lat' dir='ltr'><strong>rem</strong></span> <span class='ocrx_word' id='word_1_678' title='bbox 301 4727 385 4797; x_wconf 68' lang='lat' dir='ltr'><strong>‚illam</strong></span> <span class='ocrx_word' id='word_1_679' title='bbox 406 4745 469 4786; x_wconf 82' lang='lat' dir='ltr'><strong>vere</strong></span> <span class='ocrx_word' id='word_1_680' title='bbox 489 4722 648 4805; x_wconf 82' lang='lat' dir='ltr'><strong>phantasma</strong></span> <span class='ocrx_word' id='word_1_681' title='bbox 669 4743 735 4782; x_wconf 86' lang='lat' dir='ltr'><strong>esse.</strong></span> <span class='ocrx_word' id='word_1_682' title='bbox 762 4723 834 4781; x_wconf 88' lang='lat' dir='ltr'><strong>Nam</strong></span> <span class='ocrx_word' id='word_1_683' title='bbox 847 4721 870 4781; x_wconf 88' lang='lat' dir='ltr'><strong>si</strong></span> <span class='ocrx_word' id='word_1_684' title='bbox 884 4721 920 4782; x_wconf 87' lang='lat' dir='ltr'><strong>de</strong></span> <span class='ocrx_word' id='word_1_685' title='bbox 932 4721 981 4781; x_wconf 87' lang='lat' dir='ltr'><strong>illo</strong></span> <span class='ocrx_word' id='word_1_686' title='bbox 1000 4733 1018 4780; x_wconf 83' lang='lat' dir='ltr'>B</span> <span class='ocrx_word' id='word_1_687' title='bbox 1035 4718 1179 4796; x_wconf 84' lang='grc' dir='ltr'>Ἐνόμισαν</span> <span class='ocrx_word' id='word_1_688' title='bbox 1194 4713 1264 4796; x_wconf 62' lang='grc' dir='ltr'><strong>αγδρ</strong></span> <span class='ocrx_word' id='word_1_689' title='bbox 1288 4712 1318 4772; x_wconf 82' lang='grc' dir='ltr'>ἀν</span> <span class='ocrx_word' id='word_1_690' title='bbox 1336 4710 1483 4792; x_wconf 83' lang='grc' dir='ltr'>φαντασίαν</span> <span class='ocrx_word' id='word_1_691' title='bbox 1498 4702 1565 4771; x_wconf 80' lang='grc' dir='ltr'>εἶναι</span> <span class='ocrx_word' id='word_1_692' title='bbox 1587 4712 1619 4773; x_wconf 83' lang='grc' dir='ltr'><strong>τδ</strong></span> <span class='ocrx_word' id='word_1_693' title='bbox 1637 4722 1780 4795; x_wconf 69' lang='grc' dir='ltr'>πρᾶγμαν</span> 
     </span>
     <span class='ocr_line' id='line_1_56' title="bbox 228 4803 1804 4902; baseline -0.01 -21"><span class='ocrx_word' id='word_1_694' title='bbox 228 4824 287 4902; x_wconf 90' lang='lat' dir='ltr'><strong>jam</strong></span> <span class='ocrx_word' id='word_1_695' title='bbox 299 4820 360 4880; x_wconf 77' lang='lat' dir='ltr'><strong>viro</strong></span> <span class='ocrx_word' id='word_1_696' title='bbox 374 4818 404 4878; x_wconf 89' lang='lat' dir='ltr'><strong>id</strong></span> <span class='ocrx_word' id='word_1_697' title='bbox 419 4815 498 4883; x_wconf 85' lang='lat' dir='ltr'><strong>multi</strong></span> <span class='ocrx_word' id='word_1_698' title='bbox 515 4813 645 4894; x_wconf 84' lang='lat' dir='ltr'><strong>suspicati</strong></span> <span class='ocrx_word' id='word_1_699' title='bbox 660 4826 735 4891; x_wconf 89' lang='lat' dir='ltr'><strong>sunt,</strong></span> <span class='ocrx_word' id='word_1_700' title='bbox 752 4812 838 4872; x_wconf 91' lang='lat' dir='ltr'><strong>multo</strong></span> <span class='ocrx_word' id='word_1_701' title='bbox 851 4813 937 4893; x_wconf 81' lang='lat' dir='ltr'><strong>magis</strong></span> <span class='ocrx_word' id='word_1_702' title='bbox 951 4813 982 4873; x_wconf 94' lang='lat' dir='ltr'><strong>id</strong></span> <span class='ocrx_word' id='word_1_703' title='bbox 1033 4809 1085 4892; x_wconf 70' lang='grc' dir='ltr'><strong>γὰρ</strong></span> <span class='ocrx_word' id='word_1_704' title='bbox 1105 4812 1131 4869; x_wconf 83' lang='grc' dir='ltr'>ἐν</span> <span class='ocrx_word' id='word_1_705' title='bbox 1148 4805 1241 4887; x_wconf 74' lang='grc' dir='ltr'>ἡλικία</span> <span class='ocrx_word' id='word_1_706' title='bbox 1252 4804 1391 4886; x_wconf 79' lang='grc' dir='ltr'>γενομένω</span> <span class='ocrx_word' id='word_1_707' title='bbox 1412 4804 1504 4865; x_wconf 78' lang='grc' dir='ltr'>πολλοί</span> <span class='ocrx_word' id='word_1_708' title='bbox 1528 4809 1604 4865; x_wconf 88' lang='grc' dir='ltr'>τοῦτο</span> <span class='ocrx_word' id='word_1_709' title='bbox 1625 4803 1804 4877; x_wconf 75' lang='grc' dir='ltr'>ὑπώπτευσεν,</span> 
     </span>
     <span class='ocr_line' id='line_1_57' title="bbox 232 4848 1841 4991; baseline -0.009 -17"><span class='ocrx_word' id='word_1_710' title='bbox 232 4911 423 4987; x_wconf 81' lang='lat' dir='ltr'><strong>credidissent,</strong></span> <span class='ocrx_word' id='word_1_711' title='bbox 435 4909 461 4991; x_wconf 83' lang='lat' dir='ltr'><strong>si</strong></span> <span class='ocrx_word' id='word_1_712' title='bbox 480 4905 629 4967; x_wconf 91' lang='lat' dir='ltr'><strong>admodum</strong></span> <span class='ocrx_word' id='word_1_713' title='bbox 640 4904 749 4987; x_wconf 86' lang='lat' dir='ltr'><strong>juvenis</strong></span> <span class='ocrx_word' id='word_1_714' title='bbox 764 4904 841 4985; x_wconf 80' lang='lat' dir='ltr'><strong>signa</strong></span> <span class='ocrx_word' id='word_1_715' title='bbox 855 4905 959 4965; x_wconf 86' lang='lat' dir='ltr'><strong>lecisset</strong></span> <span class='ocrx_word' id='word_1_716' title='bbox 967 4929 978 4983; x_wconf 64' lang='grc' dir='ltr'>ρ</span> <span class='ocrx_word' id='word_1_717' title='bbox 1033 4905 1123 4981; x_wconf 84' lang='grc' dir='ltr'>πολλῷ</span> <span class='ocrx_word' id='word_1_718' title='bbox 1136 4902 1246 4979; x_wconf 68' lang='grc' dir='ltr'>μᾶλλον,</span> <span class='ocrx_word' id='word_1_719' title='bbox 1262 4896 1306 4957; x_wconf 70' lang='lat' dir='ltr'><strong>etv</strong></span> <span class='ocrx_word' id='word_1_720' title='bbox 1320 4895 1455 4976; x_wconf 81' lang='grc' dir='ltr'>μειράκιον</span> <span class='ocrx_word' id='word_1_721' title='bbox 1471 4893 1508 4952; x_wconf 85' lang='grc' dir='ltr'>ὢν</span> <span class='ocrx_word' id='word_1_722' title='bbox 1518 4894 1616 4973; x_wconf 80' lang='grc' dir='ltr'>κομιδῇ</span> <span class='ocrx_word' id='word_1_723' title='bbox 1629 4848 1841 4976; x_wconf 60' lang='grc' dir='ltr'>ἐθαυμαναίΓἸ</span> 
     </span>
     <span class='ocr_line' id='line_1_58' title="bbox 231 4985 1792 5085; baseline -0.011 -20"><span class='ocrx_word' id='word_1_724' title='bbox 231 5020 258 5065; x_wconf 87' lang='lat' dir='ltr'><strong>et</strong></span> <span class='ocrx_word' id='word_1_725' title='bbox 271 5005 376 5066; x_wconf 84' lang='lat' dir='ltr'><strong>invidia</strong></span> <span class='ocrx_word' id='word_1_726' title='bbox 394 4999 509 5085; x_wconf 87' lang='lat' dir='ltr'><strong>permoti</strong></span> <span class='ocrx_word' id='word_1_727' title='bbox 523 5001 613 5080; x_wconf 88' lang='lat' dir='ltr'><strong>ipsum</strong></span> <span class='ocrx_word' id='word_1_728' title='bbox 626 4998 707 5058; x_wconf 88' lang='lat' dir='ltr'><strong>eitius</strong></span> <span class='ocrx_word' id='word_1_729' title='bbox 723 5010 749 5056; x_wconf 88' lang='lat' dir='ltr'><strong>et</strong></span> <span class='ocrx_word' id='word_1_730' title='bbox 766 5010 827 5057; x_wconf 88' lang='lat' dir='ltr'><strong>ante</strong></span> <span class='ocrx_word' id='word_1_731' title='bbox 847 4997 978 5058; x_wconf 85' lang='lat' dir='ltr'><strong>eonstitu-</strong></span> <span class='ocrx_word' id='word_1_732' title='bbox 1033 5019 1088 5077; x_wconf 68' lang='grc' dir='ltr'>γει,</span> <span class='ocrx_word' id='word_1_733' title='bbox 1110 4993 1156 5053; x_wconf 83' lang='grc' dir='ltr'><strong>καλ</strong></span> <span class='ocrx_word' id='word_1_734' title='bbox 1177 4997 1269 5051; x_wconf 72' lang='grc' dir='ltr'>θᾶττον</span> <span class='ocrx_word' id='word_1_735' title='bbox 1286 4987 1373 5048; x_wconf 77' lang='grc' dir='ltr'>δὲκαὶ</span> <span class='ocrx_word' id='word_1_736' title='bbox 1394 4986 1446 5068; x_wconf 89' lang='grc' dir='ltr'><strong>πρδ</strong></span> <span class='ocrx_word' id='word_1_737' title='bbox 1461 4992 1506 5047; x_wconf 93' lang='grc' dir='ltr'><strong>τοῦ</strong></span> <span class='ocrx_word' id='word_1_738' title='bbox 1525 4985 1708 5068; x_wconf 69' lang='grc' dir='ltr'>προσήκοντος</span> <span class='ocrx_word' id='word_1_739' title='bbox 1719 4988 1792 5069; x_wconf 77' lang='grc' dir='ltr'>καιρί</span> 
     </span>
     <span class='ocr_line' id='line_1_59' title="bbox 231 5077 1811 5178; baseline -0.016 -19"><span class='ocrx_word' id='word_1_740' title='bbox 231 5114 290 5158; x_wconf 88' lang='lat' dir='ltr'><strong>turn</strong></span> <span class='ocrx_word' id='word_1_741' title='bbox 302 5113 408 5178; x_wconf 88' lang='lat' dir='ltr'><strong>tempus</strong></span> <span class='ocrx_word' id='word_1_742' title='bbox 421 5097 449 5155; x_wconf 92' lang='lat' dir='ltr'><strong>in</strong></span> <span class='ocrx_word' id='word_1_743' title='bbox 464 5114 573 5154; x_wconf 86' lang='lat' dir='ltr'><strong>crucem</strong></span> <span class='ocrx_word' id='word_1_744' title='bbox 585 5092 701 5172; x_wconf 80' lang='lat' dir='ltr'><strong>egissent</strong></span> <span class='ocrx_word' id='word_1_745' title='bbox 713 5115 719 5148; x_wconf 92' lang='lat'>:</span> <span class='ocrx_word' id='word_1_746' title='bbox 732 5105 811 5170; x_wconf 89' lang='lat' dir='ltr'><strong>atque</strong></span> <span class='ocrx_word' id='word_1_747' title='bbox 825 5091 863 5151; x_wconf 90' lang='lat' dir='ltr'><strong>ita</strong></span> <span class='ocrx_word' id='word_1_748' title='bbox 882 5113 924 5152; x_wconf 87' lang='lat' dir='ltr'><strong>res</strong></span> <span class='ocrx_word' id='word_1_749' title='bbox 942 5092 979 5152; x_wconf 86' lang='lat' dir='ltr'><strong>ad</strong></span> <span class='ocrx_word' id='word_1_750' title='bbox 1035 5088 1078 5149; x_wconf 75' lang='grc' dir='ltr'><strong>ἐπὶ</strong></span> <span class='ocrx_word' id='word_1_751' title='bbox 1091 5087 1135 5146; x_wconf 87' lang='grc' dir='ltr'>τδν</span> <span class='ocrx_word' id='word_1_752' title='bbox 1150 5084 1260 5163; x_wconf 85' lang='grc' dir='ltr'>σταυρδν</span> <span class='ocrx_word' id='word_1_753' title='bbox 1271 5081 1399 5162; x_wconf 79' lang='grc' dir='ltr'>ὥρμησαν</span> <span class='ocrx_word' id='word_1_754' title='bbox 1415 5079 1456 5153; x_wconf 78' lang='grc' dir='ltr'>ἂν,</span> <span class='ocrx_word' id='word_1_755' title='bbox 1470 5083 1503 5156; x_wconf 80' lang='grc' dir='ltr'><strong>τῇ</strong></span> <span class='ocrx_word' id='word_1_756' title='bbox 1517 5077 1651 5162; x_wconf 72' lang='grc' dir='ltr'>βασκανία</span> <span class='ocrx_word' id='word_1_757' title='bbox 1661 5077 1811 5159; x_wconf 70' lang='grc' dir='ltr'>πηαάρινιο</span> 
     </span>
    </p>
   </div>
   <div class='ocr_carea' id='block_1_8' title="bbox 266 5257 1379 5331">
    <p class='ocr_par' dir='ltr' id='par_1_14' title="bbox 266 5257 1379 5331">
     <span class='ocr_line' id='line_1_60' title="bbox 266 5257 1379 5331; baseline -0.016 -8"><span class='ocrx_word' id='word_1_758' title='bbox 266 5275 278 5311; x_wconf 76' lang='lat'><strong>¹³</strong></span> <span class='ocrx_word' id='word_1_759' title='bbox 290 5271 376 5322; x_wconf 77' lang='lat' dir='ltr'><strong>llorel.</strong></span> <span class='ocrx_word' id='word_1_760' title='bbox 388 5269 455 5322; x_wconf 91' lang='lat' dir='ltr'><strong>solus</strong></span> <span class='ocrx_word' id='word_1_761' title='bbox 466 5278 569 5331; x_wconf 71' lang='grc' dir='ltr'>πάντων,</span> <span class='ocrx_word' id='word_1_762' title='bbox 586 5266 658 5318; x_wconf 88' lang='lat' dir='ltr'><strong>male.</strong></span> <span class='ocrx_word' id='word_1_763' title='bbox 1072 5279 1082 5302; x_wconf 72' lang='grc' dir='ltr'>ἰ</span> <span class='ocrx_word' id='word_1_764' title='bbox 1094 5257 1181 5314; x_wconf 82' lang='lat' dir='ltr'><strong>llorel.</strong></span> <span class='ocrx_word' id='word_1_765' title='bbox 1192 5265 1237 5328; x_wconf 71' lang='grc' dir='ltr'><strong>γὰρ</strong></span> <span class='ocrx_word' id='word_1_766' title='bbox 1250 5261 1379 5325; x_wconf 79' lang='grc' dir='ltr'>ραντασὶαν.</span> 
     </span>
    </p>
   </div>
   <div class='ocr_carea' id='block_1_9' title="bbox 0 0 1884 5940">
    <p class='ocr_par' dir='ltr' id='par_1_15' title="bbox 0 0 1884 5940">
     <span class='ocr_line' id='line_1_61' title="bbox 0 0 1884 5940; baseline 0 0"><span class='ocrx_word' id='word_1_767' title='bbox 0 0 1884 5940; x_wconf 95' lang='lat' dir='ltr'><strong> </strong></span> 
     </span>
    </p>
   </div>
  </div>
 </body>
</html>
