3750 5940
227 395 292 467 170
573 393 602 442 S.
629 392 768 441 tonttttts
792 390 976 439 CHRYSOST.
999 390 1153 439 ARCHIEP.
1180 391 1451 441 consumunmt.

221 516 358 591 abcuntes,
368 514 466 576 divites
484 536 621 596 apparere,
637 513 746 593 quando
757 535 810 575 non
824 513 871 573 hic
886 533 968 595 pecu·
1024 538 1067 581 τες
1087 515 1249 596 μυστηρίων,
1269 517 1367 598 χρυσὸν
1391 515 1438 576 καὶ
1452 514 1625 596 ἄργυρον-καί
1647 514 1736 583 λίθους
1761 540 1796 576 τι·

200 595 969 688 ¹niasruliqucrimus,sedadtutosillosthesaurosttans·
1025 606 1100 683 μίους
1123 608 1339 688 οίκοδομνίσωμεν
1363 607 1408 668 tat
1430 607 1475 667 τὸν
1496 605 1628 686 θεμίλιον.
1650 606 1732 667 Οθαω
1751 609 1799 689 γάρ

221 700 375 760 miserimus
383 721 431 780 per
443 721 539 760 manus
552 720 716 781 pauperum,
734 696 842 779 quando
861 695 969 783 Christo
1025 699 1188 779 δυνησόμεθα
1209 700 1365 768 ἀπελθόντες
1380 702 1435 760 ἐκεῖ
1449 705 1564 781 φανῆναι
1587 699 1725 774 πλούσιοι,
1738 700 1798 761 ὅταν

222 805 347 852 mutuum
357 790 520 853 dederimus.
533 792 622 852 Multa
636 790 766 850 dehemus
782 788 848 864 illic,
859 808 912 865 non
923 808 969 867 pe-
1025 789 1062 867 μὴ
1074 794 1185 851 ἐνταῦθα
1195 791 1323 873 χρήματα
1336 789 1551 871 καταλείψομεν,
1567 790 1637 852 ἀλλὰ
1657 792 1801 870 μετακομί-

222 883 381 959 cunias,sed
393 897 510 966 peccata.
520 885 619 943 Mutuo
633 881 768 962 igiturilli
782 879 908 963 pecunias
922 876 969 937 de·
1025 906 1113 959 οωμεν
1127 882 1192 964 πρὸς
1212 882 1272 951 τοδε
1292 881 1403 949 dechor<
1419 881 1564 964 θησαυρυδς
1583 880 1629 941 διδ
1643 886 1698 942 τῶν
1708 887 1802 966 χειρῶν

221 995 292 1052 mus,
302 990 332 1034 ut
344 975 710 1056 impetremusremissionem
719 986 897 1053 peccatorum.
908 971 969 1050 lpse
1024 977 1076 1033 τῶν
1094 973 1230 1046 πενήτων·
1244 973 1308 1035 ὅταν
1329 973 1490 1053 δανείσωμεν
1513 978 1553 1054 τῷ
1574 976 1695 1056 Χριστῷ.
1713 975 1803 1037 [totta

222 1066 294 1125 enim
319 1066 426 1147 estqui
446 1066 559 1148 judicat.
576 1068 617 1127 Ne
629 1065 809 1149 despiciamus
831 1066 910 1127 illurn
923 1069 969 1128 hic
1025 1063 1162 1145 ὀφείλομεν
1177 1067 1245 1138 ίκεῖ,
1262 1065 1448 1147 οὐχρήματα,
1467 1067 1526 1125 ἀλλ’
1542 1065 1803 1148 ἁμαρτήματαδι-

222 1159 390 1236 esurientem,
407 1173 476 1218 utet
490 1159 547 1240 ipse
559 1181 607 1219 nos
625 1159 663 1219 ibi
678 1160 787 1219 nutriat.
802 1158 855 1218 Hic
870 1158 969 1219 indua·
987 1174 1007 1220 1)
1024 1156 1152 1236 νιίσωμεν
1165 1156 1251 1216 τοίνυν
1266 1159 1339 1239 αὐτῷ
1353 1157 1500 1239 χρήματα·
1516 1155 1560 1217 ίνα
1573 1156 1702 1236 λάὸωμεν
1719 1157 1801 1238 ἁμαρ-

223 1271 284 1310 mus
299 1251 398 1332 ipsum,
407 1266 438 1310 ut
447 1272 498 1310 non
512 1252 644 1331 relinquat
659 1273 708 1312 nos
719 1250 807 1311 nudos
820 1251 970 1332 patrocinio
1024 1245 1152 1325 πημάτων
1166 1245 1343 1329 συγχώρησιν.
1356 1249 1438 1318 nost<
1449 1249 1501 1329 γάρ
1513 1252 1583 1311 ἐστιν
1593 1247 1744 1318 θδυιάζων.
1757 1249 1801 1323 lli

224 1363 281 1400 suo.
291 1341 376 1402 Si'hic
384 1343 425 1400 illi
434 1357 529 1422 potum
538 1342 701 1418 dederimus,
712 1363 764 1402 non
775 1341 896 1401 dicemus
908 1364 971 1402 cum
1025 1339 1185 1422 περιίδωμεν
1202 1340 1280 1400 αῦτδν
1300 1344 1412 1402 ἐνταῦθα
1431 1346 1581 1416 πεινῶντα,
1594 1340 1639 1401 ἵνα
1661 1341 1710 1402 καλ
1729 1341 1803 1412 «hehe

75 1442 213 1508 μασθαι.
225 1433 312 1494 divite
328 1458 335 1491 t
352 1437 439 1493 Mitte
453 1437 611 1508 lazarum,
626 1447 657 1493 ut
672 1439 800 1515 intingat
811 1448 971 1494 extremum
1026 1431 1081 1489 ἐκεῖ
1091 1435 1163 1507 ἡμᾶς
1181 1422 1319 1512 διαθρίψῃ.
1338 1432 1470 1492 Ἐνταῦθα
1487 1432 1639 1511 ἐνδώσωμιν
1661 1432 1802 1507 &Mes

224 1527 310 1605 digiti
326 1531 372 1585 ειιί
386 1530 419 1585 in
436 1547 531 1607 aqua,
550 1539 581 1586 ut
596 1528 747 1608 refrigeret
766 1527 899 1606 linguam
920 1547 971 1585 no-
1027 1519 1065 1599 μῆ
1080 1525 1134 1601 ἀφῇ
1150 1526 1222 1599 ἡμᾶς
1232 1520 1346 1601 petet<
1359 1528 1407 1596 τῆς
1417 1523 1562 1602 ἀσφαλείας
1578 1529 1626 1596 τῆς
1636 1527 1703 1607 παρ’
1716 1526 1803 1585 αι’νταῦ.

223 1631 317 1677 stram
336 1619 484 1678 adustam.
507 1618 538 1678 si
555 1619 601 1677 hic
621 1640 684 1678 eum
704 1617 778 1677 domi
797 1617 972 1699 accipiamus,
1026 1612 1092 1674 Ἐὰν
1106 1616 1217 1675 ίνταῦθα
1231 1615 1309 1675 αῦτδν
1320 1616 1482 1694 ποτίσωμεν,
1493 1620 1541 1678 οὐκ
1554 1621 1666 1700 ίροῦμαν
1678 1615 1751 1678 κατα
1761 1616 1804 1679 etv

222 1709 281 1769 illic
302 1710 402 1771 multas
423 1711 501 1772 nobis
518 1711 624 1792 parabit
644 1710 803 1771 mansiones.
816 1709 845 1770 si
865 1709 972 1769 invisa·
1027 1703 1161 1777 πλαίσιον,
1173 1706 1286 1786 Πίμψον
1312 1707 1444 1790 Λάζαρον,
1464 1707 1508 1769 ἵνα
1531 1709 1607 1791 ἄκρῳ
1623 1713 1666 1792 τῷ
1685 1706 1805 1790 &wilto

223 1821 284 1860 mus
295 1823 357 1861 enm
368 1801 396 1861 in
412 1823 517 1861 carcere
530 1800 687 1873 detentum,
701 1801 759 1882 ipse
771 1821 878 1880 qunque
894 1820 943 1860 nos
956 1823 972 1861 a
1029 1795 1156 1877 ίπιοτάὶῃ
1170 1795 1322 1879 2'dtlt'm'tt
1335 1803 1413 1877 δμῶ’
1423 1799 1681 1881 ἀπθΐθγανῑζθμένςι·
1692 1797 1760 1861 ’ὒν
1769 1803 1807 1861 l*

222 1892 339 1953 vinculis
349 1890 484 1952 liberabit.
494 1893 524 1954 Si
536 1892 616 1952 illum
629 1892 763 1973 hospitem
775 1891 969 1972 exceperimus,
1026 1892 1110 1947 ταῦθα
1131 1890 1168 1956 είς
1188 1887 1236 1955 τὰς
1261 1888 1345 1957 οἰκίας
1363 1894 1440 1968 ἡμῶν
1467 1893 1543 1952 αὐτὸν
1558 1890 1735 1972 ⁵⁸⁶5»th
1755 1895 1807 1953 Η

223 2005 276 2043 non
289 1982 418 2065 despiciet
428 1984 542 2065 nos,qui
556 1983 692 2065 peregrini
703 1997 729 2043 et
744 1983 864 2063 hospites
877 2002 971 2041 sumus
1027 1976 1127 2045 πολλὰς
1151 1980 1348 2059 παρασκευάσει
1370 1979 1451 2058 μονδις
1472 1987 1547 2060 ἡμῖν.
1562 1981 1631 2044 Ἐὰν
1650 1981 1808 2063 ἀπίλθιιμιν

224 2073 347 2153 innegno
367 2075 505 2152 caelorum,
518 2076 567 2136 sed
583 2096 705 2156 superna
728 2073 846 2135 civitatis
865 2093 973 2133 oonsor-
1027 2069 1092 2150 πρδε
1106 2071 1430 2152 αι’ντδνίνρυλακῇδντα,
1448 2075 1494 2135 καὶ
1508 2076 1673 2156 αῦτδςὴμᾶς
1686 2074 1807 2137 auttat·
1844 2098 1846 2105 ·

101 2229 104 2235 ,
224 2181 264 2226 tes
278 2165 379 2226 reddet.
393 2168 424 2226 Si
436 2167 577 2227 infirmum
588 2168 668 2227 illum
684 2167 844 2240 invisamus‚
856 2165 910 2224 cito
924 2185 974 2225 nos
991 2181 1009 2228 n
1028 2158 1066 2229 lu
1087 2164 1140 2220 τῶν
1157 2162 1270 2240 δεσμῶν·
1291 2162 1357 2224 Ἐὰν
1381 2163 1450 2233 ξένον
1471 2166 1535 2227 ὄντα
1557 2167 1764 2248 συναγάγωμεν,
1778 2168 1807 2228 ὁ

225 2257 273 2316 ille
284 2256 413 2316 liberabit
422 2259 458 2318 ab
469 2258 673 2318 infirmitatibus
686 2257 793 2317 nostris.
801 2259 840 2317 Ut
853 2277 916 2335 ergo
926 2258 974 2336 qui
1027 2250 1183 2332 περιθθεταῑ
1197 2252 1281 2321 ξένοις
1293 2259 1366 2333 ἡμᾶς
1386 2256 1463 2326 ὄντας
1479 2263 1528 2331 τῆς
1543 2258 1683 2337 βασιλείας
1697 2260 1754 2319 τῶν
1766 2259 1807 2321 αθ·

225 2369 324 2428 magna
344 2369 394 2429 pro
411 2350 503 2430 parvis
521 2350 601 2409 donis
619 2349 793 2430 accipiamus,
813 2349 909 2408 saltem
927 2348 975 2407 illa
1030 2345 1125 2424 μανῶν,
1140 2343 1209 2404 ἀλλὰ
1235 2345 1382 2424 μεταδώσει
1395 2354 1460 2428 ἡμῖν
1480 2356 1529 2424 τῆς
1551 2351 1658 2419 πόλεως
1675 2354 1727 2424 τῆς
1745 2349 1805 2411 bu.

226 2440 326 2519 exigua
339 2441 444 2515 demus,
453 2454 483 2499 ut
496 2440 616 2500 maxima
628 2461 785 2500 mercemur.
801 2442 875 2499 Dum
885 2439 975 2501 adhuc
1027 2435 1093 2495 Ἐδιν
1104 2440 1199 2509 ἀσθενῆ
1213 2437 1275 2497 ὄντα
1289 2440 1512 2521 ἐπισκεψώμεθα,
1523 2443 1630 2525 ταχίωε
1640 2440 1806 2524 ἐλωθερῦεΙ

226 2543 334 2612 tempus
349 2544 399 2609 est,
418 2531 589 2609 seminemus,
603 2545 633 2592 ut
648 2545 791 2591 metamus.
815 2532 884 2591 Cum
900 2532 973 2591 enim
1028 2528 1159 2605 ἡμᾶςκαὶ
1174 2529 1251 2598 atet<
1265 2535 1318 2591 τῶν
1332 2534 1472 2595 ἀσθενειῶν
1481 2540 1568 2614 ἡμῶν.
1580 2536 1628 2604 Ὡς
1642 2526 1688 2597 ὧν
1705 2534 1807 2616 μιγάδα

224 2621 313 2683 hierus
328 2623 476 2699 advenerit,
488 2645 551 2684 curn
571 2645 644 2684 mare
661 2644 714 2683 non
736 2623 806 2682 ultra
821 2623 975 2704 navigabile
984 2672 1020 2715 m
1029 2617 1208 2697 λαμθάνοντεε
1228 2622 1274 2681 καί
1289 2622 1373 2706 μικρὰ
1387 2624 1501 2695 διδόντες
1507 2673 1516 2703 ,
1536 2627 1586 2688 xlv
1599 2627 1635 2688 cl
1658 2626 1745 2712 ματρὶ
1760 2628 1808 2689 ἃ·
1841 2670 1844 2676 .

226 2715 358 2793 erit,tunc
368 2737 421 2775 non
437 2737 516 2796 penes
527 2737 576 2776 nos
589 2716 640 2776 erit
650 2715 791 2794 negotiari.
801 2715 856 2776 Sed
868 2716 975 2795 prande
993 2728 1014 2774 Α
1031 2734 1089 2788 μιν,
1103 2709 1146 2769 ἵνα
1163 2711 1387 2795 ἐμπορευσόμεθα
1396 2716 1431 2778 τὰ
1452 2718 1567 2798 μεγάλα.
1578 2717 1630 2787 Ὦς
1650 2719 1692 2781 tn
1706 2717 1807 2801 κειμδε,

227 2807 288 2866 erit·
301 2807 408 2867 hicum?
418 2808 488 2868 Cum
511 2806 650 2867 advenerit
674 2805 732 2866 dies
749 2805 797 2865 itte
818 2827 930 2887 magnus
950 2821 976 2866 et
1031 2801 1190 2884 σπείρωμεν,
1208 2802 1252 2864 ἵνα
1271 2805 1427 2886 ἀμήσωμεν.
1441 2807 1531 2870 Ὅταν
1544 2810 1675 2893 θχειμών
1688 2809 1809 2873 muta-

228 2899 398 2980 conspicuus.
417 2900 496 2978 Tunc
513 2899 584 2959 enim
607 2919 660 2958 non
680 2897 731 2958 hoc
754 2919 828 2957 mare
847 2919 976 2979 magnum
1031 2894 1083 2975 6η,
1095 2895 1159 2956 ὅταν
1172 2902 1190 2969 ἡ
1202 2896 1323 2958 θαλασσα
1336 2903 1383 2960 οὐκ
1398 2901 1437 2961 ἔτι
1450 2903 1579 2979 πλάηπαι,
1599 2907 1648 2964 οῦκ
1668 2903 1712 2965 ίτι
1724 2902 1807 2986 adpo·

228 3006 255 3052 et
266 2993 414 3074 spatiosum
425 2992 615 3072 navigabimus
628 3015 635 3048 ι
651 2990 720 3050 mari
733 3011 849 3070 namque
860 3012 977 3072 presens
1032 2985 1103 3058 *vit
1113 2986 1242 3068 ίμπορίαι
1255 2989 1345 3068 ἐσμέν.
1358 2991 1428 3052 Πότε
1443 2992 1471 3053 δὲ
1484 2994 1584 3056 texant
1594 2978 1808 3078 ttttw'rtt'ffi

227 3083 285 3144 vita
308 3083 405 3144 similis
424 3097 474 3144 est.
492 3085 572 3144 Nunc
591 3081 696 3143 serendi
718 3095 826 3165 tempus
847 3097 896 3158 est,
911 3098 976 3144 tunc
1031 3077 1314 3158 ἡήμίραέπισταίηὴ
1328 3083 1431 3163 μεγάλη
1443 3085 1504 3146 τότε
1516 3086 1604 3160 ἐκείνη
1615 3086 1809 3169 καὶθπιρανίιζ

231 3176 348 3236 metendi
371 3190 397 3236 et
422 3175 555 3236 lucrandi.
573 3176 604 3235 si
624 3175 686 3254 quis
713 3174 839 3234 sementis
856 3188 977 3256 tempore
1031 3171 1100 3232 Τότε
1117 3172 1169 3254 γὰρ
1189 3176 1235 3233 οὐκ
1248 3173 1288 3233 ἔτι
1308 3175 1476 3255 πλευσόμεθα
1494 3177 1542 3252 τὴν
1559 3179 1806 3253 θάλασσανταώτῃ

229 3267 331 3326 semina
344 3287 397 3326 nou
413 3266 524 3346 jecerit,
541 3266 564 3324 si
586 3280 706 3345 tempore
725 3265 821 3325 messis
844 3279 913 3325 serat
934 3267 976 3325 in·
1030 3263 1078 3337 τὴν
1090 3267 1208 3346 μεγάλην
1219 3267 1265 3326 καί
1279 3265 1537 3352 εὖριίχωρω·ταώτῃ
1552 3271 1808 3355 γδιρθπαρὺιδιιι

230 3359 340 3434 utiliter,
352 3380 415 3418 sane
438 3357 572 3416 ridiculus
592 3358 651 3416 erit.
670 3357 700 3416 si
732 3355 837 3416 serendi
856 3357 891 3415 sit
908 3372 976 3416 tem·
1033 3355 1095 3434 βίος.
1117 3359 1172 3416 Νῦν
1188 3361 1203 3416 θ
1217 3363 1263 3418 τοῦ
1285 3369 1392 3438 σπεῖραι
1406 3364 1513 3444 καιρὸς,
1528 3363 1589 3424 τάτε
1602 3368 1617 3424 θ
1630 3371 1678 3426 τοῦ
1692 3368 1808 3444 dolah

230 3471 297 3529 pus,
327 3470 380 3509 non
403 3450 461 3530 jam
480 3447 674 3528 colligendum,
694 3447 743 3506 sed
761 3446 904 3508 serendum
926 3462 974 3508 cst.
1030 3448 1076 3507 καὶ
1088 3448 1243 3529 κερδαίνειν.
1258 3450 1324 3510 Ἐάν
1338 3475 1379 3519 τις
1393 3455 1420 3512 ίν
1436 3458 1474 3535 τῷ
1490 3459 1576 3537 καιρῷ
1594 3463 1643 3518 τοῦ
1659 3450 1808 3538 eademst

230 3541 424 3621 Dispergamus
443 3540 526 3621 igitur
549 3553 579 3599 ut
602 3538 775 3619 colligamu53
791 3561 824 3598 ne
839 3539 898 3621 jam
918 3540 974 3600 ool·
1032 3541 1172 3621 καταὸάλῃ
1196 3541 1354 3624 σπέρματα,
1378 3547 1405 3604 ἐν
1427 3546 1523 3628 ἀμήτιρ
1542 3546 1671 3630 σπείρων,
1688 3549 1809 3631 aspice}

229 3631 314 3712 ligere
332 3646 493 3712 satagamus,
502 3653 536 3691 ne
545 3652 657 3691 messem
671 3630 824 3712 perdamus.
841 3635 911 3692 Nam
924 3632 976 3692 hoc
1031 3630 1113 3709 μηδὲν
1136 3632 1221 3693 ἀνύειν
1244 3634 1290 3693 καὶ
1304 3634 1503 3715 καταγέλαστος
1517 3639 1601 3699 ἔσται.
1617 3641 1654 3699 El
1666 3639 1697 3701 dl
1716 3638 1809 3720 πάρα

228 3735 346 3803 tempus,
359 3722 468 3799 utdixi,
483 3722 520 3781 ad
537 3721 681 3782 serendum
695 3736 798 3797 evocat,
818 3737 844 3782 et
864 3723 900 3783 ad
912 3743 974 3782 eru-
1030 3723 1100 3784 ἐοτλν
1115 3727 1129 3782 θ
1143 3722 1235 3806 παρὼν
1251 3725 1360 3806 καιρὸς,
1383 3730 1412 3786 οῦ
1433 3736 1480 3790 τοῦ
1495 3730 1640 3807 συλλέγειν,
1659 3730 1732 3793 ἀλλὰ
1745 3732 1808 3793 τεῦ·

229 3814 359 3894 gaudum,
376 3836 429 3875 non
451 3815 486 3875 ad
507 3813 689 3894 colligendum
715 3828 742 3873 et
765 3814 973 3876 recondendum.
993 3827 1010 3874 n
1029 3816 1178 3896 σκορπίζειν
1191 3818 1282 3898 καιρὸς
1294 3817 1325 3876 ἂν
1341 3818 1382 3891 είη
1395 3821 1497 3881 λοιπόν.
1511 3822 1809 3904 Σκορπίαωμεντοίεεε,

230 3908 272 3967 Ne
288 3907 381 3987 itaque
402 3906 630 3988 opportunitatem
650 3905 815 3983 amittamus,
837 3906 884 3967 sed
897 3907 976 3966 uber·
1029 3906 1073 3968 ίνα
1089 3909 1296 3989 συναγάγωμεν·
1322 3909 1359 3987 μὴ
1386 3915 1558 3992 βουληθῶμεν
1580 3924 1741 3996 συναγαγεῖν
1758 3920 1808 3987 νῦν,

230 3999 280 4058 tim
300 4019 389 4059 semen
400 3998 543 4079 jaciamus,
562 4018 611 4057 nec
631 3996 672 4056 rei
687 3995 816 4056 familiari
829 3997 977 4058 ullomodo
1029 3999 1072 4062 ive
1094 4000 1133 4079 ph
1154 4001 1198 4060 τὸν
1215 4000 1318 4079 ἀμητὸν
1344 4002 1528 4084 ἀπολέσωμεν.
1548 3995 1636 4073 Οὗτος
1654 4005 1724 4086 γδρ,
1746 4004 1808 4086 ὅπερ

229 4111 383 4172 parcamus,
406 4103 436 4148 nt
455 4110 514 4149 eam
538 4110 601 4148 cum
625 4108 724 4167 magno
746 4088 908 4170 recipiamus
928 4091 977 4150 loe-
1029 4095 1104 4174 ἕρην,
1123 4097 1137 4152 θ
1154 4094 1246 4174 καιρὸς
1264 4093 1309 4153 ἐπὶ
1333 4094 1364 4153 τδ
1384 4094 1502 4178 σπείρειν
1525 4099 1616 4172 καλεῖ,
1629 4097 1678 4158 καὶ
1693 4100 1808 4179 δαπανᾷ

230 4202 303 4257 note,
322 4183 409 4264 gratia
431 4195 458 4241 et
481 4180 648 4262 benignitate
666 4180 778 4240 Domini
801 4181 886 4241 nostri
912 4185 977 4244 Jesu
1030 4186 1076 4245 καλ
1088 4179 1248 4259 ἀναλίσκειν,
1259 4189 1306 4246 οὐκ
1320 4186 1406 4246 luith
1419 4188 1555 4269 συλλέγειν
1569 4191 1617 4251 καὶ
1631 4189 1809 4253 ἀποτίθεσθαι

232 4275 350 4352 Christi,
374 4275 486 4354 quicum
508 4273 582 4333 Patri
609 4272 712 4353 gloria,
735 4293 840 4352 unaque
862 4274 977 4354 Spiritui
1032 4278 1080 4351 Μὴ
1091 4276 1176 4338 τοίνυν
1188 4278 1327 4358 προθῶμεν
1340 4276 1388 4350 τὴν
1407 4279 1551 4361 εὐκαιρίαν,
1565 4279 1636 4341 ἀλλὰ
1654 4280 1755 4362 δαψιλῆ
1767 4279 1810 4343 ’ὧι

232 4379 333 4442 sancto,
344 4366 372 4424 in
386 4364 482 4425 saecula
493 4363 662 4424 seculorum.
681 4367 775 4423 Arnen.
1033 4369 1129 4451 σπόρον
1145 4369 1350 4448 καταὸάλωμεν,
1363 4369 1410 4428 καὶ
1423 4372 1533 4449 μηδενὸς
1543 4370 1699 4453 ρεισάνμιθα
1708 4376 1762 4434 τῶν
1771 4370 1810 4433 ία-

1033 4464 1085 4537 δον,
1098 4461 1143 4521 ἵνα
1158 4460 1226 4540 μετδι
1245 4465 1346 4534 πολλῆς
1369 4463 1436 4522 αὐτὰ
1449 4463 1629 4542 άπαλάὸωμεν
1641 4469 1691 4537 τῆς
1702 4464 1812 4529 huald-
1832 4459 1835 4465 ’

1034 4578 1115 4628 σεως,
1128 4554 1221 4636 χάριτι
1235 4555 1280 4613 καὶ
1292 4553 1478 4635 φιλανθρωπίᾳ
1494 4563 1540 4617 τοῦ
1551 4556 1653 4639 Κυρίω
1660 4561 1744 4637 ἡμῶν
1755 4557 1812 4631 Ἰη-

1034 4652 1080 4706 eut
1102 4646 1232 4724 Χριστοῦ,
1256 4647 1313 4723 μεθ’
1337 4635 1366 4705 οὗ
1386 4649 1425 4726 τῷ
1446 4648 1536 4730 Πατρλ
1555 4654 1573 4721 ἡ
1595 4647 1815 4731 δόξῃ-ἅγιά

1034 4735 1102 4816 ἁγίῳ
1117 4735 1271 4814 Πνειίματι,
1286 4739 1322 4805 είς
1336 4736 1397 4806 τοὺς
1412 4741 1509 4807 αίῶνας
1519 4744 1573 4800 τῶν
1592 4740 1711 4803 αἰώνων.
1723 4741 1815 4822 Ἀμήν.

267 4922 374 4978 bStvil.
391 4927 561 4989 ῦποδαξώμεθα.
1042 4921 1092 4971 705
1104 4927 1183 4989 ίπιατῇ
1192 4936 1240 4986 pro
1257 4924 1385 4987 διαπταίη]

267 5005 340 5068 ‘ſtre‘
348 5009 458 5072 ιμηαμιας
467 5004 551 5059 eadm
558 4994 665 5051 Savil.et
672 4993 755 5048 Codd.
764 4997 853 5048 nostri.
862 4995 993 5053 hloxCod.
1076 5014 1088 5038 ¹
1102 4996 1213 5062 Quidam
1225 5007 1372 5069 σαορπιζεινδ
1383 5012 1461 5071 καιρός
1472 5009 1531 5056 tow
1536 5002 1611 5064 visos.
