3750 5940
65 468 74 487 .
102 436 213 489 miv.
242 414 291 489 nl.
319 436 413 487 uxi.
779 408 852 505 483

106 585 207 648 peuces
216 565 284 626 diss
300 564 343 625 sui
361 564 455 625 hodes
466 574 646 645 prosequutus
655 573 704 621 est.
715 560 757 620 hn
771 573 853 643 putes

108 657 136 718 id
147 679 245 740 perum
253 678 321 735 esse,
334 656 408 736 qnod
422 669 453 715 ut
464 654 581 733 audivit,
592 655 716 736 &quere
726 674 782 726 me,
799 668 853 713 stn-
864 670 952 717 sreus.
961 673 986 731 4.

108 750 159 810 tim
170 750 270 811 relictis
284 749 388 810 retibus
406 763 433 808 et
452 761 530 830 petro
546 762 675 826 sequutus
683 747 729 825 sit,
742 759 769 806 et
779 744 853 826 quod
863 745 904 779 ²⁰·

109 866 171 905 cirin
181 846 259 905 Petro
270 844 343 903 silus
351 856 486 903 assumtus
493 843 528 902 sit
538 843 566 901 in
577 854 707 919 montem,
720 853 747 900 et
758 860 854 899 rursus
863 852 902 897 la.
917 864 980 917 squ.

71 943 90 991 Β
108 960 170 1000 cum
183 939 211 997 in
224 937 336 997 domum
349 936 486 1016 ingressus
497 935 558 995 est?
572 937 633 1016 ipsc
646 955 709 994 vero
722 947 854 1013 quantum
862 954 922 1002 sue.
932 953 958 1005 8.
970 952 1013 1002 si.

108 1030 179 1089 Petri
195 1029 346 1089 encomium
358 1029 490 1106 narravit,
504 1049 552 1088 nec
564 1028 650 1088 tacuit
661 1026 765 1086 dixisse
774 1025 855 1086 Chri·

106 1137 178 1184 stum
190 1124 231 1183 illi
243 1147 249 1181 :
260 1126 357 1195 Petne,
369 1144 452 1183 amus
461 1144 508 1182 me
512 1123 579 1202 plus
587 1118 700 1181 hisrsst
708 1120 808 1200 ubique
816 1119 852 1179 il-
863 1122 936 1169 1⁰⁸⁸·
952 1136 993 1172 ²¹·

108 1215 165 1274 hun
184 1217 330 1274 ferventem
349 1229 376 1273 et
395 1215 495 1275 sincere
514 1214 566 1295 ipsi
585 1213 712 1272 affectum
732 1212 852 1272 exhibet.
867 1184 907 1233 ¹⁵⁸

109 1307 226 1383 Quando
249 1321 339 1367 eutem
361 1306 479 1379 dicebat,
507 1309 567 1365 Hic
587 1318 686 1365 ornem
704 1306 796 1387 quid?
817 1317 925 1365 attis.
937 1334 960 1364 v.
973 1328 1012 1364 ἰ.

107 1422 198 1460 umore
208 1422 306 1481 rnugno
316 1401 355 1460 sic
368 1401 535 1480 loquebatur.
551 1398 615 1459 Ideo
630 1419 708 1459 uerno
717 1397 790 1457 nlius
802 1397 856 1459 hoc

107 1496 142 1557 de
156 1498 205 1556 illo
216 1496 300 1573 dixit,
315 1496 362 1559 sod
374 1516 458 1576 noque
468 1498 525 1579 ipse
537 1498 653 1557 Jonnnes
663 1493 789 1572 dixisset,
802 1493 856 1554 nisi

108 1590 136 1649 in
151 1591 225 1650 hunc
239 1590 375 1651 incidisset
390 1592 489 1651 iocum.
502 1593 572 1651 Nun
585 1590 608 1649 si
624 1602 768 1670 postquem
785 1586 858 1649 dixit

108 1686 221 1744 Petrum
233 1685 359 1744 annuisse
369 1684 466 1746 Jvinnni
483 1697 513 1744 ut
526 1683 711 1763 interrogaret,
727 1680 798 1741 nihil
808 1680 859 1741 ed·

106 1776 229 1852 didisset,
247 1798 296 1836 nos
316 1791 387 1836 certe
401 1777 428 1836 in
442 1776 558 1835 dubium
579 1774 746 1855 conjecisset,
758 1787 784 1833 et
794 1794 858 1833 esn-

106 1892 164 1930 sam
183 1869 318 1948 inquirere
336 1870 484 1949 coegisset:
499 1868 560 1927 ideo
574 1868 631 1949 ipse
647 1868 726 1927 affert
741 1890 748 1924 ε
763 1868 857 1926 liecu-

108 1966 170 2023 buit
190 1984 276 2043 super
292 1976 393 2044 pecten
410 1964 492 2022 lesu.
507 1964 548 2020 An
570 1982 668 2042 perum
687 1973 715 2018 te
730 1958 859 2020 didicisse

70 2060 89 2107 G
107 2069 196 2136 putas,
213 2076 274 2114 curn
288 2056 442 2115 recubuisse
454 2053 544 2131 endis,
559 2068 586 2113 et
598 2051 674 2133 quod
695 2065 769 2112 tante
783 2051 857 2134 opud

108 2148 269 2228 hlegistnun
293 2150 429 2208 frueretur
457 2147 581 2207 fiducie?
604 2148 637 2208 si
661 2166 726 2206 vere
747 2166 859 2206 musam

107 2241 218 2320 quaeris,
230 2240 259 2300 id
267 2262 302 2301 ex
315 2263 406 2301 umore
418 2240 593 2323 proveniebat
606 2262 613 2296 ε
625 2237 687 2299 ideo
699 2238 750 2317 ait,
763 2240 859 2319 Quem

108 2335 248 2415 diligebat
268 2337 365 2395 Jerus.
381 2335 442 2413 Ego
459 2356 526 2394 vero
546 2347 614 2415 puto
632 2332 713 2393 illum
726 2332 763 2393 oh
775 2332 859 2392 elium

109 2447 215 2485 causum
234 2426 264 2485 id
278 2428 381 2496 secisse,
394 2441 424 2486 ut
434 2426 584 2487 ostenderet
596 2447 625 2485 se
638 2448 654 2485 a
667 2424 781 2486 crimine
793 2423 861 2485 elie·

109 2539 184 2576 uum.
208 2518 272 2579 ideo
290 2520 408 2579 fidenter
422 2520 489 2599 egit.
515 2521 586 2578 Nem
607 2540 656 2577 cor
678 2538 730 2577 non
752 2516 807 2577 elio
830 2517 859 2577 in

109 2611 167 2669 loco
185 2610 214 2669 id
236 2612 313 2681 dicit,
325 2612 373 2671 sed
391 2612 518 2671 innuente
538 2610 707 2693 ooryphaeo?
721 2613 763 2670 Ne
781 2622 860 2691 putes

109 2701 181 2761 enim
200 2702 252 2784 ipsi
273 2704 392 2763 innuisse
404 2716 435 2762 ut
447 2703 555 2784 mojori,
568 2703 605 2763 nit
618 2724 652 2762 ex
666 2722 759 2761 amore
770 2702 858 2762 minito

110 2794 136 2853 id
152 2798 300 2876 proiectum
320 2818 384 2856 csse.
400 2798 492 2857 Curin
505 2810 599 2878 pectus
617 2795 719 2856 Christi
739 2795 857 2856 incidit?
932 2830 1012 2877 cm„

109 2887 191 2961 Quod
209 2890 276 2949 nihil
295 2890 385 2949 adhue
403 2912 530 2971 magnum
550 2888 586 2948 de
598 2889 647 2949 illo
660 2887 834 2969 opinarentur
848 2895 918 2971 :utun
944 2893 1013 2967 ctri-

109 2997 235 3064 prnterea
252 3004 393 3044 rnoerorem
411 2984 448 3043 ita
468 2983 593 3043 leniebat.
608 2982 765 3044 Verisimile
781 2956 1014 3067 ηιω-Ξὶᾞω

109 3096 163 3152 quc
178 3089 216 3134 est
234 3076 296 3134 illos
316 3076 394 3136 vultu
415 3089 523 3135 moestos
541 3075 632 3135 fuisse.
644 3077 714 3135 Nem
729 3074 752 3135 si
765 3074 859 3136 enimn

74 3161 211 3227 ”turbati
230 3184 316 3245 erunt,
343 3170 429 3229 multo
452 3169 539 3249 magis
559 3169 647 3228 stultu.
668 3168 733 3228 llios
755 3168 821 3228 lenit
833 3182 860 3228 et

109 3261 200 3320 verbis
213 3276 239 3320 et
251 3262 466 3341 interrogatione,
487 3262 552 3322 hinc
569 3262 667 3322 invitet
683 3260 860 3340 conceditque

109 3368 139 3411 ut
151 3354 178 3412 in
190 3369 281 3436 pontus
299 3377 378 3414 suurn
402 3354 512 3415 recidet.
526 3354 599 3418 Vide
619 3367 708 3413 autern
728 3353 859 3434 quamsit

108 3446 211 3505 alienus
230 3468 245 3504 u
265 3448 343 3506 iustu.
365 3449 426 3507 Non
450 3446 518 3508 dicit
541 3447 643 3528 quippe
662 3466 776 3521 nomen,
797 3444 857 3519 sod,

111 3542 204 3617 Quem
215 3542 357 3621 diligebat
372 3566 381 3598 .·
394 3540 625 3621 quemadmodum
638 3553 664 3599 et
679 3538 781 3600 Paulus
795 3560 859 3600 cum

108 3631 217 3704 diceret,
233 3635 299 3694 Scio
314 3637 461 3695 docuissem
478 3650 550 3695 aute
565 3654 660 3695 annos
677 3636 860 3715 quorumde-

108 3730 173 3783 cim.
192 3728 271 3787 Tunc
290 3741 380 3787 autern
396 3728 515 3809 primum
532 3727 623 3809 ipsum
639 3727 757 3785 confutet
769 3729 860 3798 iesus,

107 3836 193 3896 neque
210 3832 297 3877 temen
315 3820 490 3895 nominatim
508 3819 555 3879 scd
570 3817 727 3899 quomodo?
740 3820 790 3876 96.
804 3818 860 3875 Cui

107 3932 159 3991 ego
179 3916 338 3971 intinctum
354 3935 462 3993 panem
480 3933 646 3993 porrexero.
671 3908 772 3970 Modus
794 3930 861 3988 quo·

107 4024 159 4081 quc
170 4005 401 4085 reprehensionem
413 4007 650 4082 efferebnttneque
659 4002 731 4065 enim
739 4020 860 4061 mensum

107 4097 240 4155 reveritus
258 4111 312 4169 est,
326 4119 389 4156 cum
407 4097 498 4156 oculoru
519 4108 671 4155 vesceretur
682 4114 759 4176 pune.
779 4094 858 4170 Esto,

107 4208 159 4244 non
182 4187 331 4247 cohibuerit
354 4210 451 4247 mensae
471 4187 655 4263 consortium3
673 4185 709 4245 eb
723 4206 755 4245 eo
766 4184 860 4245 bucel-

70 4276 87 4321 Ε
106 4279 159 4337 lain
174 4281 251 4359 punis
262 4280 383 4361 accipere
392 4302 472 4360 quem
483 4302 537 4339 nou
551 4278 690 4339 deum?
702 4280 763 4338 Non
774 4277 854 4338 iilum

107 4385 185 4429 certe.
197 4372 369 4453 Quapropter
377 4375 425 4432 nt.
438 4375 519 4432 Tunc
533 4384 657 4433 satanas
670 4376 703 4430 in
716 4369 802 4431 illum
813 4375 860 4431 in·

107 4469 207 4536 travit,
235 4465 294 4543 ojvis
322 4464 447 4523 deridens
476 4463 685 4545 impudentium.
711 4465 805 4523 Donec
832 4463 860 4523 in

107 4554 188 4613 choro
202 4557 264 4632 fuit,
281 4578 333 4615 non
347 4578 429 4615 ausus
442 4571 481 4616 est
495 4556 613 4636 ingredi,
631 4555 678 4615 sed
693 4555 861 4616 extrinsecus

106 4650 280 4729 oppugnabat
298 4665 458 4731 :postquam
475 4672 540 4709 vero
558 4649 649 4731 ipsum
667 4650 793 4710 Christus
812 4672 861 4731 pn·

105 4740 160 4798 lam
179 4742 254 4813 fecit,
272 4757 298 4799 ct
322 4743 488 4822 segregavit,
503 4743 588 4801 lihere
605 4741 716 4801 demum
729 4742 757 4801 in
779 4741 859 4801 illum

106 4832 219 4892 insiluit.
231 4835 322 4913 Nugue
332 4833 404 4893 enim
417 4834 479 4894 tulis
493 4855 554 4893 curn
570 4847 637 4894 esset
646 4834 760 4915 siuespc
770 4854 860 4893 ernon-

94 5043 132 5092 οὖν
143 5045 212 5101 siricis
223 5048 292 5103 etiae
302 5048 349 5098 risse
358 5066 384 5098 π.
397 5067 419 5097 α.
432 5052 468 5098 ὅτι
480 5049 530 5097 osce
538 5040 623 5095 Codd.
634 5041 738 5108 nostri]

127 5119 225 5170 esai-tt.
239 5132 265 5171 et
277 5120 366 5173 steret.
383 5130 465 5183 αὐτοῖς.
480 5123 625 5189 Suupicetos
636 5132 674 5170 est
685 5118 762 5172 Sei-ii.
777 5116 860 5183 legen·

94 5197 154 5249 dum
169 5205 238 5266 αὐτῷ.
