3750 5940
80 440 200 493 nnis.
227 414 275 491 ai.
303 440 450 493 nxxvru.
777 418 848 493 535

100 569 267 647 interroget.
282 564 317 625 ld
328 579 384 643 est,
398 569 551 645 Antequam
563 563 674 641 audias,
688 565 766 627 rides
778 566 850 646 qtu‘d

77 646 848 739 'nosputurbet,etreoeeaoinosdioesdo,1’aoroos

64 749 84 796 ¹)
102 765 194 827 amat,
212 755 284 833 quta
296 771 351 812 vos
368 774 415 812 me
427 750 563 812 amastis,
581 751 646 811 Post
657 764 698 811 tot
715 766 744 813 es
756 766 848 831 unu,

101 855 167 902 tuuc
177 841 285 902 tandem
295 842 391 903 dicunt
400 888 411 922 ,
427 843 518 904 Nunc
526 846 643 903 scimus.
654 841 755 906 Video’
765 864 879 925 qtutmv·

101 933 184 994 rudes
207 932 299 995 adhuc
320 934 425 995 essem?
446 932 551 995 Deinde
573 934 654 1014 quia,
676 956 726 996 eeu
748 937 851 1018 gratias

102 1040 218 1107 agentes,
232 1026 342 1101 dicmrt,
360 1030 449 1088 Nune
472 1031 593 1102 scimus,
611 1028 650 1088 ait
670 1028 732 1107 ilie,
750 1030 850 1093 Multis

102 1118 164 1178 aliis
172 1140 242 1201 opus
253 1119 374 1196 habetis,
388 1135 419 1180 ut
428 1120 618 1202 perfectione·
631 1122 772 1203 attingatis
789 1148 796 1181 ε
808 1125 850 1185 ni·

103 1210 144 1269 hil
158 1211 249 1270 adhuc
262 1233 278 1270 a
289 1212 368 1273 vohis
376 1212 525 1294 perfeetum
543 1226 592 1273 est.
614 1215 694 1274 Nune
709 1214 795 1295 igitur
804 1238 849 1299 me

105 1302 223 1362 inimicis
247 1302 370 1379 tradetis,
388 1317 415 1363 et
429 1317 504 1364 tanta
522 1326 571 1366 vos
585 1305 695 1366 invadet
712 1306 849 1385 formido,

106 1408 136 1454 ut
151 1415 237 1474 neque
254 1395 336 1455 simul
349 1396 490 1457 abseedcre
502 1398 619 1480 possitis.
634 1398 691 1459 Sed
703 1398 774 1461 uiuit
787 1400 852 1461 hinc

105 1508 154 1567 ego
165 1486 258 1546 damni
270 1487 368 1569 patiar.
383 1487 482 1551 Viden'
493 1488 629 1569 quomodo
637 1510 748 1551 rursum
758 1504 852 1552 attem-

104 1594 215 1662 peratus
227 1601 315 1640 sermo
333 1581 460 1643 sitiflsc
477 1602 542 1663 ergo
553 1584 589 1644 de
606 1605 637 1644 re
651 1584 715 1645 illos
726 1598 850 1664 romum,

69 1675 180 1753 Equod
191 1690 320 1757 perpetuo
340 1674 508 1757 indulgentia
533 1698 602 1760 opus
619 1678 757 1739 haberent
780 1681 851 1739 Qum

104 1768 173 1826 euim
187 1767 321 1844 dicerent,
339 1771 389 1829 29.
405 1773 484 1831 Ecce
497 1791 575 1832 nunc
586 1773 690 1852 palum
704 1773 847 1855 loqueris,

104 1874 132 1920 et
144 1864 329 1942 proverbium
343 1864 459 1922 nodum
473 1866 562 1939 dieis,
578 1867 628 1925 50.
643 1878 671 1925 et
684 1864 745 1926 ideo
756 1867 849 1926 credi·

104 1977 167 2015 mus
177 1959 231 2015 tibi
239 1981 252 2026 ,·
263 1956 379 2017 ostendit
392 1959 474 2018 mam
487 1979 559 2020 nunc
568 1980 631 2019 cum
644 1959 769 2036 credunt,
783 1980 849 2021 non·

102 2046 169 2105 dum
181 2046 302 2122 credere,
318 2070 367 2109 nec
377 2071 406 2109 se
415 2050 525 2111 illorum
536 2050 610 2111 dieta
622 2050 774 2113 admittere.
785 2052 850 2112 ttaee

103 2159 167 2198 vcro
182 2139 250 2199 dicit
266 2139 304 2223 ad
317 2140 393 2201 aliud
406 2142 469 2202 illos
489 2156 597 2225 tempus
611 2143 759 2205 remittm.
774 2144 850 2206 Illud

103 2245 211 2307 autem,
225 2233 275 2291 52.
291 2235 385 2293 Pater
404 2255 517 2294 mecum
534 2249 594 2308 est,
610 2250 721 2318 propter
740 2256 785 2297 eos
799 2236 852 2298 ite·

57 2360 93 2400 Μ
103 2342 165 2381 rum
176 2321 284 2402 posuit:
296 2321 348 2383 hoc
358 2325 430 2384 enim
444 2325 507 2386 illos
516 2325 621 2386 discere
633 2346 738 2408 suuper
748 2326 847 2388 voluit.

67 2418 86 2462 Α
104 2414 209 2473 Deinde
226 2428 256 2474 ut
269 2413 392 2475 ostendat
403 2437 432 2475 se
452 2415 511 2476 hac
523 2416 639 2478 dicendo
655 2416 777 2479 nondum
793 2418 850 2479 illis

103 2503 248 2582 perfectam
266 2503 410 2564 tradidisse
427 2505 569 2584 notitism3
588 2507 636 2566 sed
652 2525 687 2566 ne
703 2506 850 2569 ratiociniis

103 2594 305 2673 exagitarentur
316 2596 483 2670 (verisimile
501 2598 574 2659 enim
591 2613 648 2659 erat
665 2620 711 2659 eos
728 2599 850 2660 humana

100 2685 227 2764 quaedam
243 2688 390 2767 cogitasse,
411 2691 591 2769 metuisseque
604 2712 634 2751 se
648 2690 756 2752 nulium
769 2691 806 2751 ab
817 2712 849 2753 oo

100 2779 235 2838 auxilium
247 2779 388 2841 habituros
400 2786 482 2858 esse),
496 2782 535 2841 ait
547 2806 554 2841 ε
566 2784 614 2843 55.
625 2785 698 2843 Hoec
711 2783 850 2865 logmttus

101 2892 166 2930 sum
184 2875 288 2944 vobis,
305 2886 337 2932 ut
355 2877 388 2932 iu
406 2895 453 2933 me
463 2894 566 2955 pacem
579 2874 774 2940 habeatistid
790 2889 848 2954 eat,

102 2966 140 3023 Ut
150 2985 205 3023 non
216 2963 341 3024 excidam
353 2987 388 3025 ex
402 2966 492 3025 anirno
503 2980 609 3044 vestro,
623 2967 672 3027 sed
684 2966 850 3048 merecipia-

102 3055 144 3114 tis.
168 3057 208 3115 Ne
225 3056 286 3135 quis
301 3078 365 3138 ergo
387 3056 445 3118 iraec
468 3056 540 3118 dicta
561 3059 589 3119 in
611 3058 713 3140 dogma
735 3058 847 3129 trahat:

101 3167 165 3205 nam
177 3147 235 3207 haec
247 3146 285 3207 ad
303 3162 421 3208 nostram
441 3148 650 3210 consolatione·
661 3148 849 3211 dilectionem·

101 3238 232 3316 quedicta
249 3254 320 3299 sunt.
334 3243 429 3319 Neque
442 3241 515 3301 enim
528 3240 586 3302 hee
598 3254 705 3301 tautum
723 3240 849 3323 patiemi-

67 3337 85 3383 B
102 3331 281 3391 ni:aerumnae
294 3346 388 3393 vestrae
399 3332 508 3394 tandem
516 3332 694 3411 sedabuntur,
706 3333 755 3394 sed
764 3333 850 3395 donec

102 3422 239 3482 inmundo
252 3423 346 3500 eritis,
358 3424 386 3484 iu
397 3426 525 3487 aerumnis
536 3425 732 3503 versabimini,
740 3447 794 3487 uon
805 3446 851 3487 so·

101 3513 161 3573 lum
174 3536 245 3574 nunc
259 3536 321 3575 cum
338 3514 442 3594 trador,
455 3517 503 3577 sed
514 3518 596 3579 etiam
609 3531 712 3600 postea.
723 3516 780 3580 sed
791 3517 851 3578 ani·

102 3629 178 3666 mum
203 3608 299 3687 erigite
310 3631 317 3664 z
328 3608 399 3667 nibil
411 3608 483 3669 enim
500 3630 582 3690 grave
600 3609 750 3692 patiemini.
768 3611 850 3670 Post-

102 3721 184 3778 quam
194 3701 267 3760 enim
282 3701 414 3781 Magister
424 3701 548 3763 inimicos
558 3703 666 3779 vicerit,
678 3724 731 3763 non
745 3715 851 3783 oportet

102 3791 252 3874 discipulos
259 3793 421 3852 contristari.
432 3794 470 3853 Et
482 3794 637 3875 quomodo,
651 3815 759 3873 queso,
771 3813 851 3852 mun·

101 3886 168 3944 dum
184 3886 294 3945 vicisti?
308 3889 369 3947 iam
390 3885 470 3960 dixi,
485 3908 530 3946 me
548 3887 700 3968 principem
722 3885 780 3965 ejus
797 3883 851 3964 eje·

102 3980 170 4039 cisse
193 3981 280 4054 soras3
304 3980 393 4039 scietis
419 3994 510 4039 autem
533 3993 642 4062 postes,
670 4000 735 4039 cum
758 3997 851 4039 omues

102 4072 194 4131 cedent
208 4071 301 4145 vobis,
314 4084 340 4129 et
355 4070 587 4152 obtemperabunt.

143 4168 172 4224 5.
193 4165 269 4224 Licet
281 4164 353 4223 euim
368 4165 446 4224 nobis
458 4185 565 4244 quoque
578 4163 701 4239 vincere,
715 4162 740 4223 si
753 4164 850 4224 volue-

103 4257 188 4316 rimus
207 4257 304 4315 ducem
323 4255 388 4315 fidei
407 4270 503 4315 nostrae
522 4254 668 4336 respicere,
684 4267 711 4314 et
723 4254 773 4314 iila
789 4255 852 4335 via,

104 4371 184 4428 quam
197 4349 243 4407 ille
261 4349 383 4428 aperuit,
401 4346 534 4408 incedere.
556 4349 597 4406 lta
617 4367 704 4426 neque
718 4368 790 4407 mors
803 4367 852 4408 nou

103 4442 248 4522 superabit.
261 4439 339 4512 Quid
349 4441 431 4519 ergo?
445 4439 563 4518 inquies;
574 4460 608 4500 au
623 4460 676 4498 non
686 4438 852 4499 moriemur?

69 4534 167 4615 chine
188 4534 260 4593 enim
280 4546 413 4592 constaret
436 4546 548 4592 mortem
563 4552 616 4593 uon
638 4531 745 4591 vicisse.
767 4531 853 4611 Atqui

104 4641 168 4686 tunc
190 4639 305 4686 certator
323 4625 412 4685 clarus
426 4639 479 4700 est,
494 4646 547 4685 non
560 4623 670 4704 quando
692 4644 756 4684 cum
777 4624 853 4684 hoste

105 4740 158 4778 uon
175 4718 314 4797 ooniligit,
328 4716 376 4776 sed
394 4715 504 4795 quando
523 4737 681 4798 congressus
696 4736 750 4775 non
765 4715 853 4775 vinci·

104 4827 158 4871 tur.
176 4813 235 4870 Non
254 4829 318 4888 ergo
331 4823 442 4891 propter
456 4829 628 4888 congressum
642 4807 788 4884 mortales,
803 4805 851 4867 sed

104 4918 213 4987 propter
226 4902 368 4964 victoriam
383 4904 556 4965 immortales.
572 4906 652 4977 Tunc
667 4904 740 4964 enim
753 4917 853 4963 morta·

103 4998 141 5057 les
153 5018 286 5074 essemus,
301 4996 325 5055 si
341 5010 470 5079 perpetuo
483 4996 512 5057 iu
524 5011 611 5057 morte
622 5017 799 5057 maneremus.
812 4997 853 5057 Ut
860 5033 884 5075 ,ᾖ

94 5186 184 5250 erato]

129 5265 141 5302 Β
160 5260 207 5314 Alii
219 5271 256 5316 καὶ
268 5270 336 5330 ἡμᾶς.
