3750 5940
58 411 89 467 t·
117 411 226 463 xtvtt.
246 370 421 467 alfridus.
794 394 867 466 iar
912 488 918 497 ι

58 563 69 609 ς
86 544 104 593 F.
120 538 186 598 diri
200 543 298 614 vobis,
318 544 411 602 Neruo
424 555 517 622 potest
530 545 632 601 venue
652 541 694 603 ad
716 561 780 614 me,
805 544 865 604 uisi

58 633 69 695 l
111 632 211 712 suerit
228 638 256 692 ei
266 635 369 695 datum
379 636 502 716 desuper
511 656 533 695 a
544 638 636 694 Patre
655 654 726 694 meo.
745 635 862 716 Spouta·

57 751 68 788 ι
121 744 198 783 neam
211 725 269 805 ejus
277 727 452 787 oeoonomiam
462 726 507 786 hie
515 726 680 806 evangelista
691 725 861 805 subindicat,

58 863 67 893 ,
119 818 229 899 ejusque
248 821 416 903 patientiam.
442 821 586 901 illudque,
608 821 661 881 Ab,
681 824 783 896 initio,
807 843 861 883 non

57 945 67 959 ·
119 911 177 972 sine
189 935 268 974 cattsa
281 914 328 975 hic
343 915 467 996 ponitur;
483 914 532 976 sed
546 927 575 974 ut
590 913 649 994 ejus
664 912 862 994 prescientiam

57 1030 65 1065 r
119 1003 266 1088 intelligas,
287 1021 368 1087 atque
388 1008 478 1090 ipsum
494 1021 555 1067 ante
575 1007 634 1066 hac
649 1006 748 1084 verbu,
774 1023 861 1088 neque

57 1123 64 1160 t
117 1110 258 1179 postquam
277 1099 320 1159 illi
337 1099 432 1160 offensi
453 1111 706 1176 murmmareraut‚
734 1097 859 1180 prodito·

57 1199 63 1253 i
117 1211 173 1249 rem
196 1191 320 1270 novisse3
344 1192 374 1252 id
394 1191 469 1271 quod
489 1189 643 1252 divinitatis
662 1203 728 1250 erat.
754 1189 860 1252 Deinde

57 1304 63 1339 r
116 1280 310 1362 adJ'icit‚'Nisi
323 1286 423 1367 suerit
439 1287 466 1342 ei
478 1283 582 1343 datum
596 1282 720 1363 desuper
736 1284 861 1345 aPatre

57 1398 107 1452 tm
117 1396 190 1447 meo,
204 1375 319 1436 suadens
329 1376 368 1436 eis
376 1391 405 1435 ut
417 1377 525 1435 Patrem
534 1396 615 1435 suum
624 1388 750 1456 putarent
756 1377 857 1456 Deum,

56 1491 62 1526 t
79 1471 98 1514 t
115 1487 167 1526 non
182 1469 346 1550 Josephum,
360 1482 386 1529 et
401 1466 542 1528 ostendeus
557 1487 616 1526 rem
628 1484 681 1526 noo
694 1468 859 1549 osseoulgo-

56 1566 62 1619 l
116 1582 182 1637 rem,
196 1562 224 1621 in
238 1583 300 1622 eum
309 1562 418 1623 credere
428 1583 435 1617 ε
447 1581 480 1622 ac
491 1560 514 1620 si
528 1559 856 1641 dioerd‚Noo‘turbaut‚

56 1675 62 1710 r
115 1675 168 1714 uon
181 1654 397 1737 obstupefaciunt
409 1674 461 1731 me,
470 1652 519 1732 qui
532 1672 585 1713 noo
593 1651 707 1733 creduut
719 1675 726 1711 ε
738 1652 791 1714 ltoe
800 1654 859 1737 jam

114 1745 180 1806 olim
209 1747 272 1808 novi
296 1743 541 1827 anteluam'lssfieret
568 1768 575 1800 ε
607 1744 671 1804 nori
695 1743 859 1822 quibusnam

115 1841 193 1899 Pater
201 1840 316 1901 dederit.
770 1857 774 1866 '

56 1953 62 1986 s
153 1934 181 1990 5.
200 1934 270 1993 Cum
288 1932 358 1994 illud
371 1931 464 2007 audis,
475 1933 582 2004 Dedit,
597 1952 631 1992 ne
641 1945 718 2013 putes
730 1952 856 1993 ossesor·

56 2046 62 2079 r
114 2039 166 2083 tem
188 2026 351 2104 quamdam3
376 2024 424 2086 sed
445 2025 525 2086 crede
546 2044 608 2083 eum
626 2023 674 2101 qui
696 2045 724 2084 se
741 2023 858 2104 dignum

56 2139 60 2172 ι
113 2118 274 2199 praebuerit,
288 2118 318 2178 id
331 2119 460 2200 accipere.
476 2120 527 2179 66.
544 2121 593 2178 Ex
605 2120 660 2179 hoc
671 2118 759 2178 multi
770 2118 857 2178 disei-

55 2249 60 2276 ,
111 2209 247 2287 priimum
258 2212 321 2289 ejus
333 2212 468 2269 obinunt
483 2220 576 2281 retro,
589 2219 618 2267 et
635 2209 702 2289 jam
720 2225 858 2266 uououm

55 2303 60 2356 i
112 2302 166 2359 ilio
189 2302 391 2385 ambulabant.
412 2302 495 2362 Recte
511 2299 676 2383 evangelista
696 2318 748 2359 noo
765 2297 857 2376 dixit,

55 2409 60 2437 ⁹
113 2393 306 2471 decesserunt,
328 2392 388 2470 sed,
408 2393 555 2452 Abierant
570 2405 663 2465 retro,
686 2389 857 2452 ostendeosa

55 2503 59 2544 :
113 2485 221 2544 virtutis
239 2488 361 2569 proiectu
374 2485 495 2562 excisos,
509 2499 536 2544 et
549 2506 609 2544 eam
622 2505 704 2566 quam
717 2473 785 2545 olim
803 2482 854 2544 lta?

55 2598 58 2609 ·
111 2577 224 2638 buerant
238 2579 321 2639 fidem
334 2579 498 2661 perdidisse,
510 2586 573 2639 cum
584 2599 642 2639 sese
655 2578 852 2638 discinderent.

71 2680 90 2728 tt
111 2672 215 2733 Verum
228 2671 373 2731 duodecim
386 2671 493 2731 illinon
506 2671 581 2731 item.
597 2671 770 2752 Quapropter
782 2669 855 2731 dixit

105 2763 178 2843 illis,
191 2768 241 2825 67.
263 2767 418 2846 Numquid
428 2778 457 2825 et
468 2787 522 2824 uos
539 2766 632 2826 vultis
650 2768 751 2825 obire?
763 2778 853 2825 osten·

105 2859 172 2919 dens
184 2882 212 2919 sc
225 2860 335 2919 illorum
345 2857 494 2917 ministerio
507 2870 533 2917 et
543 2857 618 2916 cultu
632 2877 685 2918 noo
699 2877 789 2939 egere,
803 2879 851 2917 ne·

104 2973 158 3030 que
171 2952 232 3011 idco
246 2952 308 3011 illos
320 2949 530 3010 circumducere.
545 2950 690 3022 Quomodo
707 2950 779 3009 enim
795 2950 853 3012 illis

105 3065 173 3123 opus
185 3044 286 3103 habere
300 3044 388 3125 potuit
407 3043 454 3121 qui
475 3041 533 3101 lraec
545 3040 637 3101 dixit?
658 3041 715 3100 Cur
732 3062 850 3102 sosfnon

104 3136 245 3196 laudavit?
254 3159 303 3196 cur
313 3157 365 3195 non
373 3135 555 3218 predicavit?
567 3134 672 3210 Primo,
686 3148 716 3195 ut
727 3135 850 3217 magistri

103 3229 262 3308 dignitatem
274 3243 408 3303 servaret,
422 3241 501 3308 atque
512 3240 541 3287 ut
554 3226 718 3307 ostenderet,
733 3227 773 3289 sie
785 3227 850 3289 illos

104 3322 173 3381 trahi
192 3322 351 3402 oportuisse.
378 3322 447 3381 Nam
468 3320 490 3379 si
505 3320 655 3398 laudasset,
678 3333 805 3403 putantes
818 3341 847 3381 se

103 3415 217 3493 gratiam
233 3415 284 3474 illi·
293 3414 462 3496 prestitisse,
479 3413 586 3493 aliquid
610 3413 760 3475 humanum
773 3415 847 3497 passi

102 3507 212 3566 fuissent
235 3531 242 3564 ε
266 3529 328 3566 eum
350 3521 441 3566 autem
463 3505 580 3566 ostendit
609 3527 637 3566 se
660 3505 770 3569 illorum
793 3532 846 3573 uon

101 3621 177 3679 cgere
190 3601 317 3661 comitatu
324 3648 334 3679 ‚
352 3601 437 3682 magis
454 3622 499 3687 cos
510 3600 653 3661 oontinuit.
673 3600 710 3662 Et
721 3604 845 3667 animad-

101 3707 175 3752 verte
184 3716 264 3772 quam
275 3695 422 3775 prudentor
434 3695 572 3772 loquutur.
585 3696 644 3755 Non
657 3695 739 3777 dixit,
750 3698 842 3759 Abiu:

63 3783 81 3830 C
101 3784 131 3842 id
144 3785 216 3844 onim
230 3785 503 3867 repellentis2suissct3
519 3785 566 3846 scd
583 3787 745 3870 interrogat,
762 3792 842 3850 Num

97 3890 125 3934 et
140 3900 193 3938 vos
205 3882 297 3939 vultis
308 3884 410 3939 obire?
421 3879 501 3950 Quod
512 3900 620 3939 omnem
635 3880 772 3942 auferebat
783 3882 840 3942 vim

97 3984 122 4027 ct
135 3973 330 4047 necessitatem,
355 3995 387 4032 ne
405 3972 508 4054 pudore
523 3973 722 4051 detinerentur,
741 3974 789 4035 sed
813 3991 838 4036 et

97 4067 210 4144 gratiam
226 4068 364 4127 haberent.
389 4069 459 4127 Cum
476 4082 567 4127 autem
589 4067 650 4126 illos
673 4089 725 4129 non
746 4070 837 4151 palam
875 4093 991 4154 tophus-

94 4161 244 4232 accusavit,
259 4161 315 4219 scd-
325 4159 442 4219 modeste
455 4159 558 4239 tetigit,
573 4159 690 4219 ostendit
702 4161 836 4239 quomodo
876 4158 990 4216 ΨΜ

96 4267 215 4332 oporteat
226 4255 253 4312 in
262 4252 396 4311 similibus
406 4250 603 4331 philosophari.
616 4251 838 4335 Nosalatemjure
847 4221 989 4345 ‚mmm

93 4346 225 4405 contraria
240 4345 372 4425 patimur,
385 4343 448 4420 quia
463 4340 553 4400 omnia
566 4342 659 4422 gloriae
676 4364 756 4411 mosa
771 4345 838 4408 saci.

94 4438 298 4516 mussidcoque
311 4458 344 4495 cr
359 4435 523 4495 famulorum
533 4441 740 4499 reeussu²nostra
749 4439 837 4501 minui

92 4546 229 4612 putamus.
246 4530 291 4589 Sic
307 4550 388 4610 porro
399 4548 447 4588 nec
455 4525 581 4586 adulatus
593 4542 648 4607 est,
662 4550 711 4590 ooo
723 4533 835 4614 repulit,

92 4623 139 4682 sed
158 4623 344 4702 interrogavit.
364 4622 424 4681 Non
439 4641 515 4703 ergo·
526 4621 675 4702 spernentis
695 4622 747 4685 hoe
765 4638 835 4704 erut,

92 4717 139 4777 scd
154 4717 267 4776 nolentis
280 4718 326 4775 eos
333 4716 361 4776 vi
375 4729 401 4774 ct
415 4712 569 4775 necessitate
578 4713 712 4796 detinere3
727 4739 790 4779 nam
798 4720 834 4780 ita

96 4817 215 4882 tttunerc,
229 4810 302 4869 idom
316 4810 409 4868 luisset
422 4820 503 4886 atque
515 4806 599 4867 abire.
621 4809 696 4882 Quid
710 4833 773 4894 ergo
787 4815 836 4874 Pe·

52 4920 69 4966 t)
96 4904 172 4963 trus?
181 4904 230 4962 ou.
244 4900 299 4960 Aa
308 4923 393 4982 quiem
404 4903 529 4961 ibimus?
542 4903 837 4966 Verbavitaeoeterrtoe

96 5002 194 5057 bobes.
208 4998 257 5056 69.
272 4998 313 5055 Et
326 5017 376 5056 nos
391 4996 566 5055 credidimus
582 5009 610 5054 et
631 5000 816 5076 eognovimus
823 5046 832 5072 ,

96 5096 167 5172 quia
180 5104 210 5149 tu
222 5111 252 5148 es
266 5091 398 5150 Christus
410 5089 505 5149 Filius
518 5089 576 5147 Dei
586 5092 657 5151 vivi.
672 5087 770 5149 Vidcn’
783 5111 839 5152 nou

106 5278 120 5317 Ι)
138 5274 185 5327 Alli
197 5286 309 5346 ἠρώτησε.
