3750 5940
316 433 428 482 annno
453 432 499 481 nu
524 410 853 498 isaunonnornens,
881 432 959 481 erc.
1351 438 1419 510 707

63 563 98 625 οῖς
123 554 311 629 συνεσθίοντας,
333 556 461 637 ὀδυνηρὰν
473 556 620 637 ἀπόφασιν·
675 554 732 615 dite
752 576 860 632 amota,
879 556 928 636 qui
947 578 1010 619 cttm
1025 557 1157 619 hernicis
1178 560 1329 640 comeditis,
1343 582 1420 621 ama·

63 642 83 696 ῦ
97 635 187 717 ἐχθροί
202 638 271 696 ἐστι.
281 635 351 697 Οθδί
365 635 417 718 γδιρ
429 641 445 696 θ
455 646 510 704 τοῖς
520 638 621 718 ἐχθροῖς
675 655 733 694 ram
740 635 919 696 sententiam.-
932 636 1007 718 quod
1020 637 1121 698 Christi
1134 637 1238 699 inimici
1250 640 1317 700 sitis
1326 641 1419 721 Neque

63 715 241 796 υμφιλιάζων,
255 716 363 776 δύναται
377 721 423 776 τοῦ
441 660 569 795 βασιλύος
582 716 620 796 φί-
675 715 746 774 enim
760 714 794 794 is,
811 715 858 796 qui
882 738 944 777 cnm
961 716 1033 797 regis
1054 717 1171 779 inimicis
1190 719 1338 779 amicitiam
1349 720 1418 798 init,

62 797 67 817 '
81 795 141 857 οθδέ
164 798 233 868 ζωῆς
256 795 392 867 ἀξιοῦται,
408 795 477 856 ἀλλά
502 794 548 856 σῦν
566 804 620 864 τοῖς
674 807 760 931 potest
779 816 837 855 esse
848 797 920 878 regis
937 798 1060 875 amicus,
1076 798 1132 859 inni
1144 819 1229 891 ιιαγυε
1246 799 1303 859 vita
1318 799 1418 879 dignus

62 898 122 948 ται,
141 876 186 935 καὶ
203 873 238 934 ‘tlt
250 875 358 957 χείρονα
372 875 506 952 ὑπομένει.
520 873 621 944 Ἰούδας
694 874 808 953 abetur3
821 875 868 936 sed
886 898 948 937 cum
969 877 1086 938 inimicis
1144 879 1222 955 ribtt,
1235 892 1263 938 et
1286 878 1418 941 deteriora

62 979 77 997 ··
91 955 290 1054 Παρεισίδνσύν
304 980 372 1022 τινες
383 957 430 1015 ἀνθ
470 977 516 1014 ποι
531 958 555 1014 οί
573 953 620 1015 ἔκ·
675 953 800 1034 patietur.
811 955 997 1019 Judastaoobi
1007 957 1095 1019 dixit:
1106 900 1341 1019 dihintmierunt
1354 965 1418 1041 qui·
1427 969 1491 1014 ludo
1501 972 1525 1027 η.

62 1057 185 1114 ιαμμενοι
201 1035 238 1104 είς
255 1040 334 1094 τοῦτο
346 1035 378 1095 τδ
391 979 489 1116 κρίμωα,
503 1034 620 1107 ἀσεῦεῖς,
675 1034 745 1094 dam
758 1037 902 1108 homines,
917 1041 971 1118 qui
981 1038 1053 1097 olim
1063 1043 1225 1119 prescripti
1238 1052 1307 1098 sunt
1320 1043 1352 1098 in
1363 1041 1418 1101 hoc

64 1117 122 1192 piru
137 1114 216 1196 χάριν
228 1114 407 1194 μετατιθέντες
421 1117 457 1182 είς
471 1114 619 1192 ἀσελγειαν,
637 1145 662 1182 77
671 1114 826 1195 judicium,
841 1119 934 1197 impii,
951 1118 1010 1178 Det
1031 1122 1124 1178 nostri
1135 1122 1264 1199 gratiam
1286 1121 1419 1201 transse-

62 1195 196 1268 teono'rm
210 1197 256 1255 καὶ
272 1195 368 1278 Κύριον
383 1193 485 1268 Ἰησοῦν
508 1195 620 1276 Χριστδν
639 1200 656 1246 Α
674 1206 770 1252 rentes
781 1197 814 1252 in
830 1196 988 1268 ίιετεεαὶαιο,
1005 1210 1033 1256 et
1046 1198 1140 1257 solttm
1155 1200 1420 1259 Doniinatoremet

62 1274 81 1332 a
88 1275 171 1334 πάλιν
184 1273 268 1356 λέγει’
284 1277 345 1335 Ἐπ’
360 1273 478 1354 ἐσχάτων
492 1278 544 1333 τῶν
560 1299 579 1355 χ
603 1275 622 1321 ’-
674 1273 836 1332 Dominum
849 1276 951 1335 lesum
962 1278 1110 1337 Christum
1124 1290 1274 1359 negantes.
1285 1279 1419 1339 Rursum-

62 1362 192 1433 μπαῑκται
201 1399 210 1426 ,
236 1354 305 1414 κατδι
326 1353 374 1422 τδις
391 1342 457 1421 ίδίας
481 1354 621 1431 ίπιθυμιας
674 1352 868 1429 quedieit:1n
882 1359 1038 1415 novissimo
1059 1370 1185 1437 tempore
1199 1371 1284 1417 erunt
1297 1360 1419 1438 quidam
1429 1373 1519 1419 [οταν.
1530 1369 1567 1421 ιθ.

62 1457 116 1493 ενοι
128 1436 181 1493 τῶν
198 1434 335 1494 ἀσεθειῶν.
354 1424 437 1493 otta
450 1435 500 1492 εἶσι
512 1435 537 1493 οί
552 1435 620 1515 ἀφό-
674 1432 826 1505 illusores,
838 1437 997 1494 secundum
1009 1438 1154 1497 desideria
1167 1458 1223 1496 sua
1233 1439 1418 1500 ambulantes

62 1513 245 1591 septimense,
269 1515 374 1595 νέφιλαε
400 1512 522 1595 ἀνυδροι,
540 1514 620 1574 παντὶ
674 1514 706 1569 in
725 1516 934 1593 impietatibus.
951 1519 994 1575 Hi
1007 1529 1085 1588 sunt,
1109 1520 1237 1598 quisine
1251 1521 1354 1577 timore
1373 1523 1514 1578 εα-Ιθῑιία·
1530 1537 1566 1570 ¹²·

62 1592 173 1671 ίμεναι,
194 1593 302 1676 ἀστέρες
312 1594 460 1667 πλανῆται,
474 1584 511 1661 οἷς
520 1598 534 1652 θ
544 1593 620 1674 ζόφος
675 1598 810 1673 metipsos
821 1608 957 1673 pascunt,
974 1598 1064 1656 nitbes
1077 1599 1142 1655 sine
1154 1618 1245 1677 aqua,
1259 1618 1325 1692 qua
1338 1604 1417 1658 ornni
1430 1589 1466 1636 ¹³·

71 1675 169 1741 αίῶνας
184 1674 338 1756 τετήρηται.
350 1675 443 1733 Ταῦτα
456 1672 502 1732 καί
511 1674 620 1735 πλείονα
675 1685 767 1730 vento
780 1676 1037 1751 circumferuntur,
1046 1677 1143 1735 sideru
1157 1688 1301 1750 errantia,
1313 1681 1418 1758 qttilttts

62 1760 81 1811 ιῖ
90 1756 163 1831 ἡμᾶς
177 1753 277 1822 Ἰούδας
290 1758 304 1813 θ
315 1751 404 1822 καλός.
420 1756 504 1833 Δεῦρο
518 1755 619 1826 λοιπὸν,
671 1752 805 1887 ργοεείία
820 1742 1005 1813 tenebrarum
1018 1768 1136 1815 servata
1148 1767 1192 1815 est
1213 1759 1245 1823 in
1264 1770 1416 1818 aternitm.

62 1838 97 1900 ἰος
112 1839 160 1904 τῆς
183 1836 307 1913 ἐκλογῆς,
328 1830 384 1891 εἰπὲ
401 1838 465 1911 ἡμῖν
482 1832 527 1892 καί
543 1835 620 1903 αὐτὸς
700 1851 739 1889 nc
756 1844 782 1890 et
796 1832 916 1911 plurima
931 1854 980 1893 nos
996 1833 1121 1894 admonet
1163 1835 1289 1895 raeclarus
1302 1836 1349 1895 ille
1363 1839 1418 1898 Ju-

61 1935 94 1971 ιιν
113 1912 162 1985 τὴν
189 1912 307 1973 δοθεῖσάν
328 1935 370 1972 σοι
388 1911 462 1990 παρὰ
475 1918 521 1971 τοῦ
534 1915 618 1987 Θεοῦ,
673 1908 731 1969 das.
748 1910 809 1969 an
823 1910 933 1972 demum
956 1912 1061 1988 accede,
1081 1856 1176 1988 Fauii,
1197 1935 1246 1975 vas
1266 1915 1418 1994 electionis3

68 1996 114 2051 τοῦ
130 1994 270 2060 ἐνεστῶτος
285 1998 399 2073 πονηροῦ
416 1994 521 2057 αἰῶνος·
538 1994 619 2075 φανέ-
674 1988 721 2048 dio
731 1991 775 2049 eti
797 2012 826 2050 se
841 1991 919 2052 nobie
932 1993 1080 2053 secundnm
1093 1994 1219 2073 gratiam,
1231 2017 1290 2073 quae
1303 1994 1366 2055 data
1379 2011 1419 2057 est

61 2071 140 2151 φίους
152 2072 259 2146 λύκους,
272 2071 448 2154 θριάμῦευσον
464 2074 510 2130 καί
529 2074 619 2146 σιηλί-
674 2068 724 2128 tibi
739 2092 755 2128 a
769 2013 846 2147 deo,
861 2070 907 2131 dic
920 2072 998 2131 nobis
1016 2072 1051 2131 de
1074 2073 1188 2133 instante
1208 2074 1306 2133 οεοειιίο
1323 2075 1416 2135 malo:

62 2153 143 2220 έπτυις
169 2157 217 2224 τῆς
244 2151 320 2231 ἁγίας
341 2151 455 2230 ποίμνης
473 2155 520 2209 τοῦ
538 2154 619 2213 Θεοῦ.
673 2148 792 2209 occtdtos
810 2149 889 2231 lupos
905 2150 1009 2230 detege,
1023 2152 1058 2212 de
1070 2153 1226 2244 raptoribus
1239 2154 1308 2214 sacri
1330 2156 1420 2235 gregis

69 2221 153 2306 Οίδα,
167 2231 208 2292 ὅτε
222 2230 412 2292 steintunam
424 2230 492 2309 μετά
504 2231 553 2304 τὴν
564 2233 621 2314 ἀφι·
675 2228 726 2288 Dei
751 2229 834 2288 trium
852 2230 900 2290 ha.
925 2230 1027 2291 Paulus
1047 2231 1139 2292 dini:
1153 2234 1219 2295 Scio
1232 2237 1304 2315 quia
1325 2238 1419 2295 intra·
1429 2251 1568 2312 Act.2o.a9.

61 2321 137 2393 αρεῖς
152 2314 188 2379 εἰς
202 2317 286 2389 ὑμᾶς,
301 2309 338 2389 μὴ
351 2310 499 2391 φειδόμενοι
507 2316 552 2371 τοῦ
562 2337 620 2372 ποι·
676 2309 814 2389 buntpost
848 2314 1025 2371 'scessionem
1031 2334 1127 2371 meam
1135 2313 1343 2403 lupipravesin
1350 2335 1417 2390 vos,

61 2397 186 2471 ταντεχοῦ
197 2390 257 2458 τοὺς
270 2389 405 2469 θεολόγους
418 2397 620 2470 συμφωνοῦντας
676 2408 736 2446 non
751 2403 904 2469 parcentes
925 2394 1015 2472 gregi.
1038 2392 1139 2452 Viden'
1161 2392 1262 2484 ubique
1281 2392 1420 2474 theologos

70 2470 132 2552 περὶ
153 2475 206 2530 τῶν
223 2469 306 2530 ἀθέων
319 2474 467 2553 αίρετικῶν,
479 2469 558 2539 κύνας
571 2475 619 2531 αὐ·
639 2482 655 2529 Β
674 2488 737 2528 cum
758 2468 891 2549 Magistro
908 2470 1051 2531 conootdts
1064 2472 1135 2531 circa
1156 2472 1255 2553 imptos
1268 2472 1417 2548 heroicos,

61 2549 337 2689 προσαγορεύοντας
351 2549 438 2616 καθὼς
448 2550 494 2608 καὶ
503 2552 620 2633 ἀλλαχοῦ
674 2567 741 2625 quos
761 2569 839 2608 canes
859 2563 941 2629 atque
963 2551 1042 2632 inpos
1064 2552 1186 2613 vocant?
1201 2565 1232 2611 ut
1251 2552 1332 2612 etiam
1352 2554 1419 2615 alibi

61 2653 82 2697 t·

126 2629 220 2690 λίπετε
236 2629 296 2698 τοῦς
315 2626 413 2704 κύνας,
429 2628 540 2708 βλέπετε
559 2631 619 2701 τοὺς
673 2628 711 2686 ait
723 2629 842 2688 Paulus:
860 2632 963 2690 Videte
974 2651 1074 2704 canes,
1091 2634 1191 2692 videte
1204 2634 1298 2693 malos
1311 2654 1417 2715 opera-
1430 2646 1533 2709 Philipp.
1543 2648 1569 2696 3.

61 2735 80 2781 ς,
97 2709 208 2789 βλέπετε
218 2709 265 2783 τὴν
277 2709 440 2788 κατατομήν.
452 2709 567 2770 Βλέπετε
580 2712 618 2791 μή
673 2711 743 2779 rios,
759 2710 859 2769 videte
874 2713 1081 2770 concisionem.
1093 2714 1205 2785 Videte,
1219 2733 1255 2770 ne
1274 2718 1339 2793 quis
1361 2735 1417 2775 vos
1427 2720 1450 2753 ²·

73 2792 258 2872 θσυλαγαγιῦν
281 2789 325 2849 διδ
343 2794 391 2861 τῆς
404 2789 557 2871 φιλοσοφίας
573 2793 618 2851 καί
673 2788 801 2868 decipiat
818 2811 872 2869 per
891 2790 1109 2871 philosophiam
1121 2804 1159 2851 ,et
1185 2813 1299 2850 vanam
1315 2795 1417 2874 salla·
1429 2771 1480 2816 ⁰⁰¹·
1492 2785 1514 2818 ²¹
1527 2770 1552 2819 θ’

80 2869 195 2930 Βλέπετε
210 2868 326 2951 ἀκριῦῦς
351 2874 408 2937 πῶς
431 2880 618 2952 περιπατεῖτε,
673 2870 760 2926 ciam.
779 2869 881 2928 Videte
915 2872 1039 2929 uomodo
1052 2885 1138 2930 caute
1152 2871 1327 2932 ambuletis:
1345 2894 1417 2964 quo-
1427 2889 1545 2946 optent.

61 2949 172 3032 πονηραί
191 2953 250 3011 εἰσι.
267 2948 316 3017 Τίς
330 2947 382 3018 ἔξει
396 2949 540 3030 ἀπολογίαν
552 2953 619 3031 ἀμε-
675 2951 756 3006 niam
765 2950 829 3007 dies
842 2891 917 3009 nmd'
929 2962 1008 3010 sunt.
1027 2951 1096 3025 Quis
1109 2951 1208 3031 poterit
1227 2948 1262 3010 de
1280 2952 1417 3045 negliges·
1430 2950 1509 2998 ¹5³⁶·

68 3028 116 3097 τάς
130 3029 261 3098 τοσαύτας
282 3028 477 3109 παραγγελίας,
498 3030 551 3090 ttat
569 3034 618 3092 ἀλ·
692 3026 763 3086 entia
777 3029 910 3106 excusati,
921 3051 985 3089 cum
999 3043 1039 3090 tot
1049 3044 1176 3110 tantaque
1187 3031 1289 3090 monita
1302 3032 1418 3092 audiat?

63 3109 111 3182 Mi,
127 3109 308 3191 παραδέχεσθε
330 3109 460 3190 αἱρετικὸν
481 3109 618 3192 ἀνθρωπον
674 3047 711 3166 it
729 3106 796 3166 alibi
818 3130 927 3168 rursum
948 3133 956 3166 ι
976 3112 1154 3170 Hareticum
1180 3112 1326 3170 hominem
1351 3126 1417 3193 post
1430 3116 1509 3162 Tit&
1523 3129 1558 3162 ¹⁰·

65 3189 139 3250 δευτί
157 3189 346 3250 αννουθεσίαν
365 3188 410 3247 καὶ
425 3189 518 3263 πάλιν,
537 3193 618 3250 Διδα-
674 3207 765 3246 unam
794 3201 821 3247 et
843 3190 1004 3249 secundom
1024 3194 1233 3271 correptionem
1253 3192 1374 3264 ἀενίιας
1392 3207 1419 3253 ει

68 3270 113 3330 καί
132 3271 215 3338 ςέναις
235 3269 273 3348 μὴ
285 3266 483 3350 παραφέρεσθε·
500 3270 546 3329 καὶ
564 3271 618 3331 rta'-
674 3287 791 3326 rursus:
814 3269 968 3328 Doctrinis
986 3273 1081 3330 variis
1100 3283 1128 3329 et
1141 3274 1307 3351 peregrinis
1327 3273 1568 3347 nolitellenrnoo.

67 3350 200 3433 ἄνθρωποι
217 3347 393 3486 προκύφουσιν
408 3348 452 3407 ἐπί
473 3349 504 3410 τδ
517 3359 617 3431 χεῖρον,
673 3348 800 3417 andium
818 3361 844 3406 et
865 3347 988 3408 iterum:
1011 3351 1151 3409 Haeretici
1174 3352 1306 3410 homines
1327 3352 1449 3434 profi-2.
1466 3367 1527 3411 Tim.
1543 3366 1567 3412 3.

78 3429 260 3508 πλανώμενοι·
277 3452 313 3488 κα
334 3430 468 3508 ἀλλαχοῦ,
487 3431 551 3498 Τοῖς
572 3455 618 3510 με.
673 3429 750 3485 cient
765 3430 798 3487 in
817 3430 912 3519 pejus,
928 3441 1059 3489 errantes
1073 3442 1101 3489 et
1115 3433 1147 3488 in
1162 3451 1288 3490 errorem
1301 3435 1417 3491 mitten·
1431 3429 1468 3475 ¹3·

60 3534 66 3568 t
90 3510 211 3577 ἀπίστοις
234 3509 307 3568 οὐδὲν
333 3510 457 3590 καθαρόν.
478 3507 619 3570 Ἀκούσατε
674 3517 736 3576 tes;
750 3507 873 3566 etaltb1:
889 3509 1096 3598 coinquinatis
1110 3522 1138 3569 et
1152 3511 1321 3592 infidelibus
1341 3515 1419 3572 nihil
1430 3526 1477 3569 ru.
1495 3538 1514 3569 ι.
1531 3523 1567 3571 15.

60 3589 180 3668 ιἀγείπυις
200 3588 258 3666 μετ’
279 3589 365 3646 αὐτῶν
389 3592 539 3655 ποιοῦντες·
562 3594 619 3658 πῶς
674 3597 716 3644 est
736 3588 888 3647 mundum.
904 3587 1005 3648 Audite
1024 3610 1151 3664 rursum,
1169 3590 1216 3681 qui
1235 3611 1334 3671 agapas
1355 3614 1419 3652 eum

59 3693 71 3735 ς
88 3671 168 3808 ὀργῆς
183 3672 231 3740 τῆς
244 3666 424 3767 ἐπερχομένης
442 3670 482 3748 ἐφ’
497 3672 580 3746 ὑμᾶς,
595 3675 619 3730 οἱ
674 3664 728 3723 illis
748 3666 854 3726 facitis:
877 3667 1012 3746 quomodo
1028 3668 1163 3748 effugietis
1178 3690 1247 3729 nam
1265 3691 1314 3732 vos
1337 3671 1416 3731 inva-

60 3772 96 3809 ειν
114 3773 186 3827 μενοι
205 3753 232 3810 ἐν
250 3750 366 3886 γδρωσει,
384 3751 410 3808 ἐν
425 3748 542 3825 πόμασι,
562 3754 619 3817 πῶς
636 3761 655 3809 c
673 3743 791 3820 dentem,
805 3747 852 3826 qni
866 3768 928 3806 cnm
944 3748 988 3807 his
1001 3749 1028 3807 in
1042 3749 1103 3807 cibo
1118 3761 1144 3809 et
1157 3762 1222 3830 potu
1238 3751 1418 3817 commacula-

60 3833 125 3888 ίθεῖν
145 3837 201 3897 τοῖς
219 3835 248 3888 θε
259 3851 298 3894 οις
322 3825 477 3910 μυστηρίοις
496 3827 542 3886 καὶ
560 3853 577 3910 φ
597 3854 618 3889 ι-
674 3824 762 3885 mini?
776 3826 911 3904 quomodo
922 3826 1027 3887 audetis
1039 3828 1163 3888 acmdere
1174 3827 1210 3888 ad
1218 3828 1313 3888 divina
1325 3843 1351 3888 et
1365 3843 1419 3890 tre-

60 3916 134 3981 ττοῦς
153 3907 171 3979 ἢ
192 3912 241 3967 οθκ
260 3905 390 3978 ἠκούσατε
414 3911 460 3965 τοῦ
486 3853 617 3989 μακαρίου
673 3902 769 3965 menda
784 3905 887 3966 Christi
904 3907 1052 3989 mysteria?
1069 3929 1157 3967 nonne
1173 3907 1289 3968 audistis
1305 3909 1417 3969 beatum

60 4012 104 4064 υς,
128 3988 169 4047 ἀει
187 3990 229 4048 Oh
246 3985 355 4046 δύνασθε
376 3987 501 4069 πυτίριον
519 3991 559 4048 ίίυ
578 3989 617 4048 ίου
672 3984 789 4044 Paulum
804 3985 962 4045 clamantem
979 4010 986 4043 ε
1005 3988 1076 4046 Non
1086 3991 1207 4068 potestis
1220 3988 1344 4047 calicem
1355 3992 1416 4049 Do·
1429 4019 1448 4050 t.
1466 4005 1516 4051 con
1532 4021 1568 4055 ιο.

64 4091 117 4148 ριον
135 4067 283 4146 δαιμόνων·
306 4068 335 4124 οὐ
357 4065 466 4126 δύνασθε
485 4013 617 4146 τραπέζης
672 4068 746 4122 mini
759 4066 863 4137 bibere,
876 4078 904 4125 et
918 4066 1041 4126 calicem
1054 4068 1262 4126 demoniorum
1276 4090 1285 4124 .·
1297 4089 1356 4127 non
1364 4090 1416 4149 po-
1426 4081 1464 4114 20·
1481 4084 1519 4115 ²¹·

60 4172 84 4223 ν,
96 4144 142 4208 καί
154 4146 287 4226 τραπέζης
307 4146 464 4224 δαιμονίους
482 4145 616 4217 Ἐξέλθατε
672 4147 754 4204 testis
771 4149 950 4225 participare
972 4167 1078 4205 mensa
1100 4148 1234 4219 Domini,
1256 4159 1284 4207 et
1309 4170 1416 4209 measa·

60 4253 87 4302 ν,
109 4226 154 4286 καί
178 4226 326 4306 ἀκαθάρτου
345 4224 383 4304 μὴ
408 4225 531 4287 ἅπτεσθε.
549 4217 616 4309 Ἆρα
670 4225 892 4284 demersionem
915 4223 997 4285 Exite
1010 4224 1045 4284 de
1059 4226 1150 4285 medio
1163 4226 1295 4308 ipsorum,
1313 4241 1339 4287 et
1359 4228 1415 4288 im-

60 4311 143 4386 θμῖῖςς
170 4304 188 4376 ἢ
213 4308 249 4375 είς
272 4306 345 4366 κενδν
365 4311 500 4385 κοπιῶμεν
518 4307 564 4367 καί
580 4311 616 4375 είς
670 4303 802 4363 mundum
814 4326 848 4364 ne
858 4305 984 4384 tangatis.
996 4307 1069 4365 Num
1083 4306 1162 4366 vobis
1174 4306 1414 4389 persuadebimus?

67 4412 75 4459 ς
91 4385 167 4458 Πλὴν
179 4385 223 4446 nt
238 4384 298 4452 τοὺς
320 4386 442 4454 θελοντας
463 4386 508 4446 καί
532 4411 613 4447 σπου-
670 4405 736 4443 num
748 4386 848 4443 trustra
862 4385 1027 4462 laboramus,
1041 4399 1066 4445 et
1081 4385 1109 4446 in
1120 4407 1209 4445 aerem
1223 4388 1306 4445 verba
1320 4388 1414 4448 t'undi-

59 4493 79 4526 ιν
89 4468 133 4527 τδν
146 4464 222 4546 λύγον
233 4465 278 4524 καί
289 4474 383 4536 ποιεῖν,
397 4468 444 4525 οῦκ
458 4467 612 4541 ἀποκνήαω,
669 4464 752 4523 inus?
767 4467 891 4524 Attamen
904 4485 998 4525 eomm
1016 4465 1113 4545 gratia,
1130 4465 1178 4545 qui
1197 4467 1293 4528 volunt
1303 4482 1329 4527 et
1348 4467 1414 4529 dant

59 4571 82 4607 ιν
95 4552 148 4606 τῶν
164 4544 290 4624 ρημάτων
310 4544 432 4616 Παύλου,
451 4545 520 4605 ἀλλά
533 4548 612 4606 πάλιν
668 4565 777 4625 operam
795 4557 824 4602 ut
838 4544 950 4604 audiant
962 4558 989 4604 et
1000 4544 1112 4621 iaciant,
1126 4567 1180 4607 non
1192 4547 1282 4627 segnis
1293 4570 1349 4626 ero,
1367 4570 1413 4609 ne-

59 4625 186 4698 κούσατε,
208 4624 255 4698 Μὴ
280 4625 382 4703 γίνεσθε
404 4628 614 4725 ἑτεροζυγοῦντες
696 4646 748 4684 tea
767 4624 858 4686 verbis
870 4624 948 4684 Pauli
962 4623 1151 4704 discedemus,
1163 4626 1213 4687 sod
1230 4650 1340 4688 τιιεειιιο
1354 4629 1412 4688 haeo

77 4706 129 4787 γδιρ
161 4704 284 4765 κοινωνία
318 4706 386 4785 φωτὶ
412 4728 477 4787 προς
504 4704 613 4778 σκότοςς
665 4646 756 4765 dicam
771 4729 777 4761 :
795 4702 896 4765 Audite
914 4728 921 4763 :
937 4707 1039 4765 Nolite
1047 4709 1153 4788 jugum
1166 4709 1271 4767 ducere
1283 4729 1350 4769 cum
1365 4714 1442 4767 iri-2.
1457 4718 1510 4763 cor.
1521 4720 1545 4766 a.

59 4785 249 4869 θρασύστομοι,
276 4786 299 4843 οί
320 4783 455 4862 λέγοντες,
481 4785 518 4863 μὴ
540 4788 611 4865 εἰρῆ-
664 4785 812 4863 fidelibus.
830 4786 901 4863 Quae
912 4789 989 4844 enim
1000 4790 1124 4846 soct'etas
1136 4786 1197 4846 luci
1209 4789 1250 4845 ad
1257 4792 1409 4848 tenebras?
1425 4783 1459 4838 ¹4·

80 4875 139 4932 ταῖς
155 4865 235 4931 θείαις
254 4865 385 4945 Γραφαῖς·
402 4854 453 4922 Ὧν
472 4870 486 4925 θ
508 4866 576 4931 Θεὸς
593 4871 611 4938 ἡ
667 4863 786 4924 Ubinam
799 4877 862 4924 snnt
875 4863 988 4923 audaces
1002 4864 1054 4939 illi,
1068 4865 1115 4944 qni
1128 4880 1226 4946 negant
1239 4867 1297 4926 hac
1309 4868 1365 4927 dici
1380 4868 1408 4927 ia

77 4944 140 5014 δόξα
163 4946 190 5003 tv
212 4948 244 5024 τῇ
269 4942 380 5023 αἰσχύνη
405 4946 503 5018 αὐτῶν,
529 4950 553 5004 ot
577 4945 611 5004 τδι
664 4943 767 5004 divinis
776 4943 944 5025 scripturis:
964 4946 1094 5023 Quorm
1107 4947 1177 5005 deus
1193 4958 1300 5007 venter
1310 4961 1364 5020 est,
1379 4961 1407 5006 et
1419 4957 1520 5018 Philipp.
1535 4959 1559 5004 3.

59 5034 138 5099 θτεςς
171 5026 265 5084 Ταῦτα
294 5029 309 5084 θ
335 5025 440 5093 Παῦλος
462 5026 611 5106 παρακαλεῖ
665 5024 761 5104 gloria
785 5028 817 5082 in
844 5026 1028 5106 confusione,
1053 5028 1105 5106 qui
1133 5037 1250 5087 terrena
1277 5031 1404 5108 sapiunt.
1420 5037 1456 5087 ιθ·

66 5215 141 5249 nemo
162 5198 257 5262 nescit,
273 5209 346 5248 erant
361 5198 478 5248 convivio
500 5196 611 5247 fraterna
638 5194 788 5266 putantibus
801 5194 963 5265 suppeditato
976 5194 1174 5265 accipiebantur.

59 5297 74 5330 »a
95 5277 229 5343 instituta,
243 5288 319 5345 atque
330 5277 406 5327 etium
426 5293 473 5343 pro
492 5275 612 5328 alimento
