3750 5940
229 396 274 464 86
550 416 578 463 s.
607 416 747 463 solennis
774 415 964 463 anausoni.
995 417 1154 463 sueinus.
1183 416 1453 464 consumimur.

184 527 187 532 ¹
226 539 304 597 bente
318 539 445 618 majorem
462 559 527 611 esse,
541 537 698 619 eoquijam
720 551 829 598 venerat
844 557 906 596 eum
919 517 967 616 qui
1020 529 1797 621 κρείττοναιίναι,Τέωςοθντῶτοκατορθῶοαιέοποίδαζεν

226 645 356 691 uenturus
371 645 438 706 erat,
452 631 596 712 oonspieuo
611 644 637 689 et
650 630 751 689 illustri
765 652 827 690 eum
839 629 888 710 qui
901 649 967 689 non-
1022 634 1048 691 ἐν
1059 639 1117 698 ταῖς
1129 634 1181 689 τῶν
1191 634 1327 712 ἀκροατῶν
1339 630 1481 706 διανοίαις,
1491 630 1533 692 δτι
1544 638 1590 691 τοῦ
1601 637 1798 714 μαρτυροῦντος

226 724 293 799 dum
310 737 471 807 apparuerat
491 745 547 784 esse
560 723 781 807 praestantiorem.
797 721 869 784 Vide
886 742 968 801 quam
1022 729 1037 784 θ
1057 723 1268 805 μαρτυρούμενος
1281 723 1442 803 μείζων,τοῶ
1460 725 1673 808 παραγενομένου
1691 722 1799 805 πρώτω

225 818 372 898 prudenter
390 817 574 878 testimonium
596 817 721 899 proferat.
736 817 796 876 Non
811 827 968 897 putentem
1023 824 1037 878 θ
1053 815 1217 896 prehendere
1227 818 1318 893 ἐλθὼν,
1331 827 1377 881 τοῦ
1392 820 1472 893 δήλω
1487 818 1533 878 καί
1545 823 1704 900 περιφανῶς
1716 821 1732 877 θ
1746 841 1799 895 μη·

225 911 306 970 modo
319 911 446 985 ostendit,
459 910 507 971 sed
522 925 665 989 antequam
679 923 808 992 appareat
823 907 964 991 predicat.
984 914 1004 961 1)
1023 909 1095 971 δέπω
1107 909 1204 990 φανείς.
1220 910 1275 971 Καί
1287 911 1336 994 θρα
1351 916 1408 980 πῶς
1421 914 1533 978 συνετῶς
1541 910 1640 990 είσάγει
1655 908 1705 982 τὴν
1726 914 1798 991 μαρ-

224 1003 300 1062 lllud
320 999 402 1076 enini,
426 1006 485 1063 Hic
508 1018 550 1062 est
567 1024 652 1083 quem
679 1004 760 1080 dixi,¹
771 1000 801 1060 id
821 999 967 1080 signifieat,
1021 1003 1122 1086 τυρίαν.
1134 1006 1176 1063 Οὐ
1186 1004 1362 1086 γθρρανέντα
1379 1005 1456 1083 μόνον
1472 1003 1656 1078 ἐπιδείκνυσιν,
1667 1000 1738 1064 ἐλλθ
1750 1001 1798 1060 καί

225 1096 454 1176 quemadmodum
478 1111 504 1155 et
523 1095 669 1154 Matthaeus
688 1094 727 1153 ait
743 1094 900 1153 :Omnibus
920 1092 970 1172 qui
1022 1095 1114 1247 sqpluh
1130 1101 1244 1179 φανῆναι
1255 1098 1438 1180 ἀνακηρύττει.
1461 1098 1502 1158 Τὸ
1512 1096 1573 1179 γάρ,
1584 1086 1671 1163 Οθτίς
1683 1096 1756 1155 ἐστιν
1768 1093 1798 1153 δν

226 1190 263 1252 ad
279 1212 308 1250 se
323 1189 465 1250 veniebant
489 1188 618 1260 dicebat:
635 1189 701 1269 Ego
720 1189 837 1267 quidem
853 1191 969 1266 baptizo
1024 1213 1037 1248 ε

1048 1213 1107 1260 πον,
1124 1193 1202 1248 τοῦτο
1219 1189 1356 1261 θηλοῶντάς
1377 1187 1574 1270 ἐστινῶσπερ
1591 1178 1636 1246 ὧν
1652 1186 1698 1247 καί
1715 1190 1798 1246 Ματ·

78 1271 114 1303 ¹¹¹
226 1307 280 1345 vos
291 1287 324 1343 in
337 1305 417 1366 aqua
431 1287 502 1365 :qui
515 1296 612 1342 aretem
622 1293 688 1361 post
700 1305 748 1342 me
759 1282 970 1363 venit‚sortior
1024 1286 1096 1349 θαῖος
1110 1282 1199 1363 λέγει,
1218 1281 1260 1343 δτι
1273 1281 1379 1342 πάντων
1394 1281 1544 1363 ἐρχομένων
1556 1281 1622 1362 πρὸς
1642 1278 1724 1339 uiris
1742 1277 1799 1338 ἐλε-

226 1400 272 1437 ιιιε
283 1391 337 1453 est,
354 1381 499 1458 eujusego
514 1395 573 1433 nou
587 1395 649 1433 sum
664 1376 768 1455 dignus
781 1373 893 1433 solvere
906 1393 969 1432 cor·
1023 1397 1083 1454 γεν·
1095 1373 1168 1454 Ἐγὼ
1185 1372 1314 1454 μένθμᾶς
1334 1375 1452 1454 βαπτίζω
1475 1378 1502 1434 ἐν
1516 1373 1607 1433 θδατι·
1626 1377 1641 1432 θ
1658 1371 1687 1433 δέ
1712 1369 1799 1432 ὀπίσω

225 1474 331 1552 sigium
346 1468 605 1530 commaticus
621 1488 686 1548 ergo
702 1481 843 1546 antequam
857 1487 969 1548 appare·
1025 1492 1075 1546 μου
1102 1467 1258 1550 ἐρχόμενος,
1280 1467 1446 1552 ἰσχυρότερός
1464 1490 1513 1547 μου
1532 1467 1613 1546 ἐστίν,
1631 1456 1660 1526 oh
1681 1469 1730 1525 υθκ
1744 1463 1799 1542 alpi

226 1579 276 1639 ret,
289 1565 326 1623 ita
338 1563 465 1643 loquutus
478 1562 535 1622 est?
549 1562 588 1622 Ut
603 1574 742 1643 acceptum
759 1572 826 1619 esset
838 1579 969 1645 apparen-
1023 1561 1111 1629 ίκανθς
1122 1561 1202 1621 λῦσαι
1221 1561 1265 1621 τὸν
1280 1560 1380 1640 ἱμάντα
1394 1567 1439 1621 τοῦ
1462 1559 1639 1639 ὑποδήματος.
1653 1558 1735 1627 Τίνος
1754 1548 1800 1618 σίν

226 1658 261 1716 tis
282 1657 476 1732 testimonium,
496 1656 554 1736 jam
575 1654 732 1714 atiditorum
751 1651 848 1711 animis
864 1650 901 1712 ad
918 1652 970 1711 hoe
1023 1653 1109 1714 ίνεκεν
1129 1653 1175 1714 καί
1188 1655 1240 1736 πρὸ
1249 1659 1296 1714 τοῦ
1311 1654 1424 1736 ρανῆθαε
1444 1658 1520 1713 τοῦτο
1532 1654 1669 1728 ἐποίησενς
1683 1649 1745 1711 Ἵνα
1759 1653 1800 1711 εθ-

226 1750 363 1833 apparatis
388 1770 437 1830 per
462 1747 573 1811 loannis
597 1766 760 1821 sermonem;
780 1765 849 1804 neve
868 1743 970 1803 Christi
1023 1745 1221 1827 παράδεκτοςὴ
1248 1746 1380 1830 μαρτυρία
1401 1745 1509 1826 γίνηται
1525 1744 1727 1826 ρανίντος,τῆς
1740 1746 1800 1804 δια-

225 1844 281 1903 vile
294 1843 483 1902 indumentum
498 1841 617 1900 offineret
632 1839 694 1922 ipsi.
709 1840 779 1899 Nam
795 1837 849 1897 nisi
863 1835 970 1917 aliquid
1023 1837 1095 1907 νοίας
1119 1837 1171 1912 ἤδη
1199 1843 1251 1899 τῶν
1276 1839 1443 1900 ἀκουσάντων
1461 1836 1723 1919 προκατααχιθείσης
1746 1845 1802 1905 τοῖς

225 1935 259 1994 de
277 1934 386 1994 Christo
406 1932 544 1992 audissent
565 1945 710 2010 antequam
732 1930 812 1989 illum
835 1928 969 2001 viderent,
988 1929 1005 1977 F·
1023 1930 1084 2014 περί
1102 1934 1181 1993 αὐτοῦ
1190 1933 1323 2013 λεχθεῖσι,
1336 1930 1382 1990 καί
1399 1929 1480 2010 μηδὲν
1495 1935 1544 2004 τῆς
1558 1930 1677 1998 εὐτελοῦς
1686 1928 1800 2010 περιθο-

225 2027 278 2086 nisi
296 2025 479 2086 testimouium
504 2023 575 2083 illud
596 2043 725 2104 magnum
746 2036 772 2082 et
792 2021 917 2081 mirabile
935 2020 971 2082 de
1022 2026 1071 2097 λ’ἠς
1083 2023 1278 2104 λυμαινομένης
1290 2021 1430 2103 ‘ademi
1444 2019 1646 2104 μένγθρμηδέν
1658 2022 1721 2100 μηδ’
1732 2020 1801 2090 bo<

225 2121 274 2179 illo
285 2118 458 2200 accepissent,
474 2116 585 2176 habitus
603 2114 745 2175 humilitas
771 2114 863 2174 statim
882 2113 969 2173 dieto-
1024 2116 1184 2184 ἀκούσαντες
1197 2107 1264 2177 εἶδον
1277 2116 1322 2176 τθν
1347 2117 1461 2198 Χριστὸν
1474 2115 1564 2188 αὐτὸν,
1584 2114 1631 2174 καί
1651 2118 1718 2193 θμοῶ
1733 2113 1802 2194 μετθ

225 2235 287 2273 rum
309 2210 490 2293 magnitudini
507 2208 661 2269 obstitisset.
683 2207 808 2266 Christus
825 2207 897 2289 enim
913 2220 970 2266 tam
1022 2212 1071 2281 τῆς
1086 2207 1146 2277 θέας
1162 2208 1207 2268 καί
1226 2207 1275 2282 τὴν
1289 2213 1342 2269 τῶν
1357 2208 1443 2289 λίγων
1462 2205 1607 2290 μαρτυρίαν
1621 2205 1743 2276 ἐδέξαντο
1752 2206 1800 2281 τὴν

225 2307 309 2366 trivio
321 2320 348 2366 et
361 2303 469 2385 vulgari
486 2302 583 2362 habitu
605 2300 755 2376 inundabat,
768 2313 799 2360 ut
811 2314 838 2360 et
850 2299 970 2361 Samari·
1022 2298 1092 2360 obeo)
1103 2299 1257 2379 θαυμαστὴν
1271 2301 1317 2361 καί
1328 2299 1456 2380 μεγάλην,
1470 2297 1564 2368 οέθίως
1576 2299 1607 2357 θν
1621 2299 1653 2360 τθ
1666 2304 1712 2358 τοῦ
1733 2300 1801 2380 οχή·

226 2414 294 2459 tanae
315 2398 453 2475 mulieres,
477 2410 503 2456 et
521 2394 684 2479 meretrioen,¹
704 2408 730 2454 et
750 2393 890 2476 publicani
907 2415 970 2453 eum
982 2455 1007 2493 π
1024 2417 1106 2473 ματος
1127 2391 1227 2463 εὐτελές
1247 2391 1380 2476 προσέστη
1399 2395 1438 2474 τῷ
1451 2391 1555 2472 μεγέθει
1574 2394 1627 2451 τῶν
1640 2391 1801 2472 λεγομένων.

226 2514 323 2574 magna
341 2491 465 2551 libertate
486 2511 518 2550 ae
537 2488 639 2549 fiducia
659 2488 695 2547 ad
715 2488 795 2548 illum
815 2486 970 2548 aenederent
987 2510 1008 2558 a,
1023 2483 1104 2546 Οὕτω
1115 2484 1166 2566 γάρ
1177 2483 1433 2568 εὐτελέςπεριέκιιτο
1441 2490 1534 2566 σχῆμα
1545 2484 1590 2544 καί
1601 2484 1688 2545 κοινθν
1701 2484 1802 2545 ἅπασιν
1840 2517 1842 2521 ⁴

226 2586 369 2667 ipsumque
383 2584 603 2663 alloquerentur„
937 2616 943 2626 ι
1022 2582 1036 2638 θ
1051 2577 1178 2656 Χριστὸς,
1193 2579 1229 2646 ὡς
1241 2576 1287 2637 καί
1303 2576 1499 2659 Σαμαρείτιδος
1516 2587 1657 2658 γυναῖκας,
1670 2575 1716 2637 καί
1731 2577 1803 2659 πίρ-

669 2692 674 2699 ·
1023 2691 1090 2742 νας,
1112 2667 1159 2729 καί
1177 2667 1293 2736 τελώνας
1315 2668 1383 2748 μετὰ
1401 2670 1502 2744 πολλῆς
1513 2671 1563 2740 τῆς
1587 2667 1676 2738 ἀδείας
1696 2673 1803 2751 θαρρεῖν

1025 2762 1097 2843 αὐτῷ
1106 2759 1245 2842 προσίεναι
1263 2760 1309 2821 καί
1325 2760 1500 2843 διαλέγεσθαι.

268 2854 298 2912 θ.
313 2853 354 2913 Ut
368 2871 432 2932 ergo
445 2849 518 2928 dixi,
532 2849 556 2909 si
568 2849 628 2909 haee
643 2848 726 2910 verba
739 2848 821 2908 simtd
834 2847 974 2909 audissent
1064 2852 1156 2936 Ὅπερ
1169 2842 1214 2912 υθν
1228 2852 1303 2936 ἔφην,
1316 2857 1339 2913 εί
1352 2858 1418 2932 θμοῶ
1432 2853 1544 2914 καὶτῶν
1562 2853 1689 2934 ῥημάτων
1702 2853 1804 2914 τούτων

228 2959 254 3004 et
268 2942 517 3026 ipsumuid'usent,
531 2940 643 3003 loannis
662 2939 847 3021 testimonium
872 2938 972 3000 irritis·
1025 2946 1150 3020 ἥκουσαν,
1164 2944 1210 3005 καί
1227 2945 1305 3006 αθτδν
1320 2945 1476 3018 ἐθεάσαντο,
1490 2943 1538 3004 κθν
1560 2943 1742 3025 κατεγίλασαν
1755 2950 1804 3019 τῆς

228 3054 294 3101 sent.
312 3041 382 3100 Cum
396 3058 462 3099 vem
482 3049 545 3097 ante
558 3034 662 3094 Christi
683 3033 832 3098 idventum
852 3033 884 3093 id
901 3056 973 3116 saepe
1026 3035 1172 3119 μαρτυρίας
1184 3043 1231 3097 τοῦ
1244 3036 1375 3098 Ἰωάννου.
1392 3039 1447 3097 Νῦν
1464 3035 1492 3095 δὲ
1513 3035 1604 3118 πρίνῆ
1627 3040 1743 3117 φανῆναι
1757 3037 1804 3098 τθν

227 3132 421 3209 audissent,'et
433 3152 468 3190 ex
481 3128 562 3189 dietis
574 3126 689 3188 videndi
701 3126 832 3208 cupidine
845 3125 973 3187 concitati
1025 3129 1140 3212 Χριστὸν
1166 3129 1294 3197 πολλάκις
1312 3128 1463 3204 ἀκούοντες,
1483 3127 1529 3188 καί
1553 3128 1730 3211 ἐρεθιζόμενοι
1749 3137 1804 3198 τοῖς

228 3239 325 3301 essent,
343 3220 508 3282 contrarium
533 3218 654 3279 aoeidit:
678 3239 765 3298 neque
787 3218 848 3278 viso
869 3218 920 3278 illo
938 3217 973 3278 de
1024 3219 1174 3300 λεγομένοις
1197 3220 1258 3303 περί
1282 3223 1376 3295 αὐτοῦ,
1390 3219 1539 3282 τούναντίον
1561 3220 1690 3301 ἔπασχον,
1706 3222 1737 3282 od
1754 3219 1804 3295 τὴν

227 3339 282 3397 quo
303 3313 486 3375 testimonium
497 3311 666 3393 perhibitum
678 3311 782 3388 fuerat,
800 3312 857 3391 ejus
871 3310 973 3389 doetri-
1026 3317 1078 3373 τῶν
1091 3314 1218 3394 ῥημάτων
1234 3313 1406 3374 διδασκαλίαν
1418 3313 1472 3374 duh
1484 3317 1532 3385 τῆς
1545 3313 1630 3394 ὄψεως
1639 3320 1686 3374 τοῦ
1702 3337 1806 3395 μαμω-

228 3430 292 3468 nam
305 3407 470 3488 abjeoenrnt‚
485 3403 533 3465 sed
553 3424 588 3464 ex
600 3401 656 3463 lide
672 3423 756 3482 quam
767 3424 802 3462 ex
814 3401 895 3462 dictis
910 3423 974 3462 eon·
1029 3404 1150 3487 ρηθίντος
1164 3404 1343 3479 ἐκίάλλοντες,
1355 3404 1424 3466 ἀλλὰ
1434 3405 1488 3464 άπδ
1500 3408 1549 3477 τῆς
1559 3403 1673 3474 πίστεως
1687 3408 1743 3465 τῶν
1753 3404 1806 3479 ἤδη

230 3488 365 3581 ceperant,
375 3499 467 3581 ipsum
476 3496 619 3559 clariorem
630 3509 773 3576 putarunt.
783 3495 858 3556 Illud
870 3508 971 3574 autem,
1026 3497 1173 3579 λεχθέντων
1182 3496 1228 3557 καί
1239 3496 1315 3557 αὐτδν
1322 3497 1507 3580 λαμπράτερον
1518 3487 1585 3556 εἶναι
1594 3495 1756 3575 νομίζοντες.
1763 3497 1808 3558 'lh

234 3596 292 3674 Qui
298 3606 363 3672 post
373 3612 418 3650 me
425 3606 565 3651 venturus
578 3600 621 3649 est
629 3588 699 3665 ,hoe
705 3601 756 3666 est,
767 3587 973 3668 predicamus,
1029 3590 1072 3665 δέ,
1084 3588 1190 3650 Ὀπίσω
1203 3613 1253 3667 μου
1267 3588 1422 3670 ἐρχόμενος,
1436 3594 1451 3649 ὁ
1465 3592 1522 3668 μετ’
1534 3587 1582 3669 ἐμί
1594 3587 1747 3672 κημίσσων,
1756 3591 1808 3671 αδχ

229 3707 295 3764 ιιοιι,
310 3686 427 3744 futurus.
443 3683 502 3742 lloe
515 3681 588 3742 enim
605 3680 752 3741 Mattheus
765 3701 872 3758 ηυυιμιο
890 3679 974 3760 signi·
992 3696 1011 3744 B
1028 3687 1043 3744 δ
1059 3685 1116 3762 μετ’
1133 3680 1180 3760 ἐμὲ
1190 3680 1327 3761 γενόμενός
1335 3684 1399 3741 ἐστι.
1410 3683 1497 3741 Τοῦτο
1508 3687 1571 3760 γοῦν
1584 3680 1629 3741 καί
1642 3684 1807 3750 θίέατθαῖος

231 3779 294 3838 sicat
303 3799 366 3838 eum
375 3776 424 3854 ait,
438 3776 510 3835 Post
523 3797 567 3834 me
578 3778 664 3834 venit
677 3776 747 3842 αίνς
760 3793 814 3832 non
826 3771 863 3832 de
874 3772 931 3854 ejus
940 3794 975 3833 ex
1030 3773 1173 3834 αἰνίττεται
1193 3772 1287 3855 λέγων,
1300 3772 1405 3833 Ὀπίσω
1419 3797 1469 3851 μου
1484 3771 1591 3854 ἔρχεται
1603 3772 1685 3856 ἀνήρ·
1698 3776 1730 3834 σθ
1744 3772 1808 3855 περί

231 3871 320 3931 Maria
340 3868 509 3949 generatione
529 3866 660 3945 loquens,
674 3864 723 3925 sed
745 3863 780 3925 de
800 3863 919 3924 adventu
938 3863 975 3924 ad
1029 3874 1077 3941 τῆς
1090 3869 1123 3926 ἐκ
1134 3865 1242 3950 Μαρίας
1251 3865 1396 3946 γεννήσεως
1410 3869 1487 3926 αὐτοῶ
1497 3865 1591 3946 λέγων,
1605 3865 1674 3926 ἀλλὰ
1684 3865 1747 3948 περί
1758 3869 1808 3938 τῆς

231 3963 446 4047 praedicandum.
462 3962 534 4021 Nam
556 3959 581 4020 si
600 3958 636 4020 de
656 3957 825 4039 generatione
847 3958 975 4036 loquutus
1028 3959 1173 4043 παρουσίας
1183 3964 1231 4032 τῆς
1244 3956 1356 4018 κατθτθ
1368 3958 1500 4041 κήρυγμα.
1512 3960 1547 4018 Εἰ
1559 3956 1810 4040 γλρπερίτῆςρῃ.

231 4071 308 4136 esset,
320 4077 374 4117 non
387 4053 502 4116 dixisset
511 4052 547 4114 de
558 4050 695 4132 prasenti,
710 4048 758 4110 sed
770 4048 805 4111 de
818 4049 953 4131 praeterito
964 4073 972 4107 t
1029 4055 1129 4127 νήσεως
1151 4051 1247 4131 ἔλεγεν,
1266 4053 1313 4111 οὐκ
1329 4050 1360 4110 θν
1374 4040 1456 4123 εἶπεν,
1469 4047 1617 4132 Ἔρχεται,
1635 4052 1704 4124 ἀλλ’,
1724 4041 1808 4123 ilde*

228 4149 287 4227 jam
299 4149 373 4209 enim
385 4161 465 4208 natus
476 4159 533 4207 erat
547 4144 691 4221 Christus,
705 4163 768 4204 cum
789 4143 849 4202 haeu
861 4146 976 4204 loannes
1029 4146 1214 4228 γεγεννημένος
1235 4144 1288 4228 γάρ
1306 4136 1338 4217 ἦν
1351 4145 1393 4204 ὅτε
1412 4151 1496 4204 ταῦτα
1517 4145 1628 4223 ἐλέγετο.
1644 4142 1681 4203 Τί
1694 4133 1740 4204 ode
1751 4147 1809 4205 ἐστι

232 4240 344 4300 dicaret.
359 4240 436 4312 Quid
460 4252 550 4302 autu
571 4235 707 4318 significat
726 4234 815 4313 illud,
831 4235 914 4294 Ante
931 4256 977 4296 me
1029 4240 1076 4313 τὸ,
1090 4236 1260 4320 Ἐμπροσθίν
1271 4261 1320 4316 μου
1334 4237 1424 4316 γέγυνε
1433 4258 1442 4312 ;
1460 4234 1663 4318 Δαμπράτερος,
1680 4235 1809 4314 Ιἐντιμό-

224 4335 331 4416 sactus
345 4340 410 4393 est?
427 4332 533 4393 clarior
554 4351 650 4412 nempe
663 4350 695 4390 ae
707 4327 887 4410 splendidior.
906 4327 977 4388 Nam
1030 4356 1111 4416 τερος.
1129 4330 1176 4404 Μὴ
1188 4328 1256 4411 γάρ,
1268 4329 1359 4403 ἐπειδὴ
1372 4333 1475 4410 πρῶτος
1495 4320 1575 4401 ἦλθον
1589 4327 1727 4410 κηρύττειν
1738 4325 1808 4408 ἐγὼ,

233 4424 308 4507 quod
323 4425 398 4507 prior
416 4425 568 4505 praedicans
579 4422 701 4485 venerim
720 4443 781 4503 ego,
796 4442 832 4481 ne
852 4443 895 4481 me
915 4421 977 4482 ideo
1030 4424 1085 4485 ἀπὸ
1101 4422 1194 4484 τούτου
1209 4422 1314 4503 μείζονα
1336 4420 1434 4482 ἐκείνω
1449 4445 1482 4500 με
1496 4410 1563 4480 εἶναι
1583 4419 1726 4498 νομίσητε·
1739 4417 1809 4481 rulth

189 4559 196 4568 -
232 4522 362 4602 majorem
384 4539 440 4579 esse
460 4516 559 4598 putetis
573 4540 581 4574 ι
593 4516 673 4596 longe
692 4516 781 4575 minor
800 4535 849 4596 ego
864 4536 936 4592 sum,
951 4529 977 4575 et
1030 4516 1207 4596 γδρίλάττων
1222 4512 1347 4595 ἐγιλ,καί
1359 4517 1484 4573 τοσοῦτον
1494 4511 1620 4584 ἐλάττων,
1635 4514 1672 4580 ὡς
1688 4511 1757 4590 μηδὲ
1772 4514 1810 4580 είς

232 4635 317 4693 usque
332 4612 400 4672 adeo
415 4610 523 4686 minor,
543 4623 574 4668 ut
595 4607 759 4687 nequidem
782 4607 858 4668 illius
882 4629 977 4668 servus
1030 4607 1121 4669 δούλου
1134 4606 1206 4676 τάξιν
1219 4605 1288 4676 ἄξιος
1300 4594 1367 4665 εἶναι
1377 4603 1578 4685 καταλέγεσθαι.
1590 4605 1677 4663 Τοῦτο
1686 4605 1740 4685 γάρ
1753 4607 1810 4664 ἐστι

232 4707 332 4767 censeri
346 4705 446 4785 dignus
456 4703 519 4763 sim.
533 4700 566 4764 ld
579 4699 651 4760 enim
664 4700 800 4782 signifieat
811 4698 893 4779 illud,
908 4701 976 4762 An·
992 4710 1011 4758 c
1028 4698 1252 4782 τδ,Ἔμπροαθέν
1265 4723 1315 4778 μου
1327 4695 1447 4777 γέγονεν·
1462 4696 1528 4778 ὅπερ
1540 4695 1635 4779 ἑτέρως
1645 4697 1809 4777 παραδηλῶν

233 4814 261 4860 te
274 4823 320 4861 me
322 4803 429 4883 factus
441 4810 483 4858 est
498 4821 507 4853 :
521 4793 596 4876 quod
609 4794 663 4854 alio
676 4794 796 4856 declarat
808 4793 890 4855 modo
903 4795 976 4855 Mat·
1028 4796 1042 4852 θ
1056 4796 1193 4859 Ματθαῖος
1205 4790 1292 4877 ἔλεγεν
1304 4813 1311 4826 ·
1324 4792 1382 4850 Οὐκ
1397 4788 1452 4867 εἰμί
1466 4788 1554 4856 ίκανθς
1563 4791 1641 4850 λῦσαι
1651 4787 1696 4848 τθν
1711 4788 1812 4868 ἱμάντα

231 4878 318 4954 thaeus
332 4892 375 4953 his
389 4887 490 4966 verbis,
505 4889 574 4949 Nou
588 4907 652 4948 sum
670 4886 777 4967 dignus
787 4886 901 4948 solvere
912 4907 974 4947 eor·
1030 4892 1075 4947 τοῦ
1092 4883 1263 4963 ὑποδήματος
1280 4884 1368 4943 αὐτῶ.
1381 4880 1447 4941 Ὅτι
1461 4880 1489 4940 δὲ
1506 4879 1565 4942 οὐδὲ
1578 4881 1622 4956 τθ,
1636 4879 1809 4963 Ἔμπροαθίν

265 5093 365 5147 sSavil.
379 5095 473 5145 etblss.
485 5090 606 5158 μίυτὶιιιοσ
615 5086 750 5156 sequimur.
761 5085 886 5155 [Quidam
897 5083 998 5137 addunt
1079 5084 1160 5135 ollos.
1180 5091 1205 5131 et
1224 5080 1300 5131 Savil.
1322 5089 1473 5154 ιιῃμότφος,
1494 5090 1528 5151 μὴ
1545 5091 1590 5151 γὰρ
1613 5084 1697 5141 impp,
1719 5078 1809 5134 morel,

233 5181 293 5226 ἀλλὰ
304 5182 366 5239 μετὰ
384 5177 457 5231 alleles
475 5175 595 5236 θυναμίνης
607 5175 648 5225 τάς
664 5178 708 5219 τῶν
726 5171 816 5220 πολλῶν
834 5173 906 5232 ψυχάς
926 5186 998 5218 κατα·
1047 5162 1161 5230 qttaedum
1176 5158 1258 5212 addit.

271 5266 281 5277 ,ν
313 5252 321 5278 Ἰ
