3750 5940
538 421 568 470 s.
595 423 733 476 sotuurs
758 420 942 499 curmosr.

412 812 572 873 ttottssttt
594 812 667 873 LXI.

173 999 241 1059 Cur.
253 996 289 1056 X.
302 1022 331 1060 v.
345 1002 402 1074 bb..
415 1001 511 1060 Fucta
536 1013 604 1060 sunt
623 1014 721 1061 autem
736 1006 868 1061 encoeru'a
881 1006 913 1059 ir.

209 1090 414 1166 Jerosolymts,
426 1102 454 1149 et
466 1092 559 1150 biems
572 1104 645 1151 crat.
659 1092 708 1150 25.
724 1093 765 1150 Et
777 1093 912 1153 ambula·

210 1188 264 1250 bat,
274 1187 361 1246 Jcsus
375 1188 408 1243 in
421 1186 539 1265 templo,
556 1189 589 1244 in
606 1189 720 1265 porticu
733 1185 908 1247 Salomonis.

209 1277 519 1338 &circumdederunt
531 1275 675 1360 crgoteum
683 1279 791 1351 Judaet',
799 1291 826 1338 et
836 1279 912 1336 dice-

174 1427 181 1442 ,
208 1371 280 1427 hunt
290 1371 337 1427 ei.-
353 1369 509 1450 Quousque¹
520 1373 653 1438 animum
667 1381 798 1429 nostram
809 1370 912 1429 tollis?

210 1556 237 1611 t.
248 1554 346 1615 Omnis
358 1554 470 1635 quidem
482 1555 570 1616 virtus
581 1555 653 1615 bona
668 1569 717 1635 est,
727 1555 846 1616 maxime
860 1576 908 1614 au·
928 1570 943 1617 fl

166 1658 221 1704 tem
243 1645 420 1707 mansuetudo
433 1660 460 1706 et
472 1646 620 1708 clementia.
630 1646 700 1707 -flaec
713 1667 761 1706 nos
784 1646 907 1707 homines

164 1756 221 1796 csse
230 1736 405 1818 demonstrat,
421 1753 447 1799 ct
456 1761 473 1799 a
482 1739 546 1802 ieris
560 1737 665 1798 dirimit
680 1737 753 1798 :baec
763 1759 812 1798 nos
824 1759 904 1818 ange-

162 1831 197 1893 lis
208 1847 337 1914 exaequat.
347 1833 412 1894 Ideo
426 1833 550 1894 Christus
568 1824 717 1913 boqucntes
729 1832 765 1893 de
777 1833 829 1892 hac
842 1832 902 1893 rir-

161 1937 219 1986 tute
228 1927 310 1990 verba
320 1927 394 2002 facit,
406 1949 469 1987 cum
490 1927 569 1988 mites
582 1940 609 2006 qt
625 1938 777 1985 mansuetos
789 1947 846 1985 esse
857 1926 903 2005 ju·

160 2015 215 2077 bet.
229 2018 323 2098 Neque
336 2019 418 2080 verba
426 2031 531 2079 tantum
546 2018 619 2095 sncit,
633 2015 680 2077 sed
692 2030 717 2076 ct
731 2016 857 2097 operibus
867 2014 903 2075 ad

160 2108 190 2168 id
212 2131 261 2170 nos
285 2109 410 2188 instituit,
434 2110 514 2172 modo
537 2110 629 2192 alapas
647 2109 795 2192 perferens,
821 2106 902 2168 modo

159 2201 281 2263 convicia
298 2215 324 2262 et
333 2203 455 2281 insidias,
470 2224 501 2263 ac
514 2223 622 2263 rursum
636 2221 698 2261 oum
711 2200 901 2261 insidiantibus

158 2313 275 2354 versans.
284 2296 354 2355 Nam
366 2295 414 2376 qui
426 2294 622 2356 demoniacum
640 2293 720 2353 idum
734 2306 760 2353 et
780 2291 900 2355 Samari-
918 2315 937 2363 c

158 2398 251 2445 tanum
261 2388 471 2470 appellaverant,
483 2388 530 2468 qui
547 2408 615 2468 stepe
628 2385 750 2447 occidere
760 2387 839 2446 illum
852 2407 899 2447 ro·

156 2476 270 2557 lucrant,
292 2481 340 2559 qni
361 2479 500 2562 lapidibus
512 2472 693 2561 impetierant,
711 2478 741 2538 bi
758 2479 898 2540 circumsi-

156 2583 230 2631 stunt
254 2585 280 2632 et
292 2572 466 2653 interrogant,
479 2573 512 2634 Si
535 2586 566 2632 tu
587 2593 618 2631 es
638 2572 793 2632 Christus?
807 2573 899 2652 Neque

154 2662 216 2724 illos
230 2677 290 2746 post
304 2678 342 2726 tot
361 2665 479 2746 talesque
498 2664 610 2726 insidias
625 2664 801 2746 1·epulit,sed
822 2687 897 2726 man-

153 2769 227 2818 suete
249 2757 397 2819 admodum
419 2757 565 2840 respondit.
595 2761 629 2817 At
651 2757 842 2818 necessarium
857 2773 897 2820 est

151 2849 226 2911 hunc
242 2872 391 2923 sermonem
403 2850 485 2911 altius
505 2865 630 2932 repetere.
645 2854 744 2911 Facta
756 2864 834 2926 sunt,
853 2852 895 2912 in-

151 2944 219 3023 quit,
232 2950 364 3006 enooeut'u
378 2949 410 3004 iu
426 2946 633 3023 lerosolymis,
657 2957 686 3004 et
708 2946 801 3005 biems
821 2961 894 3007 erut.

148 3037 268 3117 Magnus
279 3038 326 3099 hie
339 3036 398 3098 dies
407 3039 491 3099 festus
503 3052 530 3098 ct
541 3037 655 3098 solennis
665 3051 729 3097 crat.
752 3039 813 3112 Qua
823 3040 896 3100 euim

149 3128 195 3190 dic
207 3131 339 3214 templum
354 3146 535 3193 constructum
545 3133 641 3208 suerat,
652 3153 686 3192 er
696 3132 774 3213 longa
791 3148 817 3193 et
831 3135 894 3194 Per-

149 3223 204 3282 sica
218 3224 318 3286 reversi
331 3225 495 3305 captivitate,
511 3224 580 3285 hanc
604 3224 783 3284 celebritatem
803 3226 892 3286 soleo-

148 3314 349 3394 niteragebant.
363 3315 425 3375 Diei
444 3316 512 3375 sesto
523 3315 616 3375 aderat
629 3317 760 3376 Christus.
775 3319 893 3380 Instante
910 3324 929 3371 D

148 3427 265 3486 namque
278 3421 380 3484 morte,
396 3408 546 3486 frequenter
569 3408 596 3466 in
612 3407 735 3468 Judaeom
758 3410 890 3471 veniebat.

151 3500 409 3559 Circumdederunt
421 3519 488 3579 ergo
498 3520 562 3557 eum
574 3500 672 3557 Judoet'
685 3512 712 3557 ct
727 3501 864 3560 dicebant
879 3527 887 3558 :

151 3596 306 3677 Quousque
326 3599 459 3653 animam
481 3607 610 3653 nostram
633 3594 737 3653 tollis?
753 3595 785 3655 Si
813 3610 888 3658 tues

148 3688 290 3764 Christus,
304 3688 352 3747 dic
367 3690 450 3746 nobis
472 3686 585 3766 palam.
609 3685 668 3743 Non
688 3683 769 3760 dixit,
782 3687 857 3761 Quid
872 3711 887 3748 a

41 3826 44 3830 Δ
146 3799 189 3839 me
200 3779 341 3859 quaeritis?
353 3778 549 3839 daemoniacum
575 3798 644 3857 saepc
656 3777 784 3855 vocastis,
802 3780 888 3840 surio-

145 3893 216 3950 sum,
239 3873 461 3935 samaritanum:
477 3873 535 3930 Deo
560 3869 744 3933 adversarium
767 3886 792 3929 et
810 3872 886 3933 dece-

145 3979 278 4048 ccptorcm
299 3987 343 4026 me
362 3965 477 4047 putastis
490 3984 567 4023 esse:
584 3976 609 4022 et
636 3984 723 4043 nuper
745 3964 885 4043 dicebatis,

0 4067 85 4114 aaut·
97 4061 133 4111 ¹³·
148 4062 190 4119 Tu
204 4065 400 4121 testimonium
422 4061 555 4139 perhibes
569 4059 606 4117 de
626 4062 739 4137 teipso;
754 4065 885 4119 testimo-

144 4156 224 4211 nium
239 4166 387 4213 tuumuon
401 4164 444 4211 cst
459 4172 561 4209 uerum
578 4171 586 4204 :
602 4170 651 4208 cur
663 4169 726 4227 ergo
737 4148 884 4231 iuterroga-

142 4247 177 4304 tis
189 4257 216 4304 ct
230 4246 263 4304 dc
277 4266 320 4303 mc
330 4243 424 4303 audire
434 4241 527 4318 vultis,
549 4242 626 4322 cujus
644 4240 827 4301 testimouium
840 4266 883 4302 re-

137 4336 246 4415 jicitis?
261 4337 336 4396 Nihil
357 4337 456 4395 horum
471 4333 542 4393 dixit
553 4379 562 4411 ,
592 4332 641 4391 etsi
667 4347 756 4393 nosset
781 4335 883 4394 malurn

142 4429 362 4508 interrogantium
381 4429 510 4487 animum.
526 4429 594 4486 Nam
609 4426 683 4504 quod
696 4449 757 4485 eum
769 4428 882 4487 circurn-
901 4440 920 4485 t:

140 4519 264 4579 dederint
278 4542 309 4578 nc
332 4519 474 4595 dixerint,
502 4522 656 4598 Quousqtte
683 4523 815 4577 animam
832 4542 881 4579 no-

139 4625 233 4671 stram
247 4612 346 4671 tollis?
362 4611 390 4670 id
403 4610 546 4671 videbatur
559 4633 593 4670 cx
611 4632 701 4669 amore
725 4611 841 4689 quodam
856 4628 881 4672 ct

19 4719 130 4765 sottum
138 4702 260 4763 discendi
270 4703 359 4764 studio
371 4703 514 4785 proticisci.
525 4707 603 4762 Mens
614 4703 881 4783 utrtcmdinterrogan·

4 4781 117 4828 uteorum
138 4796 207 4857 tium
221 4809 345 4876 corrupto
359 4810 385 4855 et
405 4794 518 4854 subdola
541 4808 604 4853 erat.
629 4795 699 4866 Quia
715 4796 785 4853 cuim
801 4817 880 4875 opera

16 4859 82 4889 rmus.
138 4888 279 4951 calumniis
300 4909 352 4948 uon
373 4888 453 4949 obvia
469 4902 552 4963 erant,
567 4888 656 4946 uerbis
671 4909 763 4969 capere
777 4910 880 4966 quaerc·
919 4898 935 4944 ,²

172 5087 184 5117 *¹
202 5087 254 5152 [tri
270 5102 327 5136 curn
339 5082 405 5136 desit
423 5085 448 5133 in
466 5081 543 5134 Soril.
563 5093 590 5134 et
605 5080 687 5132 Codd.
707 5084 812 5147 nostris,
826 5082 896 5135 uncis

135 5164 287 5218 inclusimus.
298 5166 358 5215 Mox
369 5159 513 5214 eorumdem
526 5162 677 5213 auctoritate
690 5167 728 5214 καί
744 5172 801 5212 onte
814 5166 896 5229 δαιμο-

134 5258 206 5301 νῶνῐα
217 5242 373 5312 adjecimus]
