3750 5940
295 418 329 467 ru
357 418 484 468 nrcruu
509 418 692 485 arescunt,
721 419 790 466 τιον
817 419 923 484 Quen,
951 420 1028 467 ατο.
1236 405 1239 408 ’
1371 396 1441 496 857
1506 380 1527 393 Ἴ

71 544 119 602 Δεῖ
134 541 163 602 δέ
183 539 293 614 είδέναι,
311 541 354 603 ὅτι
368 541 648 624 θΘεὸςπρογινώσκει
698 561 763 621 crgo
773 539 932 601 mandatum
940 539 1017 601 dedit
1025 541 1060 616 ei,
1068 541 1131 621 quii
1223 563 1276 603 non
1287 557 1443 605 servaturus

61 648 85 696 ι,
97 622 189 683 δίδωσι
201 619 229 681 δέ
239 619 299 690 τοὸς
308 621 418 698 νόμους,
430 624 477 682 oie
486 626 523 689 είς
534 623 578 682 τὸν
596 648 648 682 πα·
699 620 777 680 erat?
794 619 941 680 Sciendum
953 629 1048 681 autem
1059 634 1108 696 est,
1121 561 1212 681 Ιθᾞ
1226 623 1318 682 omnia
1332 624 1443 703 quidem

61 700 158 761 ιύνονά
178 705 255 783 ορῶν,
270 700 338 760 ἀλλά
351 701 396 761 καί
410 704 445 768 είς
459 703 503 763 τὸν
518 702 648 779 μέλλοντα
701 699 833 781 prescire,
844 699 916 780 leges
928 722 992 760 vero
1002 701 1078 773 dare,
1094 722 1147 759 non
1162 701 1236 780 quod
1248 702 1283 761 ad
1296 716 1443 784 transgres-

63 781 89 841 ιά
103 782 130 840 τί
150 726 177 840 d
191 783 227 848 ὡς
247 781 341 861 ἐχθρὸς
355 787 506 862 μονομιρῶς
519 781 567 854 τὴν
580 781 647 862 πρύ-
702 800 774 839 εοεαε
787 779 875 838 solum
888 780 1024 862 respiciat,
1033 779 1079 840 sed
1092 780 1173 840 etiam
1183 781 1221 840 ad
1231 801 1286 860 eos,
1303 783 1349 860 qui
1360 783 1444 864 probe

61 859 219 930 ζειςςδιάτί
231 860 649 941 λίγεις,ύτιούπροῄδιιὸθεὸς,
701 872 764 918 sunt
778 859 874 918 acturi.
891 860 948 919 Cur
967 881 1032 920 vero
1050 874 1081 919 ut
1101 860 1227 920 inimicus
1249 863 1444 942 praescientiam
1520 873 1523 877 ’

61 940 188 1021 ,αρτιίσεις
202 939 246 999 διδ
259 939 286 998 τί
295 938 330 999 τὸ
340 940 456 1018 ἑπόμενα
466 940 511 1000 καί
520 938 554 999 τὸ
564 939 590 1008 ἐξ
607 943 649 999 οὐ·
701 938 801 1019 partim
816 952 924 999 mutum
938 940 1095 999 examinas?
1108 961 1157 1000 cur
1167 940 1247 1017 dicis,
1260 946 1357 1001 Annon
1366 964 1443 1064 prae-

61 1020 150 1087 ουθίας
167 1019 340 1099 παρεπόμενα
360 1029 551 1099 παρασιωπᾷςς
570 1019 650 1079 Ἀλλδι
702 1017 802 1076 sciebat
824 1019 897 1079 Deus
913 1018 987 1097 quod
1008 1019 1095 1078 Adam
1115 1034 1274 1112 peccaturus
1293 1034 1373 1080 esset.
1397 1042 1446 1081 cur

61 1102 230 1180 ἀγνωμονῶν·
247 1097 300 1179 ἐγὼ
320 1098 347 1159 δέ
369 1123 402 1170 κη
426 1098 490 1158 ’ττω
509 1099 649 1172 πιστεύων,
704 1117 767 1158 vero
779 1119 822 1175 ea,
837 1118 897 1177 quae
917 1120 952 1158 ex
973 1098 1067 1158 eodem
1080 1099 1219 1160 ratiocinio
1233 1114 1444 1180 consequuntur,

61 1180 139 1251 νοήδει
150 1179 240 1246 ύΘεὸς
250 1221 257 1248 ,
269 1177 309 1237 δτι
324 1201 397 1258 παρα
416 1178 509 1250 ῆσεται
523 1184 537 1239 ὁ
552 1178 648 1256 Ἀδάμ,
660 1176 796 1250 meroes?
809 1178 854 1236 Tu
869 1190 940 1238 taces
953 1178 1078 1260 improbo
1090 1179 1191 1253 animo;
1205 1199 1254 1258 ego
1272 1193 1365 1261 utpote
1377 1179 1446 1238 fide·

69 1244 111 1320 ἀτι
131 1258 211 1317 'nest
230 1258 449 1332 δικαιωθήσεται,
462 1257 591 1338 προῄδει,
609 1258 650 1318 ὅτι
669 1265 687 1310 Α
702 1256 736 1315 lis
747 1255 776 1316 id
789 1256 941 1337 praedicabo
957 1259 1043 1318 :sicut
1056 1258 1212 1338 praesciebat
1226 1261 1300 1318 Deus
1313 1259 1449 1319 udamum

63 1337 199 1412 ιθῆσιτοι,
210 1336 336 1417 προῄδει,
347 1337 409 1396 δτιύ
435 1360 449 1396 ο
466 1337 494 1406 ὸς
503 1342 556 1396 τῶν
569 1336 650 1416 ἁγίων
702 1357 760 1395 esse
775 1348 1015 1428 transgressurum,
1033 1337 1073 1396 sic
1094 1337 1195 1397 sciebat
1215 1337 1327 1397 Abelem
1343 1339 1449 1420 justum

64 1417 184 1497 προῆδει,
194 1415 259 1477 ύτιὸ
272 1419 334 1477 Νῶε
342 1416 386 1476 τὸν
396 1361 534 1496 πάνδημον
546 1417 650 1499 ὄλεθρον
702 1414 1077 1554 ἐοτεγῳετεεοεώεῑίίοοιύιυαι
1087 1417 1300 1477 transferendum
1308 1440 1448 1499 esse,pcae·

61 1483 179 1578 προῆδει,
189 1496 231 1557 δτι
245 1495 394 1577 ’Λύραὸμὴ
410 1496 469 1576 ῥίζα
480 1502 529 1570 τῆς
538 1497 652 1564 πίστεως
704 1493 758 1554 scie
792 1496 946 1576 tjustorum
958 1497 1371 1578 chorumfore,praesciebatNoe
1384 1497 1448 1556 uni-

61 1576 153 1656 οῄδει,
178 1574 219 1636 δτι
242 1575 377 1656 λάμψουσι
405 1576 585 1658 πατριάρχαι,
607 1579 652 1634 άν-
704 1575 836 1634 versalem
858 1576 1005 1655 perniciem
1025 1589 1196 1654 enataturnm
1209 1597 1276 1654 esse,
1292 1578 1450 1659 praesciebat

61 1661 162 1737 ῳῆται,
184 1656 373 1736 διαπρύψουσιν
394 1655 553 1726 ἀπόστολοι,
567 1655 612 1713 καί
627 1655 653 1723 ἐξ
705 1654 762 1714 fore
777 1666 807 1713 ut
825 1654 963 1714 Abrabam
981 1654 1062 1714 radix
1080 1653 1145 1714 fidei
1162 1656 1276 1732 floreret,
1290 1656 1450 1738 patriarcba

61 1735 192 1817 υράματος
213 1741 259 1794 τοῦ
275 1733 415 1811 μέλλοντος
436 1733 610 1816 παραύαίνειν
624 1734 655 1793 τὸ
706 1733 889 1814 splenderent,
913 1734 1050 1816 prophetae
1079 1733 1223 1811 clarerent,
1246 1736 1361 1816 apostoli
1387 1757 1451 1796 con·

61 1812 656 1893 ιτῆςοίκονομίαςτοθΣωτῆροςάνθῆσεικαλ-
708 1813 795 1892 spicui
814 1826 916 1890 essent,
941 1828 969 1874 et
990 1814 1053 1873 exi
1073 1835 1102 1872 sa
1118 1835 1204 1875 massa
1222 1816 1281 1896 ejus
1316 1815 1345 1874 ui
1362 1829 1452 1874 trans-

74 1899 127 1953 τῶν
136 1893 291 1953 ἀποστόλων
300 1892 344 1951 τὸν
358 1891 470 1974 δρόμον,
485 1893 589 1973 προεῖδε
604 1894 656 1949 τῶν
785 1913 850 1951 urus
868 1906 937 1970 erat,
961 1893 1009 1952 illa
1029 1836 1202 1953 celeberrima
1225 1908 1251 1954 et
1269 1837 1453 1974 pulcherrima

63 1973 93 2041 δις
117 1971 266 2046 ἐνστάσεις,
288 1973 394 2053 προεῖδε
413 1975 466 2030 τῶν
487 1974 657 2049 θμολογητῶν
709 1910 859 2030 &amris
872 1973 1018 2033 oeconomia
1031 1973 1155 2031 oriretur.
1170 1974 1331 2034 Praesciebat
1344 1988 1453 2055 aposto-

61 2050 658 2204 {itpt‘te‘lttalce‘:lats
709 2048 1287 2191 llmoeiffi’mlilffilnli‘ll‘i’
1302 2054 1454 2192 ιὲῗῗίῆῖ

61 2156 148 2292 χορὸν,
172 2156 277 2292 mosidi
299 2167 400 2276 πάνταά
422 2174 481 2276 τοδί
505 2153 554 2269 ἀίω
549 2208 660 2279 ἀληθεία
709 2207 862 2284 cleriacum,
875 2175 1043 2269 saoeidotum
1056 2152 1456 2292 chorumfliiiise'iebatomnes

61 2315 95 2357 υς
117 2294 155 2368 τῷ
175 2288 362 2371 θυσιαστηρίῳ.
378 2288 415 2348 Τί
437 2280 496 2362 ούνς
510 2290 592 2369 ἐχρῆν
616 2272 660 2346 διὸ
711 2287 758 2366 (γυί
779 2287 935 2349 inveritate
955 2303 1016 2349 ante
1033 2290 1117 2349 altare
1136 2289 1257 2352 adfuturi
1274 2306 1359 2351 erant.
1382 2290 1458 2363 Quid

61 2375 151 2430 ειντοῦ
165 2369 333 2452 παραύάντος
343 2370 461 2428 κωλῦσαι
471 2368 518 2440 τῆν
533 2370 661 2463 δημιουρ·
712 2367 797 2446 ergo?
815 2387 850 2426 an
870 2369 1011 2448 oportebat
1031 2369 1067 2429 ob
1090 2369 1286 2450 praescientiam
1309 2385 1457 2450 transgres-

71 2449 119 2520 τὴν
146 2448 295 2528 πρόγνωσιν
314 2452 366 2508 τῶν
394 2445 526 2506 τοσούτων
553 2448 660 2526 ἀγαθων
713 2445 958 2511 sorisacreatione
969 2448 1107 2525 absistere,
1128 2470 1164 2508 an
1181 2470 1245 2511 vero
1264 2450 1299 2508 ob
1332 2450 1457 2510 rescien-

61 2528 78 2588 ὸ
89 2527 217 2606 πλάσμα;
230 2527 264 2587 Ἡ
281 2526 333 2607 γὸρ
346 2525 464 2607 ἁμαρτία
478 2528 495 2584 ά
515 2548 529 2584 ο
547 2525 599 2603 μὴν
612 2528 661 2584 λα-
680 2540 699 2588 Β
714 2525 780 2585 tiam
791 2539 830 2586 tot
840 2526 973 2587 bonorum
981 2527 1121 2610 opificium
1129 2527 1298 2609 producere?
1308 2473 1387 2589 ἀίοντι
1394 2549 1458 2611 pec·
1469 2546 1579 2606 ιιωνιῳι
1590 2559 1610 2587 ι.

61 2611 99 2678 τῆς
113 2609 219 2678 ἐντολῆς
235 2605 387 2679 ἐξηπάτησί
403 2630 453 2685 με,
468 2551 513 2665 καί
528 2549 561 2664 δι’
577 2609 660 2675 αὐτῆς
714 2618 814 2666 catum
828 2610 980 2666 occasione
1000 2620 1132 2687 accepta,
1150 2629 1204 2687 per
1223 2610 1396 2669 mandarum
1411 2630 1458 2669 se—

61 2685 96 2747 ‘H
108 2685 396 2769 ἁμαρτία,τουτέστιν,
408 2684 663 2766 ὁδιάὅολος.Ἀρορ-
715 2686 799 2744 drcxr't
817 2706 877 2756 me,
896 2698 925 2745 et
945 2709 998 2767 per
1018 2688 1097 2746 illud
1113 2689 1229 2747 occidit.
1247 2690 1405 2765 Peccatum,
1429 2687 1459 2749 id

61 2792 87 2827 α.
112 2767 214 2837 Ποίαν,
226 2757 432 2837 Ἐπειδὴ-εἶπεν
456 2771 471 2825 ὸ
494 2763 577 2836 Θεὸς,
599 2764 664 2824 Ἀπὸ
715 2777 764 2840 est,
777 2764 910 2824 diabolus.
925 2768 1085 2825 Occasione
1097 2779 1226 2845 accepta.
1241 2767 1321 2839 Qua?
1334 2767 1405 2840 Quia
1414 2767 1459 2826 di-

61 2869 84 2905 ιο
105 2851 152 2905 τοῦ
178 2847 257 2926 ἐντῷ
281 2843 435 2926 παραδείσῳ
455 2842 553 2927 βρώσει
575 2844 662 2924 ράγρ·
716 2843 759 2903 xit
770 2844 844 2902 Deus
858 2867 865 2901 ι
879 2846 929 2904 Ex
944 2848 1024 2904 omni
1035 2846 1115 2926 liguo
1131 2845 1211 2926 quod
1224 2859 1266 2906 est
1279 2850 1311 2905 ἰνι
1319 2848 1460 2928 paradiso
1472 2867 1528 2910 cen.
1540 2878 1561 2909 ι.
1574 2877 1609 2925 ¹7·

61 2924 132 2993 Ξύλου
150 2929 195 2985 τοῦ
220 2922 358 3004 γινώσκειν
379 2925 460 2984 καλὸν
483 2923 529 2982 καί
548 2925 663 3002 πονηρὸν
717 2924 861 2995 cornedes,·
875 2925 912 2983 de
924 2925 1004 3005 ligno
1014 2937 1113 2984 autem
1126 2928 1256 2985 scientiae
1267 2929 1336 2985 boui
1349 2940 1377 2987 et
1387 2927 1461 2986 moli

61 3005 114 3085 γάρ
127 3004 215 3083 ἡμέρα
230 3004 360 3084 φάγεσαι,
374 3003 479 3083 Θανάτῳ
499 3007 634 3083 ἀποθανῇ·
650 3008 664 3062 ὁ
718 3022 778 3062 uon
795 3004 926 3064 comedes
942 3007 996 3062 :in
1009 3024 1192 3085 quacumque
1205 3009 1283 3066 enim
1298 3007 1346 3066 dr‘e
1364 3027 1460 3066 come-

61 3084 140 3166 ιρμῆν
150 3063 240 3143 λαύιὸν
251 3083 304 3143 ἀπὸ
315 3088 363 3155 τῆς
373 3086 493 3156 ἐντολῆς,
502 3081 665 3142 κατασκευά-
717 3083 805 3155 deris,
820 3094 913 3141 morte
927 3086 1071 3155 morieris,·
1084 3082 1219 3161 diabolus,
1233 3085 1370 3145 occasione
1387 3106 1461 3144 acce
1477 3142 1480 3146 ,

61 3188 81 3238 ν,
96 3165 141 3222 καί
154 3163 226 3243 λέγει
248 3161 347 3244 τούτῳ
361 3161 440 3248 ᾜδει
452 3160 504 3243 γὸρ
523 3166 537 3220 ὁ
554 3163 635 3232 Θεὸς,
647 3154 666 3242 ἦ
717 3175 764 3242 pta
782 3181 831 3242 per
846 3161 1012 3240 mandatum,
1024 3163 1188 3222 calumniam
1201 3178 1289 3245 parat,
1300 3164 1391 3244 aitque
1400 3164 1460 3223 illi:

61 3269 67 3322 ι
81 3243 209 3325 ράγεσθε,
223 3242 326 3320 γίνεσθε
339 3245 375 3310 ὡς
388 3243 454 3312 θεοί,
473 3241 519 3301 καί
534 3241 665 3301 ἐκώλυσεν
717 3242 777 3301 Scit
788 3244 866 3301 enim
879 3243 960 3302 Deras
981 3242 1061 3323 quod
1072 3262 1255 3333 quacumque
1268 3245 1315 3304 die
1328 3245 1462 3304 comede·
1474 3260 1530 3301 cen.
1539 3256 1561 3301 3.
1572 3258 1594 3302 5.

61 3324 130 3382 άλλει
142 3322 186 3381 τὸν
197 3322 265 3381 Θεὸν
286 3324 321 3388 εἷς
336 3322 438 3401 ρθύνον,
452 3322 497 3381 καί
511 3324 547 3388 ώς
563 3320 665 3400 βασκά-
718 3324 767 3392 tie,
781 3324 862 3380 eritis
874 3324 949 3382 sicut
963 3322 1015 3397 dii,
1028 3335 1055 3381 et
1073 3321 1103 3381 rd
1122 3322 1200 3382 vobis
1232 3323 1362 3383 cohibuit.
1372 3326 1462 3383 Deum

61 3407 86 3462 οῦ
106 3400 275 3480 κατατρέχει.
293 3402 450 3460 Βασκαίνων
471 3405 562 3478 ύμῑνθ
584 3401 665 3474 Θεὸς,
719 3399 899 3459 calumniatur
918 3402 954 3460 ob
975 3399 1117 3472 invidiam,
1131 3415 1157 3460 et
1176 3401 1204 3462 in
1260 3424 1308 3463 um
1325 3403 1464 3465 invehitur

61 3481 174 3554 σοθεΐας,
191 3481 306 3539 ἐκώλυσε
320 3489 412 3560 φαγεῖν
426 3480 533 3541 ἀπὸτοῦ
545 3479 666 3560 δένδρου,
720 3493 750 3538 ιιι
774 3478 908 3539 invidum.
923 3480 964 3539 Eo
983 3480 1058 3560 quod
1076 3480 1155 3542 robis
1175 3481 1308 3543 invideret
1327 3485 1411 3557 Deus,
1431 3503 1465 3540 nc

61 3559 129 3620 ύθεον
149 3566 210 3637 ύμῖν
230 3558 387 3619 ἀνακύπτειν
403 3560 520 3637 ἔμελλεν.
535 3559 667 3640 Ἀρορμὴν
719 3558 810 3618 essetis
821 3560 1011 3640 Deoaequales,
1021 3561 1105 3621 vetuit
1116 3561 1462 3641 neoomederetisexliguo,

61 3645 97 3711 ιῆ
113 3639 248 3720 ἁμαρτία,
263 3638 366 3708 διὸτῆς
381 3642 487 3710 ἐντολῆς
502 3639 663 3710 ἐξηπάτησε.
720 3636 793 3697 unde
815 3638 954 3718 equalitas
983 3640 1032 3700 iila
1056 3641 1135 3700 robis
1158 3642 1274 3702 accedet.
1305 3645 1464 3702 Occasione

67 3719 114 3792 τὸ,
126 3718 321 3791 Ἐξηπάτησεν.
335 3720 377 3777 Οὐ
391 3717 443 3798 γάρ
456 3717 569 3790 τάληθὲς
580 3722 666 3799 ἐπηγ-
685 3732 703 3780 c
719 3717 804 3798 igitur
816 3733 947 3800 accepta,
959 3733 1112 3799 peecatum
1144 3742 1176 3780 er
1190 3725 1363 3781 mandatum
1377 3723 1462 3781 sedu-

61 3800 90 3856 λ’
113 3797 280 3869 ἐξηπάτησε,
303 3799 348 3857 καί
377 3799 410 3856 δι’
430 3801 512 3872 αὐτῆς
538 3796 666 3857 ἀπέκτει-
719 3801 773 3856 ait.
794 3798 876 3857 Recte
891 3797 965 3858 dixit
977 3797 1060 3876 iilud,
1074 3799 1110 3859 Se
1171 3804 1204 3859 it.
1232 3804 1291 3861 Non
1306 3800 1379 3859 enim
1400 3821 1464 3858 vera

61 3902 70 3955 ρ
93 3878 183 3949 ἀπάτη
208 3878 317 3936 θάνατον
339 3876 492 3955 ἐγέννησεν·
513 3880 542 3936 οὐ
566 3877 617 3974 γάρ
639 3877 668 3938 τὸ
719 3875 855 3957 promisit,
869 3876 1050 3955 sedseduxit,
1069 3891 1095 3936 et
1116 3899 1164 3958 per
1177 3878 1247 3938 illud
1267 3878 1375 3938 occidit.
1394 3880 1464 3938 Nam

61 3957 118 4031 ητδν
133 3949 174 4028 ῆν.
190 3957 289 4016 Πολλοί
303 3955 355 4038 γὰρ
375 3958 510 4016 καὶτοῦτο
531 3958 665 4034 ίνομισαν,
719 3953 840 4014 seductio
862 3969 977 4015 mortem
1000 3956 1107 4046 peperit
1127 3979 1134 4012 ι
1155 3977 1208 4017 non
1231 3959 1304 4017 enim
1323 3957 1464 4039 opificium

61 4062 114 4115 αμα
133 4035 225 4109 θνητὸν
246 4036 369 4107 ἐποίησεν
390 4035 502 4103 ὁΘεύς·
518 4039 566 4094 οὐκ
587 4027 619 4108 ῆν
638 4035 666 4094 δὲ
719 4033 832 4094 mortale
845 4048 910 4093 erat.
924 4034 1007 4094 Mulu
1022 4049 1094 4095 certe
1106 4048 1236 4116 putarunt
1249 4038 1339 4097 Deum
1353 4036 1465 4095 mortale

61 4115 163 4190 θνητόν.
177 4118 212 4175 Εἰ
228 4115 278 4195 γάρ
293 4116 338 4174 καί
357 4114 446 4195 γήϊνον
462 4106 504 4190 ἦν,
517 4111 589 4174 ἀλλά
603 4114 667 4174 ἀθά·
720 4114 862 4194 opificium
870 4114 1002 4173 creavisse
1007 4137 1016 4191 3
1026 4113 1075 4175 sed
1085 4116 1197 4174 mortale
1208 4137 1260 4176 non
1275 4130 1340 4176 erat.
1351 4115 1466 4175 Etiamsi

61 4195 201 4277 Ιιούργητο.
214 4197 247 4254 m
262 4195 313 4276 γὰρ
331 4194 368 4272 μῆ
388 4192 516 4255 ἀθάνατον
529 4194 667 4274 ἐδημιουρ·
719 4192 792 4252 enim
806 4205 925 4253 exterra
939 4206 1005 4267 erat,
1020 4193 1055 4253 ad
1070 4194 1221 4254 immortale
1235 4209 1354 4255 creatum
1369 4196 1464 4253 fuerat.

61 4300 65 4332 ι
79 4274 183 4346 θνητὸν,
198 4266 292 4354 δείχεν
307 4278 334 4334 ἐν
347 4278 380 4353 τῇ
395 4272 486 4354 φύσει,
499 4274 542 4332 διὸ
555 4274 582 4332 τί
598 4273 667 4332 κατὸι
720 4273 790 4333 Nam
797 4271 821 4331 si
831 4293 883 4332 non
891 4272 1043 4332 immortale
1051 4288 1171 4332 creatum
1178 4273 1335 4352 fuisset,sed
1344 4273 1466 4350 mortale,

60 4355 141 4413 λαύεν
147 4380 155 4427 3
171 4355 205 4412 Ei
219 4355 311 4425 θνητὸν
337 4345 369 4425 ῆν
391 4355 421 4413 τὸ
444 4353 558 4432 πλάσμα
577 4360 667 4425 τοῦτο,
721 4351 854 4431 curquod
868 4373 903 4412 ex
916 4353 1138 4412 naturahabebat
1164 4376 1211 4434 per
1223 4355 1467 4414 sententiamacce-

61 4434 88 4500 ὸς
104 4432 235 4509 ἐπιτίμιον
248 4435 325 4492 αὐτοῦ
337 4432 425 4505 τίθησι
435 4436 483 4502 τῆς
493 4432 668 4512 παραύάσεως
722 4431 781 4522 pit?
798 4432 829 4491 Si
859 4432 973 4491 mortale
1000 4445 1057 4492 erat
1075 4398 1149 4491 illud
1162 4433 1315 4513 opificium,
1329 4435 1467 4494 curDeus

61 4537 90 4585 νς
114 4504 133 4591 ᾗ
147 4513 197 4590 γὰρ
217 4512 248 4569 ἂν
268 4511 356 4591 ῆμέρρ
376 4517 465 4592 ραγῆ,
480 4513 584 4572 θανάτω
598 4514 668 4570 ἀπο·
723 4510 775 4591 rpsi
790 4511 817 4569 in
833 4511 1052 4591 transgressionis
1079 4531 1168 4572 uenam
1178 4527 1293 4574 mortem
1302 4512 1416 4574 indicit?
1429 4517 1468 4571 In

61 4598 94 4651 ι’ύν
119 4590 181 4674 πρὶν
202 4591 289 4672 ράγη,
304 4591 431 4650 ἀθάνατον
446 4585 479 4666 ἦν
499 4593 530 4651 τὸ
548 4570 668 4668 πλάσμα.
723 4592 1049 4671 quecumquede'ecome
1101 4592 1467 4672 r's,mortemorr'eris.Ergo

61 4671 116 4753 πρὶν
131 4670 219 4751 ράγῃ,
241 4671 333 4743 θνητὸν
349 4661 400 4744 ἦν,
415 4672 504 4744 ἀπάτη
527 4670 572 4731 καὶ
585 4668 668 4750 χλεύη
722 4683 770 4729 ant
804 4689 867 4728 uam
889 4670 1055 4748 comederet,
1075 4670 1227 4732 immortale
1245 4687 1302 4734 erat
1319 4671 1466 4756 opificium.

61 4773 92 4824 ιν,
107 4751 153 4809 καί
174 4754 221 4809 ούκ
244 4750 369 4821 ἀλήθεια·
392 4753 495 4810 ἀπειλεῖ
518 4749 552 4830 γά
592 4751 671 4827 μοιθ
724 4691 806 4821 Quid
815 4749 837 4808 si
849 4763 992 4828 antequam
1008 4749 1166 4827 comederet,
1181 4755 1294 4814 mortale
1307 4767 1374 4829 erat,
1385 4750 1469 4810 fallax

62 4831 86 4898 ίς
108 4831 136 4890 δὲ
160 4832 263 4889 ἀπειλεῖ
283 4853 335 4888 τινι
356 4828 446 4904 ύπνον,
460 4830 488 4890 δν
502 4775 571 4889 ucri
595 4828 671 4908 φύσιν
688 4845 708 4893 D
724 4827 870 4888 etridicula
879 4828 1469 4911 brissetintcrminatio,nonreritas:commi-

61 4934 64 4974 ;
80 4913 182 4970 ἀπειλεῖ
198 4912 306 5011 βρῶσιν,
317 4909 349 4980 ῆν
369 4909 438 4968 κατδ
452 4909 528 4989 φύσιν
545 4907 670 4989 ἐπιδέχε-
725 4921 803 4968 natus
814 4907 885 4966 enim
894 4907 1049 4980 fuisset‚me
1060 4910 1183 4970 futurum
1195 4911 1224 4970 id
1234 4912 1371 4993 quodjam
1381 4931 1465 4970 eram

63 4992 166 5049 ἀπειλεῖ
191 4995 301 5048 θανατον
317 4993 332 5047 ὁ
351 4988 427 5055 Θεύς.
442 4988 480 5048 Ὃ
504 4987 542 5065 μὴ
562 4978 618 5068 εἶχε
640 4987 671 5046 τὸ
726 4988 1470 5068 Nemoautemeuiquaminterminatursomuum,queru

61 5068 106 5128 ιτὸι
126 5068 173 5141 την
198 5067 381 5147 δημιουργίαν,
402 5067 508 5136 ἐδέξατο
530 5013 601 5126 κατά
623 5068 671 5140 τὴν
725 5080 863 5127 exnatura
876 5066 966 5145 babet,
980 5069 1258 5150 nemocibum,quem
1275 5092 1309 5131 ex
1323 5082 1471 5129 naturaca·

61 5151 93 5208 Εἰ
107 5148 159 5228 γδιρ
181 5148 337 5226 παρέμεινεν
356 5151 370 5205 δ
388 5146 472 5226 Ἀδδιμ
492 5146 540 5219 τὸν
564 5147 671 5221 ἐντολὴν
726 5144 1473 5231 piusedinterminaturDeusmortemQuodopificium

61 5229 100 5287 τὸν
112 5233 181 5286 θεῖον
193 5226 283 5304 νόμον,
293 5229 341 5286 ούκ
352 5226 414 5306 ἔσχε
424 5225 515 5306 χώραν
526 5231 540 5286 θ
552 5226 671 5293 θάνατος.
727 5248 780 5287 nou
790 5248 824 5286 ex
837 5226 970 5288 creatione
979 5228 1097 5307 subibat,
1107 5242 1217 5310 propter
1227 5243 1366 5370 ροοεεὲῳιιι
1378 5228 1472 5288 subiit.

62 5328 116 5365 our.
140 5328 211 5365 cru.
