3750 5940
239 385 306 480 164
563 410 594 459 s.
619 411 762 463 corruis
786 413 972 464 euersosr.
1000 416 1156 466 rucuma.
1182 414 1454 470 eousrsurruor.

234 555 319 614 gnum
341 547 388 593 aut
411 553 567 614 generosum
585 534 696 614 intueri,
719 536 768 597 sed
791 557 839 599 ceu
856 535 974 616 quadam
1028 538 1182 619 ρυνιίσωμεν
1197 541 1271 622 ‘pir
1289 538 1425 622 γνίνοαος,
1436 540 1473 621 μὴ
1489 540 1638 622 σπείρομεν
1653 546 1698 605 ἐπ’
1716 541 1808 605 ἀκάν-

232 625 404 706 lippitudine
413 625 580 708 perturbata,
594 626 761 688 densissimis
774 627 889 688 tenebris
904 628 973 688 sub·
1030 636 1095 699 θαις.
1105 632 1142 692 Τί
1159 630 1187 692 δὲ
1201 633 1232 693 τδ
1246 637 1298 692 τῶν
1308 637 1429 694 ἀκανθῶν
1449 637 1558 707 πλῆθος,
1570 634 1646 710 ἴστε,
1657 636 1710 696 κδν
1726 643 1808 714 ἡμεῖς

229 719 300 798 jecta
310 731 359 793 cst.
370 717 561 800 Expurgemus
574 719 664 798 itaque
674 721 859 801 nosmetipsos,
872 719 975 780 illumi·
1030 722 1067 801 μὴ
1081 723 1210 803 λέγωμεν.
1224 726 1277 785 Kal
1295 725 1347 806 γάρ
1367 726 1496 795 πολλάκις
1515 725 1647 799 ἠκούσατε
1660 735 1711 788 τοῦ
1734 729 1806 811 Χρι-

233 831 327 870 nemus
341 811 403 870 luce
421 811 590 890 cognitionis,
604 832 637 871 ne
648 832 736 871 semen
750 812 777 871 in
789 813 879 894 spinas
890 812 975 893 jacia-
1028 823 1105 888 ατοῦ,
1115 813 1164 889 τὴν
1178 817 1307 898 μέριμναν
1321 824 1368 879 τοῦ
1381 817 1512 899 παρόντος
1523 818 1581 899 βίον
1600 819 1716 893 acle-hv
1728 819 1804 881 ἀπά-

232 924 301 963 mus.
317 904 448 976 Quanam
462 903 519 964 haec
531 904 566 964 sit
580 904 718 985 spinarum
732 904 808 985 copia
821 905 915 979 nostis,
926 903 976 964 etsi
1028 929 1075 979 την
1093 914 1157 969 ’τοῦ
1176 908 1288 969 πλούτου
1309 912 1348 990 τῷ
1367 913 1420 968 τῶν
1436 912 1559 970 ἀκανθῶν
1578 913 1724 980 καλοῦντος
1746 909 1802 971 dad-

135 1041 205 1085 Dm„
231 1017 280 1056 nos
303 1011 446 1059 taceamus.
469 997 547 1076 Saepe
567 1017 683 1077 namque
704 996 843 1059 Christum
861 997 976 1058 audistis
1028 1023 1108 1075 ματι-
1125 999 1170 1059 ael
1185 999 1300 1068 εἰκότως.
1321 1000 1451 1082 Καθάπερ
1471 999 1525 1082 γθρ
1547 1005 1646 1063 ἐκεῖναι
1667 1002 1802 1084 ἄκαρποι,

80 1105 148 1160 quus
157 1059 224 1148 corii⁸
233 1089 370 1170 presentis
387 1090 450 1153 vitae
465 1088 683 1164 sollicitudinem,
700 1089 912 1169 divitiarumque
924 1089 975 1149 fal·
1027 1087 1096 1150 οὕτω
1116 1091 1161 1151 καλ
1177 1099 1277 1153 ταῦτα·
1292 1090 1412 1172 καθάπερ
1430 1096 1529 1154 ἐκεῖναι
1553 1091 1614 1163 robe
1632 1076 1800 1174 Ιἁπτομένους

77 1180 135 1270 :¹4¹2ss
165 1165 222 1209 ¹⁸‘⁰'
233 1180 330 1245 laciam
344 1181 483 1263 spinarum
496 1181 603 1241 nomine
621 1194 773 1258 vocantem,
792 1194 818 1240 et
834 1182 896 1261 jure
912 1182 974 1261 qui-
1028 1183 1232 1265 σπαράττουσιν,
1243 1181 1313 1245 οὕτω
1324 1184 1370 1244 καὶ
1385 1188 1469 1244 ταῦτα
1482 1183 1517 1244 τὰ
1536 1186 1624 1256 πάθη
1641 1185 1689 1245 καὶ
1709 1184 1800 1266 ὥσκιρ

232 1273 303 1334 dem.
318 1273 554 1348 Quemadmodum
570 1271 706 1333 cuimillae
720 1273 974 1350 infructuosaesunt,
1027 1273 1153 1336 εθάλυντοι
1166 1278 1205 1355 τῷ
1226 1276 1307 1355 πυρί,
1325 1275 1372 1342 καὶ
1394 1276 1507 1353 μισηταλ
1528 1279 1567 1357 τῷ
1591 1281 1753 1360 γεωργοῦντι
1772 1279 1808 1352 τίΙ

230 1367 266 1428 ita
282 1382 308 1426 et
318 1368 437 1446 divitiae,
452 1380 482 1426 ut
495 1366 549 1426 illac
562 1380 698 1447 tangentes
714 1387 742 1425 se
758 1366 885 1444 lacerant,
898 1366 973 1426 sicet
1026 1364 1233 1441 άκανθαι,“οθτω
1259 1367 1305 1426 καθ
1326 1366 1361 1427 τά
1377 1373 1424 1428 τοῦ
1445 1367 1549 1447 κόσμον,
1568 1367 1733 1450 πράγματα·
1753 1368 1799 1429 καί

230 1460 288 1520 baee
300 1460 366 1521 vitia
377 1460 494 1520 animam
508 1484 515 1516 ε
530 1480 561 1518 ac
573 1457 802 1538 quemadmodum
816 1458 898 1540 spinae
911 1460 973 1539 igne
990 1480 1009 1528 c
1026 1454 1115 1539 ὥσπερ
1125 1460 1153 1517 ἐν
1167 1467 1226 1526 ταῖς
1240 1458 1367 1527 ἀκάνθαις
1383 1458 1463 1541 θηρία
1474 1459 1652 1542 κρύπτονται,
1665 1461 1714 1520 καὶ
1730 1460 1816 1543 ‘1⁸⁸‘-

230 1553 308 1612 sacile
324 1554 522 1632 absumuntur,
538 1566 564 1612 et
579 1553 678 1611 odiose
696 1551 823 1631 agricolis
840 1566 903 1611 sunt
910 1598 920 1630 ,
935 1553 972 1612 ita
1024 1549 1070 1607 recl
1079 1551 1215 1630 σκορπίοι,
1225 1549 1347 1611 οῦτωκαλ
1357 1554 1384 1611 ἐν
1394 1555 1428 1632 τῇ
1438 1551 1528 1632 άπάτη
1537 1556 1583 1611 τοῦ
1595 1551 1720 1612 πλαίτω.
1728 1551 1810 1615 Ἀλλ’,

230 1659 256 1705 et
267 1667 310 1707 res
322 1646 465 1708 mundauae
483 1671 489 1705 :
502 1667 534 1706 ac
555 1645 624 1705 sicut
636 1646 663 1705 in
676 1645 761 1727 spinis
774 1646 846 1719 scrae,
860 1645 970 1726 viperae,
1024 1639 1184 1725 ”turpique
1193 1644 1224 1704 τδ
1237 1650 1290 1724 πῦρ
1303 1649 1350 1704 τοῦ
1362 1641 1530 1721 Πνεάματος,
1541 1642 1586 1703 ἵνα
1600 1643 1648 1704 καὶ
1659 1642 1709 1712 τάς
1720 1645 1796 1705 estv-

229 1738 328 1820 scorpii
349 1739 528 1816 occultantur,
542 1737 580 1798 ita
590 1737 658 1796 etin
679 1735 839 1797 divitiarum
851 1736 968 1797 fallacia.
1023 1738 1070 1802 θας
1083 1734 1286 1814 δαπανήσωμεν,
1306 1733 1352 1794 καί
1365 1732 1400 1793 τά
1421 1733 1500 1814 θηρία
1519 1733 1737 1816 ρυγαθαίοωμαν,
1753 1732 1796 1795 isc

229 1833 334 1891 Verum
353 1830 531 1891 immittamus
545 1828 663 1910 Spiritus
680 1828 783 1908 ignem,
797 1841 828 1886 ut
843 1841 868 1888 et
880 1829 971 1908 spinas
1023 1825 1141 1908 καθαράν
1155 1826 1337 1910 παράσχωμεν
1353 1829 1392 1908 τῷ
1411 1828 1521 1908 γεωργῷ
1542 1826 1591 1899 την
1614 1825 1809 1908 άρουραν,καλ·

227 1942 424 1998 consumamus,
440 1922 548 1983 etseras
564 1919 749 1994 exturbemus,
763 1932 793 1978 ut
806 1940 906 2000 purum
921 1941 970 2002 pa-
1023 1917 1091 1995 μετδ
1103 1917 1134 1978 cd
1146 1923 1260 2001 καθᾶραι
1270 1927 1324 1986 τοῖς
1337 1927 1522 1995 πνευματικοῖς
1532 1917 1614 1990 αὐτὴν
1626 1917 1798 2000 θρδιθουμσι

227 2036 317 2074 remus
329 2013 454 2094 agricolae
468 2033 582 2088 arvum,
595 2010 693 2070 deinde
709 2031 770 2069 vero
783 2011 971 2091 spiritualibus
1020 2007 1129 2087 νάμασι.
1157 2008 1336 2088 Φυτειίσωμαν
1361 2008 1409 2082 τὴν
1435 2009 1608 2089 κατάκαρπον
1640 2009 1746 2086 ἐλαίαν,
1767 2009 1798 2073 ἢ

226 2107 317 2187 ipsum
331 2105 450 2183 rigemus
461 2102 554 2163 alveis.
569 2102 723 2162 Plantemus
736 2100 837 2161 olivam
850 2104 970 2164 sructile-
1020 2100 1191 2183 ἡμερώτατον
1211 2101 1299 2187 quibs,
1321 2101 1352 2161 τὸ
1372 2098 1508 2174 ἀειθαλὲς,
1520 2101 1553 2162 et
1574 2101 1753 2182 ρυτιστικδν,
1765 2101 1798 2164 rh

226 2219 299 2274 ram,
317 2197 487 2256 mitissimam
504 2194 629 2253 arborem
645 2214 803 2274 semperque
824 2194 968 2273 virentem,
1020 2192 1167 2273 θρεπτικὸν,
1179 2192 1318 2274 τδθγιιίας
1328 2190 1474 2266 ποιητικόν.
1488 2196 1583 2254 Ταῦτα
1594 2194 1712 2268 πάνταὴ
1723 2197 1809 2271 ἔλοψ,

224 2289 436 2364 illuminantem,
447 2287 621 2362 nutrientem,
632 2284 781 2347 valetutlini
789 2300 889 2368 aptam.
902 2289 968 2349 Haec
1021 2285 1122 2362 μοσθνη
1136 2286 1191 2366 ἔχει
1201 2331 1209 2360 ,
1220 2289 1256 2354 ὡς
1271 2285 1382 2367 σφραγίς
1397 2276 1462 2346 οθσα
1477 2285 1545 2365 μετὰ
1558 2289 1612 2346 τῶν
1623 2285 1796 2367 κεκτημέναι

225 2382 315 2442 omnia
329 2381 357 2440 in
370 2401 399 2440 se
411 2379 492 2439 habet
500 2378 682 2458 eleemosyna,
693 2379 836 2456 quaequasi
846 2379 967 2459 sigillum
1020 2378 1110 2451 αθιην.
1121 2380 1207 2439 Τοῦτο
1225 2375 1283 2438 οὐδὲ
1298 2377 1407 2446 θάνατος
1421 2377 1555 2439 ‘includito
1571 2377 1691 2459 ξηραίνει
1701 2379 1734 2441 rh
1746 2400 1802 2461 p».

225 2489 265 2535 est
284 2476 370 2555 ipsam
386 2471 591 2555 possidentibus.
611 2469 687 2529 llanc
701 2470 824 2530 arborem
842 2493 875 2532 ue
894 2495 967 2535 mors
985 2470 1074 2543 υτθν,
1089 2471 1148 2530 ἀλλ’
1167 2470 1275 2542 ἕστηκεν
1290 2469 1331 2527 ἀεὶ
1344 2469 1456 2549 ροντίζον
1478 2467 1527 2541 τὴν
1551 2469 1682 2545 διάνοιαν,
1700 2467 1792 2550 τρίρον

224 2567 334 2646 quidem
345 2567 402 2647 ipsa
415 2564 540 2624 arefacit:
552 2561 600 2625 sed
611 2575 663 2621 stat
676 2561 722 2620 illa
734 2582 838 2644 semper
852 2579 967 2627 mentem
1017 2558 1053 2619 τθ
1062 2567 1141 2642 νεῦρα
1158 2565 1206 2633 τῆς
1220 2561 1321 2640 ψυχῆς,
1330 2560 1378 2634 την
1390 2560 1467 2641 ἰσχὺν
1486 2560 1668 2644 θυνατοντίραν
1683 2559 1793 2642 ἐργαζό-

223 2660 391 2735 illuminans,
412 2677 509 2718 nervos
523 2655 618 2715 animae
635 2654 738 2729 fovens,
757 2655 829 2716 vires
850 2656 967 2738 integras
1020 2675 1105 2731 μενον.
1115 2651 1161 2715 Ἂν
1172 2651 1269 2726 ταύτην
1279 2651 1382 2734 ἔχωμεν
1393 2653 1534 2727 διηνικῦς,
1545 2651 1713 2732 δυνησόμεθα
1723 2650 1792 2732 prod

222 2775 346 2830 servans,
357 2751 586 2828 robustioremque
596 2747 685 2808 reddit
694 2747 820 2808 animam.
831 2748 862 2810 si
872 2770 966 2832 perpe
1017 2741 1166 2826 παρρησίας
1179 2743 1227 2804 καί
1239 2743 1284 2803 τὸν
1298 2743 1409 2825 νυμφίον
1420 2745 1494 2818 ἰδεῖν,
1500 2743 1547 2805 καλ
1560 2747 1598 2813 είς
1609 2744 1655 2804 τθν
1664 2746 1791 2826 supprior

221 2859 268 2904 tuo
277 2846 353 2904 illam
362 2843 522 2917 habeamus,
530 2840 681 2923 poterimus
694 2860 756 2900 cum
768 2838 869 2901 fiducia
880 2841 967 2924 Spon·
1018 2838 1156 2896 εἰσελθεῖν·
1175 2825 1205 2896 οὗ
1225 2835 1326 2915 γίνοιτο
1337 2835 1438 2904 πάντας
1451 2842 1523 2915 ἡμᾶς
1540 2839 1686 2917 ἐπιτυχεῖν,
1698 2833 1789 2919 χάρπτ

221 2958 281 2996 sum
296 2935 401 3011 videre,
416 2949 442 2994 et
461 2934 491 2992 in
508 2932 659 2994 thalamum
682 2931 798 3014 intrare,
818 2953 899 3010 quem
917 2956 966 2996 nos
1017 2925 1063 2986 καὶ
1084 2926 1266 3008 φιλανθρωπίᾳ
1283 2935 1329 2988 τοῦ
1344 2927 1443 3008 Κυρίου
1456 2930 1534 3006 ἡμῶν
1551 2927 1642 3001 Ἰησοῦ
1660 2929 1789 3010 Χριστοῦ,

219 3049 311 3088 omnes
336 3027 441 3104 assequi
470 3024 606 3104 contingat
633 3022 718 3102 gratia
748 3037 774 3083 et
799 3023 965 3107 benignitate
1017 3019 1075 3095 μεθ’
1091 3006 1121 3077 οὗ
1135 3021 1174 3100 τῷ
1190 3018 1278 3100 Πατρὶ
1300 3018 1412 3093 ήδθξα,
1429 3019 1487 3096 άμα
1500 3021 1539 3099 τῷ
1552 3018 1621 3099 ἁγίῳ
1634 3017 1788 3096 Πνεάμαπ,

220 3120 330 3181 Domini
349 3118 433 3179 nostri
451 3121 515 3180 ,lesu
537 3115 650 3191 Christi,
664 3116 774 3194 quicum
787 3114 860 3176 Patri
877 3117 963 3197 gloria
1015 3108 1115 3168 νῧνκαῖ
1128 3110 1182 3184 dil,
1196 3111 1242 3169 καὶ
1256 3110 1362 3178 ‘isselt
1383 3113 1480 3179 αῐῶνας
1494 3114 1546 3170 τῶν
1570 3109 1684 3170 titivm·
1698 3106 1794 3188 Ἀμάθ-

220 3213 353 3290 simulque
370 3210 486 3291 Spiritui
504 3221 607 3286 sancto,
626 3229 697 3267 nunc
717 3220 741 3265 et
758 3228 874 3287 semper,
891 3223 917 3268 et
934 3211 962 3270 in

221 3305 316 3364 saecula
329 3302 495 3362 saeculorum.
510 3306 601 3359 Amen.

255 3505 267 3533 l
284 3503 356 3556 Unus
373 3501 451 3554 habet
467 3510 598 3573 ρωτίοώμτν
613 3512 727 3573 ρωτιαμθν
745 3514 851 3567 γνώσεως.
869 3501 977 3557 Sarilius
1027 3511 1093 3570 θηρία
1103 3503 1140 3573 ρ]

220 3581 352 3650 legendum
364 3581 504 3647 suspicatur
515 3588 647 3652 ροαίοωμεν
658 3588 715 3651 puri
726 3604 760 3647 γν.
1059 3598 1070 3621 ⁰
1088 3584 1128 3632 lta
1140 3580 1218 3635 Savil.
1231 3592 1257 3632 et
1269 3578 1319 3631 ulii.
1332 3581 1420 3651 Ματρί.
1434 3599 1494 3633 vero
1507 3590 1616 3638 ίπιλθοίν.
1629 3581 1720 3649 {Paulo
1730 3595 1784 3651 port

250 3676 262 3700 ¹
278 3655 366 3711 llorel.
376 3658 442 3711 mele
458 3665 498 3712 τοῦ
510 3663 607 3713 πλούτου
619 3667 668 3712 τοῦ.
1027 3658 1143 3711 dedimus
1155 3670 1258 3731 ρωτίςον,
1273 3670 1362 3732 τρέμον,
1376 3669 1527 3731 ἐργαζόμενον
1536 3679 1567 3713 ex
1579 3662 1658 3717 Savil.
1669 3674 1694 3713 et
1704 3661 1782 3716 Codd.

254 3741 268 3778 θ
284 3737 395 3803 Quidam
408 3745 529 3807 ἐπαρσμεν
539 3748 572 3803 τῷ
583 3744 645 3805 πυρί.
664 3735 755 3801 [supro
767 3741 890 3805 κρύπτεται
899 3733 977 3788 savit.
1028 3739 1088 3802 705,
1098 3741 1156 3804 706,
1169 3737 1290 3789 correctis
1303 3740 1394 3803 partim
1406 3737 1516 3791 secunda
1528 3757 1621 3805 manu,
1632 3759 1680 3810 pro
1691 3759 1784 3794 marco

218 3819 289 3871 Infra
305 3834 335 3868 ex
356 3813 445 3868 eodem
463 3826 488 3865 et
506 3812 589 3866 Godd.
602 3815 660 3878 705,
673 3816 731 3879 706,
743 3811 880 3881 adjecimus
897 3822 934 3870 καί
950 3825 980 3870 τὰ
1030 3816 1086 3869 linis
1098 3835 1153 3884 quae
1161 3816 1307 3884 legebantur
1317 3834 1358 3883 ap.
1368 3816 1472 3887 Monti]

231 4008 1769 4045 —mm

453 4186 611 4247 HOMlLlA
631 4183 727 4247 XXV.
969 4182 1006 4285 ’ᾗ
1300 4187 1434 4245 ΟΜΙΛΙΑ
1456 4185 1502 4247 κε’.

218 4375 247 4435 5.
271 4374 430 4453 Respondit
452 4371 559 4431 Jesus:
585 4367 686 4428 Amen
715 4368 780 4427 dico
804 4370 858 4427 tibi
872 4368 960 4427 :Nisi
1011 4366 1150 4449 Ἀπεκρίθη
1164 4372 1179 4426 θ
1194 4367 1394 4447 Ἰησοῦς·α’μὴν
1408 4368 1478 4449 λέγω
1492 4369 1606 4430 σανίδα
1620 4371 1661 4450 μή
1674 4397 1784 4454 “W''

257 4471 322 4549 qut's
334 4476 420 4525 natus
432 4465 530 4545 suerit
550 4481 587 4519 ex
606 4480 687 4540 aqua
710 4471 739 4518 et
762 4459 881 4539 Spiritu,
898 4479 958 4517 uon
1050 4464 1115 4539 νηθῇ
1129 4459 1155 4528 ἐξ
1168 4459 1261 4527 ὕδατος
1278 4460 1323 4519 καί
1336 4461 1507 4539 Πνείματος,
1522 4467 1551 4522 οθ
1568 4462 1678 4526 δύναται
1703 4469 1787 4527 cloel-

254 4570 348 4640 potest
359 4559 480 4615 introire
491 4558 524 4611 in
536 4572 657 4633 reguum
667 4551 734 4612 Dei.
1050 4555 1102 4609 θεῖν
1117 4554 1153 4618 εἰς
1169 4550 1216 4624 τὴν
1232 4551 1366 4629 βασιλείαν
1377 4559 1422 4612 τοῦ
1439 4554 1517 4614 Θεοῦ.

255 4749 282 4804 l.
305 4739 415 4803 Pueruli
439 4735 559 4817 quotidie
581 4735 723 4814 magistros
740 4731 880 4810 adeuntes,
903 4729 955 4790 do·
1049 4734 1093 4795 Ta
1119 4733 1213 4794 παιδία
1235 4734 1269 4795 τά
1287 4697 1375 4818 ,μικρὰ
1399 4739 1458 4796 καθ’
1487 4737 1601 4813 ἐκάη-ιη,
1625 4741 1732 4823 ἡμέραν
1754 4747 1792 4812 εἰς
1831 4738 1834 4743 .

213 4839 329 4899 utrinam
345 4831 481 4914 accipiunt
502 4844 528 4889 et
551 4827 675 4905 recitant,
690 4841 716 4887 et
736 4846 884 4906 numquam
904 4824 957 4885 hoe
1009 4825 1182 4892 διδασκάλους
1196 4829 1399 4906 ροιτῶντα,καί
1414 4827 1520 4908 δέχεται
1530 4829 1565 4890 τά
1581 4832 1737 4912 μαθήματα
1747 4835 1794 4896 καὶ

213 4931 308 5013 agendi
318 4929 399 4990 linem
414 4924 528 5000 iaciunt,
542 4921 598 4980 imo
610 4939 813 5000 nonnumquam
828 4916 953 4978 noctibus
1009 4917 1153 4978 ἀποδίδωσι
1158 4964 1166 4993 ,
1180 4918 1224 4977 καὶ
1249 4918 1370 4980 οὐδέποτε
1385 4919 1497 4981 παίεται
1519 4922 1616 4998 ταύτης
1638 4929 1712 4997 ,τῆς
1726 4927 1795 5001 πρ·

243 5157 253 5180 ι
270 5140 312 5192 Sic
326 5134 402 5189 Savil·
416 5144 442 5184 et
452 5130 504 5183 alli.
514 5127 603 5181 Morel.
616 5138 656 5186 τῆς
667 5133 769 5187 κτίσεως,
781 5122 855 5175 mule,
868 5120 967 5174 Ibidem
1018 5133 1111 5191 γμάτων
1122 5129 1177 5192 παρ’
1190 5129 1259 5189 ὑμῶν,

210 5216 282 5272 multi
293 5219 448 5287 spaurdim.
463 5207 563 5262 Ibidem
580 5202 656 5259 Sevil.
673 5215 699 5256 et
714 5200 755 5254 alii
768 5202 891 5254 omittunt
905 5222 967 5269 πρα-
