3750 5940
156 404 223 497 148
475 427 506 476 s.
533 423 674 475 ioannis
699 419 883 474 cunvsoer.
912 423 1068 474 tucatur.
1095 423 1367 477 consrrnrmor.

152 551 239 610 homo
251 554 378 630 primum
391 552 498 610 bonum
507 552 612 609 vinum
620 551 713 629 ponit,
729 559 835 607 etcum
848 550 893 604 in·
949 546 1122 630 χιτρίκλινος,
1143 548 1189 610 καί
1208 549 1280 631 λέγει
1303 550 1384 632 αύτῷ·
1402 557 1455 619 πδς
1465 549 1605 635 ἔνθρωπος
1618 551 1729 632 πρῶτον

152 645 258 703 ebriati
262 645 392 724 suerint,
409 657 478 703 tunc
493 643 526 701 id
542 642 621 723 quod
633 641 759 700 deterius
777 653 829 699 est.
850 639 895 699 Tu
950 642 994 701 τὸν
1007 642 1088 703 καλὸν
1103 633 1171 704 οίνον
1183 642 1281 719 τίθησι,
1295 644 1341 704 καί
1351 644 1414 705 ύτσν
1429 647 1590 724 μιθυσθῶαι,
1605 642 1669 704 τότε
1680 643 1727 704 eoo

152 741 278 797 σενναιιί
292 741 399 798 bonum
410 741 515 797 vinum
536 756 626 816 usquc
639 736 747 796 adbuc.
768 733 820 793 Hic
834 754 895 792 rur-
951 731 1065 794 ίλύσσω.
1079 733 1118 794 Σύ
1126 734 1275 818 τετήρηκας
1284 735 1330 796 τδν
1343 735 1425 797 κσλδν
1435 726 1504 796 οἶνον
1513 734 1564 804 ἔως
1573 735 1646 818 έρτι.
1659 733 1726 796 Πιέ-

153 846 213 886 sum
227 827 338 908 quidam
353 827 514 888 cavillantur
525 825 653 906 dicentes,
663 825 830 887 ebriosorum
843 846 894 884 coe·
950 826 991 883 λιν
1009 827 1120 888 ἐνταῦθά
1135 826 1223 895 rieul
1238 826 1434 889 ίπισεύιτιωσι
1447 827 1575 908 λίγοντιι,
1590 824 1662 886 οὕτω
1677 847 1728 905 με·

91 967 94 971 .
151 930 213 978 tum
222 920 316 998 fuisse,
331 920 455 980 hebetem
467 919 634 1001 grutantium
645 938 762 995 sensum,
775 918 822 997 qui
838 937 895 976 rem
950 917 1061 979 θυόντων
1075 918 1220 1002 ἀνθρώπων
1234 925 1248 980 θ
1262 919 1387 1000 σύλλογος
1396 912 1439 994 ἦν,
1453 919 1527 993 καλή
1538 918 1662 992 αέσθησιε
1671 921 1725 979 τῦι

153 1032 205 1071 non
218 1027 325 1094 possent
337 1034 440 1095 capere,
449 1033 499 1073 nec
509 1010 645 1094 judicium
659 1011 740 1089 ferre,
755 1011 792 1071 ita
803 1023 834 1069 ut
847 1029 895 1067 ne-
951 1011 1093 1090 κρινόντων
1108 1013 1304 1094 διεφθαρμένη,
1317 1011 1364 1072 καί
1378 1013 1428 1093 οθχ
1441 1010 1520 1084 ίαανὴ
1535 1007 1727 1072 mune

152 1104 250 1164 scirent
265 1125 300 1163 an
320 1105 415 1167 vinum
434 1125 469 1164 an
489 1125 558 1186 aqua
575 1102 605 1163 id
621 1117 689 1164 esset
710 1127 717 1162 ι
737 1123 800 1162 nam
820 1099 895 1181 quod
949 1106 1002 1162 τῶν
1026 1102 1179 1184 γινομένων,
1201 1103 1258 1164 οὐδὲ
1279 1112 1367 1186 κρῖναι
1387 1113 1442 1173 τοῖς
1458 1101 1669 1187 πραττομένας,
1689 1104 1726 1172 δε

152 1196 221 1256 ebrii
233 1211 327 1274 essent,
343 1197 400 1279 ipse
408 1195 606 1258 architriclinus
618 1195 774 1256 declaravit.
784 1193 894 1254 Ridicu·
951 1194 1018 1273 μηδδ
1037 1195 1133 1256 εἰδέναι
1150 1195 1260 1278 πύτερον
1279 1197 1351 1279 θδωρ
1365 1195 1383 1267 ἢ
1402 1187 1469 1263 οἶνοι
1482 1196 1513 1256 τδ
1525 1195 1665 1275 γινέμτνον
1677 1185 1725 1268 ἦν·

151 1288 210 1347 lum
228 1288 307 1369 plane
319 1288 389 1349 illud
404 1303 444 1349 est
454 1312 460 1346 :
471 1309 567 1351 verum
582 1287 654 1347 banc
675 1286 786 1347 illorum
805 1285 894 1367 surpi-
911 1296 931 1345 0
950 1291 990 1349 ὅτι
1007 1289 1059 1372 γδιρ
1079 1290 1196 1368 ἐμέθυον,
1214 1288 1291 1357 αθτθς
1304 1294 1319 1350 δ
1332 1286 1526 1371 ἀρχιτρίκλινος
1542 1285 1627 1357 ἔδειξε
1639 1284 1676 1348 δι’
1686 1276 1725 1348 ὄν

151 1379 255 1439 cionem
261 1381 319 1461 jam
336 1380 443 1441 sustulit
456 1378 629 1459 evangelista.
641 1379 704 1438 Non
716 1377 789 1438 enim
802 1378 896 1438 convi-
949 1373 1029 1443 ιίπιν.
1042 1384 1169 1444 Μάλιστα
1183 1379 1231 1460 μέν
1245 1379 1496 1460 καλτσῒιτογιλοῐον·
1508 1377 1583 1453 πλὴν
1592 1378 1665 1441 θλλδ
1678 1379 1726 1441 καί

150 1493 200 1532 vas
208 1472 247 1532 ait
259 1470 294 1533 de
309 1472 394 1534 reilla
414 1472 573 1534 sententiam
588 1469 694 1543 tulisse,
704 1469 752 1530 ced
766 1469 895 1530 architri-
948 1473 1046 1548 ταύτην
1065 1478 1149 1535 αθιῶν
1169 1472 1275 1554 ἐξίκσθι
1294 1471 1342 1546 τὴν
1362 1471 1477 1554 ὑποψίαν
1493 1476 1510 1532 θ
1525 1471 1726 1554 ιθαγγιλιατίς.

115 1568 119 1577 ’
151 1563 264 1644 clinum,
273 1565 321 1645 qui
334 1564 439 1626 sobrius
451 1563 541 1623 adhuc
554 1561 624 1622 nibil
637 1574 798 1642 gustaverat.
812 1562 894 1623 Scitis
948 1569 990 1627 Οὐ
1002 1566 1055 1650 γίιρ
1067 1565 1127 1635 rob<
1138 1564 1296 1643 δαιτυμόνας
1310 1555 1377 1623 εἶναί
1385 1587 1450 1645 φησι
1462 1561 1725 1644 ποθεψηφιζομένασι

150 1657 251 1738 quippe
261 1678 361 1734 omnm,
376 1657 476 1738 quibus
489 1654 675 1717 conviviorum
686 1676 750 1716 cura
765 1655 893 1715 commit-
949 1659 1070 1742 περὶτοῦ
1084 1657 1237 1740 γινομένω,
1257 1655 1326 1716 ἀλλὰ
1338 1655 1384 1716 τδν
1401 1653 1599 1737 ἔρχιτρίκλιναι
1615 1655 1662 1716 alre
1677 1656 1724 1731 νιί·

150 1748 218 1807 titur
229 1770 286 1810 esse
304 1750 426 1810 omnium
442 1748 562 1808 maxime
585 1748 698 1824 sobrios,
718 1768 801 1808 unam
823 1748 893 1810 banc
948 1745 1472 1832 φονεακολοίιδενδςοθδίπωγεγευμίνω.
1492 1744 1565 1808 Ίστε
1575 1744 1725 1828 γδρδιίπαε

151 1860 244 1901 curram
252 1840 392 1915 babentes,
406 1854 436 1900 ut
446 1860 508 1898 cum
519 1852 591 1898 recto
599 1837 695 1897 ordine
703 1838 792 1898 omnia
802 1837 893 1920 dispo·
948 1851 1041 1906 ww
1054 1842 1167 1916 πάντες,
1177 1839 1218 1901 ύτι
1235 1840 1353 1919 μα’λιατσι
1369 1837 1478 1899 πάντων
1486 1842 1512 1900 οἱ
1521 1838 1573 1913 τὴν
1588 1839 1727 1902 διακονίαν

151 1946 258 1992 nantur.
269 1931 387 2011 Ideoque
397 1950 504 1990 sensum
513 1929 593 1988 illum
605 1929 758 2008 vigilemet
771 1930 892 1991 sobrium
948 1939 1001 1996 τῶν
1020 1933 1142 1996 τοιούτων
1158 1930 1395 2013 ἔμπεπιστευμένοι
1406 1928 1536 2005 δείπνων,
1552 1923 1628 1992 οὗτοι
1641 1933 1721 2012 μέλι·

150 2022 186 2083 ad
210 2025 249 2084 rei
277 2039 357 2104 gesta
378 2021 561 2083 testimonium
583 2020 713 2081 evocavit.
734 2022 795 2082 Non
819 2023 892 2085 enim
948 2029 999 2090 στιί
1011 2031 1077 2089 είσιν
1087 2027 1111 2087 οἱ
1123 2025 1262 2107 νήφοντις,
1281 2022 1308 2083 ἔν
1323 2023 1397 2106 ἔργον
1410 2022 1529 2104 ἔχοντας,
1543 2023 1577 2084 ab
1587 2027 1617 2084 ἔν
1629 2022 1723 2106 nde„

150 2115 234 2195 dixit,
246 2116 384 2176 Infundite
396 2113 522 2176 convivis
541 2112 650 2190 vinum,
664 2112 729 2192 sed,
742 2117 831 2175 Ferte
843 2138 892 2176 ar-
948 2120 994 2181 ιιαί
1009 2123 1036 2180 ἐν
1051 2118 1124 2188 edin
1137 2116 1225 2178 πάντα
1240 2114 1393 2176 διατιθέναι.
1408 2114 1462 2176 Διδ
1471 2113 1610 2189 ω’ύτοτήν
1622 2116 1720 2198 νίφον-

151 2210 328 2268 cbc'tn'clino.
357 2211 395 2268 Ut
410 2219 509 2267 autem
528 2210 657 2287 ριιιισνὶι
674 2208 892 2271 architriclinus
948 2239 997 2278 σαν
1012 2211 1133 2286 αίσθησιν
1156 2208 1259 2280 ταύτην
1271 2211 1308 2275 είς
1325 2205 1476 2290 μαρτυρίαν
1496 2206 1719 2289 τδωγειομύειν,

150 2321 260 2380 aquarn
272 2305 377 2360 vinum
377 2301 509 2382 sactum,
523 2309 551 2355 et
562 2300 706 2357 nesciebat
717 2299 794 2358 unde
803 2314 891 2378 esset,·
908 2316 928 2365 lt
945 2306 1076 2369 δκαλεσεν.
1087 2306 1129 2365 Ob
1144 2301 1197 2383 γδρ
1215 2291 1285 2361 εἶπεν
1299 2299 1488 2381 *οἰνοχοήσατε
1506 2309 1562 2369 τοῖς
1580 2300 1719 2381 mpl-

149 2397 277 2453 ministri
293 2404 392 2452 autem
408 2391 562 2451 sciebant:
578 2401 668 2449 vocat
685 2410 822 2470 sponsum
842 2416 891 2454 ar-
943 2422 1006 2473 νοις,
1021 2395 1099 2471 ἀλλὰ,
1114 2395 1217 2476 otene
1229 2395 1268 2474 τῷ
1282 2390 1480 2475 ἀρχιτρικλίνῳ.
1495 2391 1545 2461 Ὦς
1555 2390 1586 2454 δέ
1596 2392 1719 2474 ἔγείσσιε

148 2485 341 2545 οίιίιτίσέἱιιιιι.
358 2484 415 2543 Cur
438 2502 491 2542 non
511 2479 649 2541 ministros
669 2481 835 2561 alloquitur?
851 2486 890 2547 sic
943 2495 958 2551 ὁ
979 2488 1172 2575 ἀρχιτρίκλινος
1185 2486 1216 2547 ιδ
1234 2485 1305 2567 ὕδωρ
1325 2476 1393 2546 σίνον
1410 2485 1597 2567 γτγτνημίνον,
1609 2484 1657 2548 καλ
1671 2491 1719 2549 αέα

149 2577 220 2637 enim
244 2576 408 2636 miraculum
431 2572 580 2635 revelatum
603 2585 679 2632 eset.
692 2573 764 2646 Quia
783 2597 817 2636 ne
833 2577 891 2659 ipse
942 2583 1000 2663 ᾔδει
1019 2583 1098 2643 πόθεν
1121 2577 1201 2639 ἐστίν·
1221 2580 1245 2638 οἱ
1265 2574 1426 2637 δίδισίιιονοι
1441 2577 1560 2654 ᾔδεισαν·
1581 2578 1719 2659 φανεῖσθε

147 2670 257 2751 φιιίιίσιιι
275 2672 354 2732 Jerus
373 2667 447 2749 quod
464 2668 566 2726 factum
587 2666 674 2725 iuerat
688 2666 827 2745 revelavit,
843 2674 890 2734 sed
942 2673 1052 2756 νυμφίον
1068 2677 1082 2732 θ
1101 2669 1303 2754 ἀρχιτρίκλινος.
1333 2667 1387 2728 Καὶ
1408 2667 1478 2737 τίνος
1500 2668 1590 2729 ἔνικεν
1605 2669 1644 2749 μὴ
1658 2668 1716 2739 τοδε

147 2766 246 2827 sensim
261 2763 445 2846 paulatimque
463 2759 570 2820 volebat
582 2758 640 2818 vim
655 2759 849 2824 miraculorum
861 2767 889 2826 in
944 2767 1077 2834 διακένως
1096 2763 1244 2845 ἐφώνησεν,
1262 2759 1331 2822 οὕτω
1345 2756 1397 2842 γδρ
1412 2759 1442 2821 ἂν
1456 2759 1502 2821 καί
1512 2760 1545 2822 τδ
1560 2759 1717 2841 θῶμιιίξε-

50 2920 52 2924 ,
146 2857 271 2918 notitiam
283 2856 383 2917 venire.
396 2855 426 2914 Si
441 2873 506 2913 vero
523 2865 588 2910 tunc
602 2850 768 2912 declaratum
782 2855 888 2936 suisset,
943 2857 1072 2939 ιιαλύφθη.
1097 2855 1163 2916 Ὅτι
1184 2852 1245 2914 etot
1267 2852 1343 2920 α’πδς
1362 2857 1376 2912 θ
1395 2852 1498 2925 Ἰησοῦς
1512 2852 1674 2922 studim
1684 2854 1717 2917 nl

146 2971 198 3010 non
209 2949 276 3010 tides
288 2947 412 3008 habenda
426 2960 483 3007 erat
495 2942 626 3005 ministris
643 2946 827 3025 narrantibus;
840 2949 889 3010 sed
942 2950 1054 3031 γεγονδι,
1068 2947 1128 3010 ἀλλ’
1138 2946 1228 3030 ἠρίμα
1238 2944 1284 3005 καί
1298 2943 1368 3004 κατδι
1382 2944 1475 3027 μικρὸν
1489 2943 1633 3006 tecum·
1647 2968 1717 3028 γον

145 3043 264 3103 insanire
272 3040 359 3123 putati
375 3040 499 3112 luissent,
510 3056 572 3096 cum
582 3035 696 3113 homini,
705 3038 753 3117 qui
762 3041 889 3121 opinione
904 3063 924 3113 g
943 3045 1063 3124 ρισθῆναι
1077 3044 1130 3100 τῶν
1144 3037 1261 3117 σημείων
1278 3035 1326 3109 τὴν
1343 3035 1463 3115 δύναμιν.
1482 3039 1518 3097 Εἰ
1532 3034 1582 3116 μίν
1597 3028 1642 3098 ab
1656 3038 1715 3101 τέτε

144 3136 293 3195 multorum
310 3133 423 3213 evulgo
446 3144 512 3206 erat,
532 3128 597 3189 talia
621 3128 811 3192 adscriberent.
831 3135 888 3216 Ipsi
940 3132 1078 3214 ἠλέγχθη,
1102 3133 1148 3191 obn
1168 3130 1198 3188 δν
1218 3127 1426 3208 διηγούμενοιοί
1447 3127 1565 3189 διάκονοι
1584 3136 1669 3191 ταῦτα
1682 3129 1715 3191 δν

143 3229 253 3306 quidem
276 3224 440 3309 experientia
461 3243 518 3283 rem
543 3221 614 3281 clare
637 3236 765 3283 noverant
770 3248 780 3302 ρ
802 3246 888 3306 neque
941 3224 1141 3296 iniectionem·
1164 3220 1224 3281 ἀλλ’
1244 3218 1334 3288 ἔδοξαν
1355 3219 1387 3279 δν
1404 3218 1559 3299 μαίνεσθαι,
1584 3220 1716 3306 ὢνθριίσιιρ

143 3332 265 3398 poterant
282 3317 338 3377 suis
359 3316 485 3375 manibus
502 3312 585 3372 iidem
600 3332 708 3393 ιτερατα,
723 3335 774 3375 non
798 3329 887 3380 tamen
941 3320 1011 3398 ψιλῷ
1024 3325 1077 3383 τοῖς
1088 3317 1194 3381 πολλοῖς
1207 3303 1275 3371 ι’ίναι
1285 3312 1402 3372 δοκοῦντι
1414 3311 1474 3373 τότε
1487 3319 1601 3374 τοιαῦτα
1615 3338 1715 3397 μαρτυ-

142 3411 231 3470 idonei
243 3423 317 3469 erant
330 3422 360 3468 ut
370 3406 431 3467 aliis
440 3405 524 3465 fidem
534 3405 656 3464 iacerent.
665 3404 730 3466 ldeo
739 3427 791 3466 nun
801 3412 886 3470 omni-
943 3414 1053 3491 ρσῦντις.
1068 3406 1149 3468 Αὐτοὶ
1160 3405 1207 3485 μέν
1223 3406 1275 3486 γὰρ
1294 3404 1341 3464 καί
1360 3404 1404 3465 διδ
1415 3408 1464 3477 τῆς
1478 3404 1577 3487 πείρας
1590 3406 1621 3466 τδ
1635 3407 1716 3489 ααφίς

142 3500 195 3561 bus
216 3500 358 3576 revelavit3
373 3497 419 3558 sed
436 3497 461 3557 ei
475 3496 522 3576 qui
545 3495 662 3557 maxime
677 3513 766 3578 posset
779 3498 807 3560 id
822 3523 885 3582 per-
894 3549 931 3590 m
940 3501 1066 3580 ἔγνωσαν·
1081 3502 1110 3559 od
1125 3499 1176 3580 γδιρ
1189 3496 1222 3568 δὴ
1236 3505 1294 3565 ταῖς
1308 3499 1408 3555 ἑαυτῶν
1421 3495 1514 3578 χερσίν
1528 3497 1640 3576 ἔμελλον
1653 3504 1714 3560 ἔστι·

142 3594 254 3675 spicere,
266 3593 407 3653 clariorem
419 3591 457 3651 rei
470 3588 594 3649 notitiam
606 3588 635 3647 in
651 3603 786 3670 posterum
801 3614 884 3654 reser-
902 3606 923 3653 t
940 3601 1028 3652 στεῑν·
1053 3590 1154 3673 ἐτέρους
1168 3588 1196 3648 δέ
1213 3591 1370 3649 πιστοῦσθαι
1393 3591 1441 3648 οὐκ
1461 3579 1529 3660 ἦσαν
1543 3590 1641 3651 ἱκανοί.
1661 3589 1712 3653 Διί

140 3688 297 3745 vans.Nam
319 3697 380 3766 post
400 3682 454 3741 alia
475 3680 617 3761 conspicua
633 3680 719 3760 signa,
732 3682 784 3742 hoc
803 3685 884 3746 etiam
938 3692 1014 3745 τοῦτο
1034 3682 1093 3743 οὐδὲ
1116 3682 1192 3750 αθιδς
1212 3679 1368 3760 ἐξεκσλυψεν
1390 3680 1499 3755 ἅπασιν,
1519 3681 1591 3742 ἀλλὰ
1604 3686 1644 3764 τῷ
1662 3680 1712 3761 μέ-

141 3777 270 3839 credibile
290 3778 413 3837 futurum
430 3787 495 3835 erat.
507 3770 624 3846 Quando
642 3773 715 3833 enim
734 3774 822 3836 filium
844 3799 884 3838 re·
937 3780 1015 3837 λιστα
1030 3778 1140 3837 συνιδεῖν
1157 3773 1304 3854 τδγεγονδς
1318 3773 1465 3854 δυναμένῳ,
1481 3773 1531 3846 τὴν
1547 3775 1712 3858 σαφεστέραν

140 3870 198 3950 guli
212 3884 302 3952 postea
316 3868 430 3946 curavit,
440 3888 489 3948 per
503 3887 534 3926 ea
544 3886 604 3944 qua
616 3878 681 3925 tune
695 3866 763 3926 dicit
772 3889 885 3950 evange·
937 3873 1016 3931 αθτοδ
1036 3872 1131 3949 γνῶσιν
1151 3869 1190 3946 τῷ
1212 3866 1334 3944 μέλλοντι
1347 3864 1436 3947 χρόνῳ
1450 3869 1549 3948 ιηρῶκ
1566 3865 1647 3927 Μετδι
1660 3866 1711 3948 γδρ

138 3962 200 4023 lista
220 3963 321 4022 indicat
342 3961 394 4020 hoc
417 3960 498 4019 etiam
520 3957 686 4017 manifestius
709 3959 799 4019 fuisse.
820 3961 885 4022 ldeo
936 3962 983 4036 elo
997 3966 1049 4021 τῶν
1070 3963 1169 4020 λοιπῶν
1189 3957 1306 4036 σημείων
1321 3953 1460 4033 ἐπίδειξιν,
1474 3959 1615 4021 καὶτοῦτο
1629 3959 1710 4040 ἔμελ-

111 4061 112 4065 ’
139 4057 211 4115 enim
225 4054 343 4115 manime
365 4050 475 4131 regulus
495 4049 584 4129 ipsum
601 4048 718 4126 vocavit,
730 4051 794 4129 quia
814 4052 885 4132 signi
936 4057 979 4114 λεν
992 4044 1059 4113 εἶναι
1073 4051 1174 4111 πιστόν.
1196 4048 1265 4110 Ὅτι
1285 4057 1346 4129 γοῦν
1361 4056 1407 4110 τοῦ
1421 4053 1561 4128 βασιλικοῦ
1576 4052 1641 4112 ιτδν
1656 4052 1708 4113 υίδν
1751 4124 1754 4132 Ι

139 4148 217 4207 istius
226 4168 326 4227 gnarus
340 4159 407 4221 erat,
419 4158 448 4202 ut
464 4141 535 4200 diri.
554 4140 638 4212 Quod
651 4140 790 4202 declarans
803 4147 884 4205 Joan·
937 4144 1043 4227 ύοτιρον
1056 4142 1202 4225 θεραπεύει,
1213 4144 1245 4200 δι’
1256 4132 1292 4200 ὧν
1307 4145 1361 4201 ἐκεῖ
1374 4141 1455 4221 λέγει,
1466 4140 1597 4203 δείκνυσιν
1609 4148 1624 4204 δ
1637 4147 1711 4224 cinv-

139 4261 186 4298 ncs
196 4239 319 4297 dicebat:
334 4240 418 4295 Venit
433 4237 520 4297 ἔσται
534 4238 566 4291 in
577 4235 662 4292 Cana
678 4233 821 4306 Galilaea,
834 4239 885 4294 ubi
935 4235 1056 4318 γελιστὴς
1069 4235 1109 4294 ὅτι
1129 4234 1265 4294 καὶτοῦτο
1281 4230 1440 4312 σαφέστερον
1461 4233 1562 4314 γέγονε.
1589 4233 1643 4296 dd
1659 4234 1713 4319 γδρ

129 4334 209 4412 fecit
231 4352 340 4410 aquam
362 4334 468 4387 vinum
483 4351 491 4382 :
507 4346 592 4406 neque
613 4323 694 4383 modo
712 4326 817 4403 vinum,
837 4327 883 4387 scd
933 4337 1009 4391 τοῦτο
1025 4329 1141 4407 μάλιστα
1156 4327 1232 4386 αὐτὸν
1249 4325 1371 4385 ἐκάλεσεν
1386 4329 1483 4392 ἐκεῖνος
1490 4326 1604 4400 ,ἐπειδὴ
1617 4328 1650 4389 ιθ
1663 4350 1709 4401 οη·

138 4425 234 4485 vinum
246 4423 386 4503 optimum.
935 4431 1006 4500 μεῖον
1017 4417 1137 4501 ἐγνωκὼς
1145 4410 1187 4492 ἦν,
1198 4418 1289 4497 ὥσπερ
1299 4416 1372 4496 ἔφην.
1381 4414 1471 4475 Ὃκαὶ
1482 4416 1570 4488 δηλῶν
1584 4417 1710 4493 Ἰωάννης
1750 4412 1754 4423 ’

529 4501 536 4512 ’
932 4512 1028 4591 ἔλεγεν·
1043 4501 1143 4570 Ἦλθεν
1156 4513 1170 4568 ὁ
1183 4509 1284 4581 Ἰησοῦς
1298 4510 1335 4574 εἰς
1346 4506 1394 4578 clv
1406 4510 1541 4581 Korba-11⁰<
1554 4508 1709 4587 Γαλιλαίας,
1752 4508 1754 4515 ’

931 4603 997 4663 ὅπου
1011 4600 1118 4675 ἐποίησε
1129 4600 1160 4660 τδ
1172 4599 1243 4681 ὕδωρ
1258 4589 1335 4658 οίνον·
1350 4601 1400 4680 οὐχ
1412 4599 1504 4667 ἁπλῶς
1516 4598 1543 4661 dl
1558 4591 1639 4679 οἶνον,
1652 4600 1712 4664 ἀλλ’

931 4683 998 4753 οἶνον
1016 4693 1165 4752 κάλλιπον.

175 4795 202 4852 5.
225 4790 305 4850 Talia
324 4799 387 4846 sunt
401 4750 503 4845 Cbriiti
520 4785 731 4866 miraculaque
744 4807 786 4846 ros
800 4799 878 4845 natu-
970 4788 1088 4846 Τοιαῦτα
1101 4786 1152 4867 γὰρ
1163 4789 1208 4844 τοῦ
1222 4785 1338 4865 Χριστοῦ
1348 4784 1383 4845 ab
1397 4783 1534 4864 θαύματα,
1550 4789 1647 4870 πολλῷ
1660 4791 1715 4848 τῶν

89 4946 92 4951 .
134 4888 202 4949 rulcs
211 4879 366 4966 praestantia
376 4879 455 4958 longe
465 4891 598 4959 superent.
610 4878 656 4938 Sic
666 4879 800 4940 ctinaliis
810 4900 875 4958 quo·
931 4877 975 4938 διδι
990 4878 1090 4958 φύσεως
1112 4876 1275 4955 τελουμένων
1297 4876 1446 4959 ι’σραιύτερα
1466 4876 1569 4958 γίνεται
1585 4880 1634 4942 καί
1651 4884 1715 4962 βιλ.

163 5098 176 5136 θ
193 5091 279 5145 Μοτεί.
293 5091 334 5157 [σι
343 5087 406 5138 Cod.
420 5086 480 5153 705]
491 5093 657 5146 lnrrntnrcun.
970 5096 980 5118 ⁰
997 5085 1075 5138 Savil.
1088 5093 1218 5152 melem·
1231 5085 1291 5137 Μαι
1301 5084 1378 5138 Savil.
1393 5094 1484 5155 ίλέχθη.

160 5188 170 5211 ²
188 5175 289 5237 [πάντες
301 5168 371 5219 abest
384 5169 409 5217 in
421 5162 623 5219 Sav=tl.uCod‹t.
634 5165 690 5229 cit]
970 5180 981 5204 ¹
998 5163 1074 5216 Savil.
1095 5172 1139 5218 υίὸν
1158 5169 1240 5230 ε’μιλλσ
1259 5165 1404 5235 θεραπεύειν,
1425 5171 1536 5226 linium
1557 5172 1571 5222 θ
1590 5176 1717 5242 εὐαγγελι-

159 5251 172 5291 ¹l
191 5248 277 5303 Morel·
288 5255 421 5313 οίναχοῆσσιι-
938 5255 1030 5303 στῆς...
1043 5250 1098 5313 ὅπερ
1110 5249 1146 5296 καί
1159 5246 1308 5312 παραδηλῶν,
1316 5243 1387 5312 quod
1399 5244 1509 5311 idipsum
1521 5257 1571 5298 eat.
