3750 5940
61 671 306 797 llTUlll

61 972 81 1044 r
120 971 472 1068 snounnrnnr.

61 1238 136 1297 lom.
149 1236 214 1319 8‚p.
229 1236 308 1298 869:
323 1240 398 1298 Cum
411 1238 566 1300 Groeculus
577 1244 724 1322 quispiam
744 1246 859 1325 ineptus

67 1351 87 1388 n
94 1331 213 1389 Joanne
224 1343 323 1390 nostro
334 1333 468 1391 liabitnm
480 1352 542 1394 esse
551 1335 633 1415 apud
639 1335 860 1397 Ecclesiasticus

61 1426 283 1488 audentissimus
295 1426 425 1485 numano
437 1431 529 1507 capiti
539 1448 644 1509 corpus
651 1429 743 1510 plane
755 1430 859 1490 bellui-

61 1519 250 1600 fmumsetum
262 1522 422 1600 supposuit,
438 1523 487 1578 vix
497 1520 632 1595 lectione,
646 1523 754 1581 nedum
764 1545 862 1583 ernen-

61 1631 78 1687 r,
95 1609 142 1688 qni
157 1608 266 1669 initium
279 1610 400 1670 homiliae
413 1611 601 1692 Chrysostomi
619 1613 780 1692 attulerunt,
797 1628 861 1674 sunt

61 1725 86 1784 p.
105 1705 155 1781 20,
169 1703 217 1782 qui
231 1704 312 1763 ambo
321 1705 457 1785 ipsissima
470 1705 552 1765 verba
563 1706 692 1783 referunt,
706 1706 782 1766 nullo
792 1727 861 1787 pene

61 1812 142 1857 sest.
164 1798 241 1857 Hanc
259 1813 331 1859 certe
350 1799 494 1859 homiliam
514 1800 614 1879 quovis
632 1801 721 1881 sagaci
739 1800 859 1879 homine,

61 1909 146 1974 ›tquot
155 1915 185 1953 ea
199 1893 234 1953 de
246 1916 276 1954 re
288 1895 446 1955 sententium
457 1895 589 1956 tulerunt.
607 1895 653 1957 Sic
663 1918 740 1956 orsus
752 1896 861 1978 ineptus

61 1989 178 2069 hincque
200 1991 297 2051 transit
314 1990 502 2073 adprobaret
520 2006 626 2052 sanctes
643 2013 703 2072 quse
718 1991 746 2052 in
766 1991 861 2053 Veteri

61 2180 96 2239 rit
109 2179 251 2239 homiliam
261 2179 354 2240 banca
363 2180 463 2240 recenti
476 2181 595 2261 quodam
609 2181 708 2241 Grreco
719 2179 862 2255 concinnu-

61 2273 81 2332 li
90 2273 216 2355 scriptor,
224 2273 379 2346 Quaestione
390 2274 418 2334 in
428 2275 598 2358 scripturam
606 2277 688 2349 ΠΧ,
702 2273 861 2351 cuititulus,
876 2292 878 2297 '

61 2375 99 2426 o?
116 2389 242 2448 magnam
255 2368 338 2451 hujus
352 2368 473 2428 homiliae
487 2383 592 2451 partem
608 2369 795 2452 Chrysortomi
812 2389 861 2430 no·

61 2467 135 2546 sera
145 2477 239 2544 potest
261 2469 431 2545 comparari
442 2486 509 2525 curn
519 2466 641 2525 muliere
652 2465 734 2525 mala
745 2477 774 2525 et
793 2485 861 2525 uer·

61 2558 118 2616 haec
134 2558 216 2618 verba
228 2557 350 2618 desinit:
368 2561 426 2639 Qui
436 2581 504 2640 ergo
515 2560 603 2619 labet
625 2559 738 2618 malum
757 2558 860 2618 mulie-

69 2655 160 2710 :dicit
177 2656 255 2711 enim
278 2653 399 2733 Sapiens
412 2677 422 2710 .·
435 2655 548 2714 Mulier
565 2654 648 2713 mnln
661 2654 782 2713 dabitur
797 2656 860 2712 viro

61 2770 67 2805 ι
77 2769 126 2806 nee
135 2748 276 2828 pauciora,
288 2746 325 2806 ed
334 2748 447 2807 verbnm
457 2748 592 2808 habentur
601 2747 630 2807 in
639 2746 769 2828 opusculo
778 2746 819 2806 l9
827 2745 857 2805 S.

61 2865 73 2916 ¹,
87 2842 145 2901 sine
155 2844 210 2902 alio
223 2842 380 2902 discrimine
393 2865 475 2922 quarn
487 2843 563 2922 quod
575 2843 752 2923 interpretum
765 2839 858 2900 diver·

67 2958 102 2996 cx
113 2938 141 2995 S.
153 2937 291 3018 Ephrcmo
302 2935 355 2995 hoc
363 2948 547 2995 assumentum
560 2948 714 2995 mutuatum
726 2953 791 2994 esse.
810 2933 857 2991 ln·

62 3043 185 3090 ornatam
196 3029 348 3110 rejecimus,
360 3049 515 3109 novemque
526 3029 691 3111 paravimus.

61 3256 853 3293 m

81 3439 90 3478 l

76 3444 150 3543 ,In
180 3443 405 3504 decollationem
438 3446 633 3506 Proecwsoris
661 3457 690 3506 et
708 3446 859 3527 'Baptistae

262 3537 402 3616 loannis,
416 3550 445 3597 et
456 3541 490 3597 in
501 3539 709 3602 Herodindern.

153 3722 180 3778 l.
192 3721 297 3781 Rursus
310 3721 443 3782 Herodias
457 3722 565 3799 insanit,
577 3744 671 3783 rursus
685 3723 780 3784 turbes
801 3746 859 3785 mo-

112 3815 165 3876 vet,
176 3822 270 3860 rursus
278 3804 366 3878 saltat,
380 3824 474 3862 rursus
489 3802 586 3884 injuste
596 3824 626 3863 cu
648 3817 677 3862 ut
684 3803 794 3865 loannis
807 3805 858 3864 Ba·

111 3880 201 3961 ptistae
212 3880 248 3939 ab
259 3882 365 3942 Herode
377 3882 512 3962 amputari
525 3883 611 3964 cupit.
626 3825 733 3942 lursus
750 3883 858 3944 Jerahel

111 3959 219 4037 circuit,
255 3979 358 4021 uaerens
371 3962 505 4020 Nabuthte
518 3962 672 4021 vineameri
692 3975 781 4033 creet
795 3983 858 4022 sen·

112 4053 186 4098 ctum
208 3982 314 4099 Heliam
327 4041 355 4099 in
371 4041 509 4101 montibus
524 4041 659 4132 persequi.
717 4054 746 4100 to
767 4056 857 4101 cutem
896 4103 899 4109 ,

111 4140 164 4178 non
179 4140 222 4178 me
233 4121 322 4179 solum
330 4121 359 4180 in
372 4133 510 4200 stuporem
524 4121 632 4196 con'icr,
646 4121 694 4181 sed
704 4120 785 4181 etiam
808 4143 858 4182 vos

111 4199 262 4277 omnesqui
274 4220 368 4260 vocem
381 4221 449 4260 evan
469 4200 515 4258 clii
524 4219 559 4258 au
584 4199 636 4274 ris,
646 4214 672 4261 ct
686 4221 791 4260 meeum
804 4201 857 4260 mi·

111 4279 165 4338 rari
181 4278 293 4341 loannis
307 4278 437 4358 loquendi
449 4221 612 4355 ibertatcm,
629 4279 745 4340 Herodis
760 4280 856 4341 levita-

112 4372 176 4427 tem,
190 4358 394 4498 impiarumthule
406 4359 552 4418 mulierum
567 4359 698 4420 firriosarn
711 4359 854 4421 insanium.

112 4437 188 4513 Quid
213 4438 285 4498 enim
313 4460 349 4498 au
372 4439 378 4450 '

111 4522 243 4580 loannem
256 4518 346 4599 posuit
360 4518 387 4577 in
401 4539 515 4579 carcere.
527 4518 636 4591 Quare?
646 4523 761 4602 Propter
773 4521 858 4582 Hero·

111 4596 220 4657 dindcm
232 4618 346 4657 uxorem
356 4597 477 4690 Philippi
493 4598 583 4658 fratris
596 4599 650 4659 sui.
663 4599 698 4658 Et
704 4600 767 4683 jure
778 4601 857 4662 vitu-

131 4699 187 4737 eres
202 4677 343 4737 Herodisn
358 4677 517 4739 miserrimis
532 4678 693 4740 mulieribus
708 4700 740 4740 eo
753 4679 857 4740 inducti

111 4701 257 4819 levitatem.
273 4756 348 4830 Quid
368 4778 433 4818 vero
455 4757 541 4837 dicas,
564 4761 736 4839 etqunmodo
752 4781 859 4820 enarres

77 4837 95 4884 Β
114 4838 259 4898 mulierum
272 4837 381 4896 illerum
393 4836 529 4929 ingentem
541 4839 690 4919 nequitiam
699 4840 859 4918 tntihiqui-

113 4918 176 4978 dcrn
190 4917 298 4980 videtur
311 4917 415 4977 nullam
427 4938 454 4976 rn
468 4918 572 4979 mundo
595 4940 652 4979 esse
672 4920 756 4979 ieram
780 4918 858 4979 mule

114 4998 221 5058 mulieri
232 4995 452 5079 comparabilem
469 4998 541 5059 Mihi
557 5013 626 5059 certe
638 5021 711 5061 nnnc
724 4997 759 5059 de
772 4999 855 5071 muln,

867 4493 893 4539 3.

132 5192 144 5227 ¹³
162 5186 206 5239 Alii
222 5194 397 5254 σπαραχθιῖσαν.

380 4438 490 4499 vimus?
514 4439 635 4500 Herodes
659 4439 858 4523 apprehensum
870 4432 953 4478 Merit.
973 4434 1011 4492 st.
