3750 5940
448 440 451 446 ·
543 441 575 488 ιιι
603 440 717 488 nanos
743 440 948 491 nanusnnu.
1453 421 1525 515 913

66 565 167 626 ἔσωσεν
185 565 288 634 αὐτούς.
302 565 355 625 Διδ
364 571 441 626 τοῦτο
453 565 498 623 καλ
517 569 592 643 ἡμεῖς
607 566 731 644 εύλογοῦ-
788 549 985 648 nonarigeius,
1008 569 1061 628 sed
1078 572 1140 648 ipse
1153 568 1300 627 Dominus
1319 567 1448 628 salvavit
1467 587 1525 627 eos.

67 643 188 724 ,Κύρεε,
209 643 253 703 τόν
268 641 314 705 σὺν
335 644 425 744 Πατρί
445 643 490 704 καλ
504 643 572 724 ἁγίῳ
592 643 731 721 Πνεύματι
785 644 850 703 ldeo
869 657 896 704 et
919 666 967 706 nos
990 645 1175 706 benedicimus
1194 659 1231 723 te,
1249 643 1374 721 Domine,
1392 645 1440 725 qui
1463 666 1527 706 cum

61 723 126 782 δνων
144 722 190 782 καί
205 726 242 789 εἰς
254 727 349 791 αἰῶνας
362 727 463 782 αἰωνων
477 723 666 803 εὐλογημένον·
678 723 730 802 πρὸ
784 723 864 782 Patre
877 737 903 783 et
916 724 1022 805 Spiritu
1039 739 1131 785 sancto
1150 738 1211 784 ante
1233 723 1331 783 steoula
1345 737 1371 783 et
1386 725 1415 785 in
1427 724 1526 784 saecula

61 801 187 862 ναίόινων
199 804 244 862 καί
262 803 343 885 μέχρι
354 806 401 873 τῆς
419 805 494 882 δεῦρο
508 803 671 904 οἰοωμάτως,
683 827 730 861 τα·
783 803 944 862 seculorum
963 803 1119 864 benedictus
1140 816 1267 863 estante
1286 803 1382 862 saecula
1401 817 1428 864 et
1440 824 1526 882 usque

71 881 117 941 καί
129 885 165 949 εἰς
183 885 292 954 αἰῶνας,
309 880 376 960 μετά
386 886 435 954 τῆς
453 881 523 949 θείας
534 905 580 941 και
594 883 729 960 ἀμεταύό-
783 881 879 940 adhoc
889 896 995 964 tempus
1005 883 1175 964 incorporeus
1180 907 1190 960 ;
1206 903 1278 942 nunc
1289 895 1379 941 autern
1391 896 1418 943 et
1431 881 1459 944 in
1471 903 1524 944 se·

61 961 71 1020 i
92 960 234 1042 ἀμερίστου
249 986 295 1022 σου
312 961 478 1041 σαρκώσεως.
495 959 608 1038 Ὶδωμεν
630 961 675 1019 καί
696 960 730 1021 τά
783 960 852 1037 cula,
876 982 939 1020 cnm
962 963 1069 1038 divina,
1088 963 1251 1022 immutabili
1264 976 1290 1021 et
1304 961 1467 1023 indivisibili
1481 965 1525 1023 in-

61 1042 83 1100 ίί
93 1042 164 1119 λέγει
178 1040 333 1107 όθειύτατος
344 1038 544 1120 εύαγγελιστής,
560 1041 730 1111 Εἰσελθόντος
783 1040 933 1100 carnatione
947 1055 1002 1101 tua.
1015 1043 1130 1120 Reliqua
1143 1042 1294 1110 videamus.
1312 1041 1388 1113 Quid
1400 1042 1468 1102 dicit
1481 1043 1525 1103 di-

61 1120 114 1192 ησλ,
129 1125 174 1177 τοῦ
186 1120 285 1201 Κυρίου
300 1123 336 1187 εἰς
349 1120 379 1180 τδ
392 1120 476 1201 ίερδν,
496 1121 644 1200 προσῆλθον
659 1124 730 1203 αὐτῷ
782 1119 863 1179 vinus
875 1121 1059 1201 evangelista?
1080 1124 1154 1181 Cum
1171 1126 1310 1181 intrasset
1330 1124 1476 1182 Dominus
1492 1128 1524 1182 in
1533 1134 1621 1180 Maru.
1634 1146 1675 1184 si.

61 1200 109 1258 καὶ
124 1199 216 1279 χωλοὶ,
226 1199 271 1257 καί
282 1199 452 1281 ἐθεράπευσεν
465 1197 568 1265 αύτούς.
582 1198 691 1266 ’ἰδόντες
702 1201 730 1259 δὲ
784 1200 933 1279 templum,
946 1214 1130 1260 accesserunt
1147 1203 1188 1259 ad
1200 1222 1265 1260 eum
1281 1205 1349 1260 cneci
1367 1215 1396 1261 et
1411 1203 1522 1277 claudi,
1537 1196 1574 1254 ¹4·
1584 1197 1622 1245 ¹⁵·

63 1289 131 1360 τρεῖς
144 1280 190 1338 καὶ
204 1282 227 1337 ol
237 1280 383 1359 Φαρισαῖοι
394 1278 428 1339 τὰ
440 1278 563 1357 θαύματα
577 1278 594 1336 d
612 1278 730 1352 ἐποίησε,
783 1291 811 1338 et
831 1283 946 1339 curavit
962 1301 1020 1340 eos.
1038 1282 1175 1340 Videntes
1197 1294 1296 1340 autem
1313 1285 1459 1361 principes
1478 1303 1525 1343 sa·

61 1385 81 1427 ις
90 1359 186 1424 παῖδας
198 1359 342 1440 κράζοντας
358 1358 403 1417 καί
417 1358 549 1437 λέγοντας,
564 1358 682 1417 Ὦσάννα
692 1362 731 1439 τῷ
782 1360 931 1417 cerdotum
945 1372 973 1418 et
983 1361 1131 1419 Plorisaei
1145 1361 1290 1418 miracula
1302 1363 1523 1441 quoesnciebot,

61 1436 127 1511 ιυίδ,
148 1437 320 1516 εὐλογημένος
331 1441 345 1495 ό
357 1438 496 1518 ἐρχόμενος
515 1439 542 1495 ἰν
556 1435 666 1514 ὀνόματι
678 1440 731 1497 Κυ-
783 1449 812 1495 et
827 1459 933 1517 pueros
946 1440 1110 1499 clamantes
1124 1452 1151 1498 et
1161 1440 1307 1513 dicentes,
1320 1442 1466 1499 Hosanna
1481 1441 1525 1520 fi-

61 1525 85 1575 ἰκ
94 1517 207 1589 ἤνεγκαν
218 1516 267 1589 τὴν
277 1517 368 1576 ,τούτου
378 1518 470 1594 τιμήν.
482 1517 563 1576 Ὅθεν
576 1516 731 1596 προσελθόν-
748 1527 767 1574 B
783 1517 823 1574 lio
844 1518 956 1588 David,
984 1519 1151 1578 benedictus
1174 1524 1225 1598 qui
1245 1522 1328 1578 uenit
1347 1524 1379 1577 in
1408 1523 1526 1578 nomine

61 1601 93 1676 τῷ
112 1587 183 1654 alnov
197 1620 202 1631 ·
218 1599 277 1656 Οὐκ
290 1595 393 1664 ἀκούεις
406 1596 432 1655 τί
451 1586 523 1656 ούτοι
541 1595 674 1674 λέγουσιν,
690 1590 740 1656 ού’
782 1597 915 1669 Domini,
926 1598 984 1677 ejus
995 1597 1124 1657 honorem
1135 1619 1187 1656 non
1200 1599 1329 1657 tulerunt.
1344 1599 1435 1670 Quare
1450 1620 1526 1658 acce-

61 1730 62 1741 ,
91 1674 272 1753 δοξαζόμενος,
294 1679 330 1743 ὡς
353 1676 436 1747 Θεός;
461 1679 508 1734 οῦκ
530 1675 599 1754 ἄχθῃ
629 1675 730 1735 ἀκούων
781 1672 873 1734 dentes
883 1675 919 1734 ad
931 1698 993 1735 eum
1007 1676 1131 1736 dicebant
1138 1722 1147 1753 ,
1168 1679 1237 1735 Non
1253 1678 1339 1736 audis
1357 1680 1470 1757 quidni
1480 1681 1524 1737 di-
1535 1684 1626 1741 ttieta.
1639 1693 1676 1741 ιθ.

61 1758 105 1814 ,τῖεν
125 1755 232 1814 ἀκάκων
246 1754 280 1814 τδι
298 1758 336 1834 τῷ
353 1758 416 1835 Θεῷ
431 1755 477 1814 καί
495 1756 567 1834 μόνῳ
580 1753 730 1836 πρέποντας
782 1760 873 1813 cont?
893 1758 954 1815 Non
981 1777 1002 1814 ae
1023 1756 1122 1815 refers
1150 1757 1223 1835 qnod
1242 1756 1328 1834 gloria
1348 1758 1475 1816 afficiaris
1494 1772 1526 1817 ut

61 1858 87 1894 αι
105 1834 279 1906 δεδήλωκενδ
297 1832 365 1899 Θεδς
384 1834 428 1893 διὰ
448 1841 494 1892 τοῦ
506 1859 527 1893 π
576 1833 657 1904 ήτου,
671 1834 729 1906 Τὴν
782 1834 874 1891 Deus?
894 1855 946 1894 non
967 1777 1078 1915 indigne
1097 1837 1162 1910 sors,
1177 1857 1239 1895 cum
1253 1836 1330 1895 audis
1344 1837 1379 1896 ab
1392 1837 1435 1895 his
1449 1837 1525 1896 inno-

61 1937 109 1991 μου
131 1913 211 1992 ἑτέρω
231 1917 261 1972 ού
276 1912 370 1982 δύσιος
393 1911 448 1988 καί,
469 1915 533 1980 Πῶς
547 1936 578 1972 συ
595 1913 731 1989 ἄνθρωπος
782 1913 904 1972 centibus
930 1936 978 1988 ea,
996 1936 1056 1993 qua:
1079 1915 1166 1974 solum
1187 1915 1276 1974 Deum
1296 1914 1413 1975 decent?
1436 1938 1525 1977 annon

61 2002 100 2061 εἰς
113 1974 314 2063 σεαυτδνΘεόν,
330 1992 407 2051 ’Λλλδ
419 1994 446 2051 τί
464 1992 529 2070 πρδς
546 1996 657 2051 ταῦταὸ
679 2017 730 2070 μα·
781 1992 856 2051 Deus
869 1994 927 2073 jam
944 1993 1010 2052 olim
1028 2015 1075 2074 per
1091 1995 1252 2075 prophetam
1270 1993 1432 2072 declaravit,
1454 1998 1674 2076 (llo-nattam.

61 2095 99 2142 ος,
121 2071 230 2138 διτολδς
248 2074 274 2129 ἰν
297 2072 373 2140 ἐλέει,
394 2072 439 2130 καί
454 2070 555 2209 ρρλριδδς
575 2073 611 2137 εἷς
630 2071 710 2153 ὀργάν
720 2095 729 2144 ;
781 2076 858 2130 riam
876 2095 971 2131 meam
985 2075 1074 2132 alteri
1087 2095 1147 2132 non
1158 2076 1257 2133 dabo?
1276 2088 1313 2151 et,
1331 2078 1482 2153 Quomodo
1493 2089 1524 2135 tu
1534 2104 1605 2146 pm,
1624 2112 1660 2147 10,

61 2175 95 2212 :et
105 2153 157 2210 τῶν
178 2150 350 2229 μεμηνότων,
365 2152 460 2210 ἀναετε
512 2150 664 2230 ιάπολογίρ
680 2151 729 2223 τὴν
782 2152 945 2211 homocum
957 2155 1100 2234 sis,socis
1119 2158 1240 2232 teipsum
1255 2154 1439 2214 Deumtb'ed
1454 2155 1575 2234 quides-

61 2230 121 2304 νὴν,
137 2230 474 2311 ἀνθυπομνιίσκειΓραρθς,
487 2228 613 2331 προρίρει
626 2253 727 2309 μαρτυ-
782 2230 818 2289 ad
832 2232 891 2289 hae
898 2231 1060 2323 longanimis
1073 2232 1135 2306 ille,
1144 2233 1246 2292 multus
1257 2234 1285 2291 in
1296 2233 1488 2309 misericordia,
1499 2249 1526 2294 et

61 2315 85 2368 lv
98 2310 276 2386 τελουμένων,
291 2310 336 2369 καλ
354 2313 401 2368 οὐκ
416 2313 590 2368 άπαναινεται
603 2310 667 2388 πρδς
681 2310 730 2381 τὴν
782 2309 875 2368 tanlns
894 2311 930 2369 ad
951 2311 1040 2369 tram?
1063 2313 1191 2370 Furentes
1215 2313 1323 2387 tolerat,
1346 2312 1414 2371 iram
1451 2313 1527 2374 sedat

73 2390 122 2449 Διὸ
141 2388 186 2446 καί
200 2409 279 2469 ρηστν
291 2411 297 2425 ·
311 2387 435 2448 οὐδέποτε
446 2388 491 2447 καί
508 2391 581 2466 ὑμεῖς
600 2388 731 2458 ἠκούσατέ
783 2389 936 2449 excusando
950 2411 978 2448 se
986 2435 994 2463 ,
1008 2389 1163 2470 Scripturas
1173 2391 1295 2451 vicissim
1310 2392 1432 2482 opponit,
1448 2393 1525 2452 testi-

61 2467 134 2528 λιτοῦ
156 2468 290 2547 προφήτου
310 2467 440 2546 λέγοντος,
453 2467 513 2527 τότε
526 2467 671 2545 γνώσεσθε,
690 2469 731 2527 ότι
782 2468 872 2527 monia
914 2468 996 2527 refert
1012 2481 1175 2559 opportuna,
1190 2491 1276 2548 neque
1294 2469 1392 2529 desinit
1414 2472 1526 2532 interro-

61 2546 99 2626 γὼ
113 2552 127 2606 ό
142 2549 230 2606 λαλῶν
244 2548 368 2627 πάρειμι,
380 2546 434 2606 οὐδ’
447 2538 480 2606 ed
495 2547 587 2610 πάλιν,
604 2546 655 2605 'lix
669 2547 729 2608 στό·
783 2568 860 2626 gare,
872 2490 987 2625 idioque
1009 2561 1049 2606 att
1064 2571 1070 2604 ε
1087 2550 1243 2627 Numquam
1256 2563 1283 2608 et
1300 2570 1350 2609 vos
1360 2549 1474 2610 audistis
1482 2572 1526 2611 me

61 2627 152 2698 moiun
164 2626 209 2686 καί
223 2626 386 2698 θηλαζόντων
399 2625 550 2704 κατηρτίσω
565 2615 636 2684 αἰνον
653 2624 730 2685 ἕνεκα
782 2648 831 2706 per
843 2626 1003 2707 prophetam
1021 2626 1172 2686 dicentem:
1188 2629 1268 2686 Tunc
1281 2631 1444 2707 cognoscetis
1461 2630 1524 2709 quia
1535 2653 1674 2705 loomim&

61 2711 131 2788 θρῶν
149 2729 211 2778 σου,
224 2712 271 2764 τοῦ
292 2708 438 2765 καταλῦσαι
458 2704 550 2786 ίχθρδν
564 2704 609 2763 καί
623 2706 730 2776 ἐκδικη-
782 2725 831 2784 ego
842 2726 957 2784 praesens
969 2706 1083 2783 loquor?
1098 2726 1147 2764 nec
1162 2723 1283 2782 rursum,
1297 2710 1348 2765 Ex
1362 2729 1410 2767 ore
1424 2712 1525 2791 insan-

61 2784 133 2852 ἷτινίς
152 2788 217 2844 εἰσιν
231 2788 320 2861 ὑμεῖς,
341 2787 365 2844 οἰ
385 2783 459 2865 νόμῳ
480 2783 666 2880 προσέχοντες,
683 2784 730 2844 καί
747 2797 766 2846 c
782 2789 855 2843 tium
869 2797 898 2843 et
916 2785 1087 2842 lactentium
1103 2789 1254 2866 perfecisti
1270 2786 1389 2845 laudem
1407 2802 1526 2868 propter

61 2889 96 2932 ee
110 2864 340 2945 ἀναγινώσκοντες,
353 2864 423 2942 κάμὲ
437 2864 481 2923 τδν
496 2867 522 2922 ἐν
541 2884 613 2942 νομῳ
625 2886 728 2944 κηρυτ-
781 2867 914 2921 inimicos
933 2876 1007 2934 tuos,
1026 2876 1060 2922 ut
1077 2865 1212 2923 destruas
1231 2867 1381 2925 inimicum
1403 2880 1432 2926 et
1448 2869 1524 2927 ulto·

61 2969 67 2999 ι
81 2947 240 3010 ἀθετοῦντες.
261 2945 370 3002 Δοκεῖτε
386 2942 433 3021 μὲν
446 2942 503 3089 γριρξ
514 2945 541 3002 ἐν
555 2943 729 3023 προσχήματι
780 2949 861 3002 rem?
882 2942 964 3001 Tales
981 2942 1044 3001 estis
1060 2963 1127 3017 vos,
1149 2943 1197 3021 qui
1220 2944 1307 3024 legem
1331 2944 1485 3023 attenditis,
1498 2962 1530 3008 et.

61 3049 91 3090 ας
103 3024 240 3083 διεκδικεῖν
254 3022 302 3093 τὴν
317 3031 363 3083 τοῦ
376 3027 446 3083 Θεοῦ
505 3045 553 3094 αν,
573 3019 611 3100 μὴ
626 3022 726 3082 συνιίν·
779 3021 923 3103 prophetas
943 3021 1049 3102 legitis,
1062 3036 1088 3082 et
1107 3042 1151 3081 me
1168 3023 1196 3082 in
1213 3023 1273 3103 lege
1288 3024 1464 3114 predicatum
1477 3026 1524 3086 de-
1612 3081 1615 3086 ,

61 3126 120 3182 ιπερ
133 3108 147 3162 ό
162 3102 210 3180 ἰμλ
233 3107 342 3176 ἀθετῶν,
364 3101 410 3161 καί
434 3102 479 3161 τδν
497 3099 608 3183 Πατέρα
633 3106 727 3163 ἀθετεῖ.
778 3101 892 3161 ειίεἰῖίο.
908 3101 1048 3165 Videmini
1070 3123 1186 3180 namque
1209 3103 1317 3183 pietatis
1340 3104 1450 3163 obtentu
1471 3106 1523 3166 Dei

61 3183 101 3262 ›tp
116 3181 189 3264 παρδι
203 3189 248 3242 τοῦ
263 3185 333 3241 Θεοῦ
348 3180 470 3253 ἐξῆλθον,
494 3180 540 3238 καί
557 3181 671 3251 ἐλήλυθα
692 3185 728 3249 εἰς
780 3124 894 3261 gloriam
916 3180 1069 3258 vindicare3
1092 3202 1145 3241 non
1169 3181 1348 3274 intelligentes
1373 3203 1451 3261 eum,
1475 3185 1522 3265 qui

61 3285 141 3340 τμον·
156 3260 201 3320 καί
219 3266 236 3332 ἡ
260 3260 311 3338 ἐμὴ
333 3259 409 3334 δόξα,
430 3259 476 3318 καί
498 3268 542 3320 τοῦ
555 3260 662 3342 Πατρός
677 3260 727 3338 μού
780 3282 823 3320 me
832 3259 962 3342 despicit,
975 3261 1081 3319 Patrem
1101 3260 1181 3320 etiam
1193 3261 1337 3342 despicere.
1350 3263 1410 3343 Ego
1422 3264 1522 3325 enima

61 3340 99 3408 Ξα.
116 3341 302 3421 Ἐλεγχθίντες
317 3338 344 3399 δὲ
357 3338 438 3408 οίίτως
451 3344 475 3398 οἱ
491 3339 597 3413 ἀνόητοι
612 3339 663 3398 sat
683 3346 728 3400 τοῦ
780 3342 838 3399 Deo
856 3339 930 3399 exivi
939 3384 948 3415 ,
962 3353 988 3398 et
1001 3340 1064 3399 veni
1079 3340 1106 3398 in
1122 3340 1256 3399 mundum
1272 3365 1280 3398 z
1296 3355 1322 3401 et
1343 3342 1428 3423 gloria
1447 3364 1522 3422 mea,

61 3443 84 3489 ις
102 3425 178 3498 ἡμῶν
190 3422 275 3493 Θεοῦ,
289 3418 438 3480 ἐπαύσαντο
450 3418 497 3496 μὲν
509 3423 556 3490 τῆς
568 3419 726 3497 ἀντιλογίας,
780 3434 818 3479 est
839 3417 925 3499 gloria
948 3418 1036 3480 Patris
1057 3418 1182 3479 moisio
1199 3421 1328 3480 contutati
1347 3444 1363 3481 a
1382 3423 1524 3484 Servatam

61 3523 118 3566 ντες
140 3505 173 3580 τῇ
199 3500 331 3570 ἀληθεία
352 3497 440 3577 ἕτερον
468 3497 495 3558 δὲ
519 3500 730 3576 ἐπισπασάμενοι
781 3513 871 3559 nostro
884 3499 943 3558 Deo
957 3497 1045 3557 insani
1059 3499 1117 3574 illi,
1138 3500 1320 3561 contradicere
1339 3501 1450 3581 quidem
1468 3523 1523 3564 ces·

69 3580 208 3659 λογισμδν,
229 3561 388 3657 συμόούλιον
409 3579 468 3637 κατ’
486 3581 564 3638 αὐτοῦ
582 3582 726 3638 ἐποιοῦντο.
778 3591 887 3654 sarum,
898 3599 925 3650 ,a
944 3577 1058 3638 veritate
1077 3579 1217 3653 refrenati;
1232 3579 1279 3639 sed
1295 3580 1419 3640 insanum
1437 3582 1523 3642 alium

66 3658 94 3719 δὲ
107 3659 263 3761 γάλλωμεν,
277 3657 369 3736 Μέγας
384 3661 398 3716 ὁ
411 3657 507 3739 Κύριος
516 3661 605 3735 ἡμῶν,
618 3657 664 3717 καί
679 3682 728 3735 με·
780 3658 936 3718 inducentes
949 3657 1111 3737 cogitamen,
1125 3658 1266 3719 eonsilium
1289 3660 1407 3720 inierunt
1422 3661 1521 3723 adver·

69 3742 144 3818 ἰοχυς
155 3740 241 3808 αὐτοῦ,
253 3737 299 3798 καί
311 3741 359 3809 τῆς
371 3736 497 3804 συνέσεως
506 3740 585 3797 αὐτοῦ
596 3739 644 3797 οὐκ
657 3738 727 3799 ἔστιν
779 3760 825 3799 sus
835 3759 906 3798 eume
917 3739 973 3797 Nos
983 3758 1047 3796 vero
1057 3737 1205 3819 psallamus
1218 3763 1225 3796 z
1236 3742 1366 3820 Magnus
1375 3743 1522 3802 Dominus
1532 3759 1600 3806 Psat.
1620 3756 1671 3822 146.

61 3843 77 3886 ;.
97 3821 191 3877 Ταῦτα
205 3818 256 3897 γὰρ
269 3818 357 3876 πάντα
367 3815 481 3915 γέγονεν,
494 3815 537 3875 ἵνα
550 3822 565 3877 ό
585 3817 667 3898 αίρων
677 3817 726 3892 τὴν
744 3835 764 3882 Ι)
779 3831 886 3890 τεθεῖεν,
898 3830 926 3876 et
935 3838 1043 3897 magno
1051 3821 1227 3898 virtusejus,
1240 3831 1268 3875 et
1277 3823 1429 3898 sapientius
1440 3821 1520 3880 itlius
1531 3821 1554 3868 5·

61 3921 89 3956 αν
102 3904 148 3956 τοῦ
166 3895 266 3975 κόσμου
279 3897 360 3974 άμνδς
371 3919 416 3954 και
430 3896 493 3963 Υίδς
504 3903 550 3956 τοῦ
559 3899 640 3970 Θεοῦ,
653 3900 726 3956 ίκου·
779 3919 839 3957 non
849 3910 892 3956 est
902 3916 1047 3955 numerus.
1062 3895 1126 3954 Haec
1147 3895 1193 3973 qui
1214 3917 1248 3976 pe
1259 3897 1348 3955 omnia
1362 3898 1520 3976 factasunt,

61 3976 99 4055 rip
112 3979 187 4055 ἡμῶν
201 3977 246 4035 ἐπί
258 3976 289 4037 τδ
299 3975 427 4057 σωτήριον
439 3975 520 4041 πάθος
531 3977 603 4053 ἔλθῃ,
619 3975 664 4034 καί
682 3977 724 4036 ἐπὶ
778 3977 864 4054 utqui
874 3974 946 4034 tollit
959 3987 1098 4054 peceatum
1111 3917 1213 4033 mundi
1223 3979 1316 4054 Agnus
1330 3990 1356 4035 et
1369 3978 1392 4035 F
1393 3977 1458 4036 ilius
1468 3978 1521 4038 Dei

61 4055 168 4135 :troiptov
188 4061 335 4138 γνωρισθῇ,
362 4055 408 4113 καὶ
430 4057 454 4114 οἱ
477 4053 664 4123 ἐξουθενοῦντες
681 4055 726 4114 τὸν
777 4053 929 4116 voluntarie
943 4053 1083 4134 pronubis
1102 4053 1137 4113 ad
1154 4053 1297 4112 salutarem
1314 4056 1465 4135 passionem
1475 4078 1521 4117 ve·

61 4158 129 4195 ιενον
147 4140 186 4215 τῷ
210 4139 329 4216 ζωοποιῷ
350 4136 428 4193 αὐτοῦ
452 4133 546 4212 αἰματι
565 4134 607 4193 τὸν
626 4133 725 4213 κόσμον
777 4135 860 4209 niret,
873 4147 899 4195 et
914 4132 942 4192 in
956 4133 1080 4214 pretorio
1093 4148 1296 4213 agnosceretur,
1310 4149 1336 4194 et
1356 4149 1387 4194 ut
1410 4137 1456 4214 qui
1470 4135 1520 4196 de-

61 4215 152 4287 οίσωσι
174 4215 315 4294 τριάκοντα
338 4211 479 4294 άγυρίοις,
506 4214 552 4273 καλ
574 4213 605 4273 τδ
632 4214 726 4296 πάσχα
777 4213 926 4274 siciebant
948 4233 1020 4290 eum,
1037 4213 1084 4291 qui
1103 4212 1215 4273 vivifico
1237 4213 1365 4293 sanguine
1380 4229 1521 4276 suomun-

61 4293 109 4374 πὲρ
122 4298 198 4371 ἡμῶν
214 4292 338 4375 Χριστός,
354 4239 426 4361 inne
439 4295 463 4352 σί
484 4296 522 4375 τῷ
542 4290 624 4374 τιμίιρ
645 4296 725 4355 αὐτοῦ
777 4237 845 4353 ditm
862 4291 990 4368 redemit,
1007 4292 1185 4351 consentirent
1201 4291 1270 4352 circa
1294 4293 1405 4373 triginta
1428 4315 1521 4375 argen-

72 4372 251 4453 ραντιζόμενοι
264 4374 310 4432 καί
327 4371 361 4444 τά
374 4372 450 4454 χείλη
471 4375 506 4438 ὡς
523 4371 601 4453 ρλιδις
615 4396 726 4454 σφραγι-
777 4386 847 4450 teos,
860 4371 995 4454 etpascha
1017 4392 1066 4452 pro
1087 4370 1164 4430 nobis
1177 4371 1361 4432 immolaretur
1372 4373 1497 4436 Christus
1513 4399 1520 4434 t

63 4499 72 4527 ,
98 4452 229 4533 ἐκφύγωσι
252 4460 298 4514 τοῦ
321 4451 502 4533 δλοθρεύοντος
529 4451 563 4510 τά
584 4452 664 4531 βέλη·
680 4454 726 4513 καλ
778 4452 875 4530 utqui
896 4450 1011 4533 pretioso
1027 4450 1085 4530 ejus
1100 4450 1264 4530 sanguinea
1312 4452 1350 4511 rsi
1364 4467 1438 4531 sunt,
1454 4475 1522 4534 quo·

61 4536 69 4591 ί
82 4532 172 4592 παθὼν
188 4534 267 4611 σαρκί
285 4534 408 4613 Χριστὸς,
422 4530 469 4590 καί
483 4531 597 4599 άναστδις
609 4531 724 4612 τριήμε-
778 4553 840 4591 rnm
858 4531 931 4591 labia
951 4530 1036 4589 instar
1055 4530 1181 4590 liminum
1194 4473 1421 4612 suntdbiignata,
1433 4536 1523 4616 perni-

61 4612 165 4693 ἰΠατρί
180 4611 276 4692 καὶτῷ
294 4613 311 4670 ἆ
330 4610 361 4691 ίῳ
374 4609 515 4689 Πνεύματι
531 4610 608 4689 ὁμοτί
654 4636 665 4679 ς
681 4613 726 4671 καὶ
776 4611 842 4671 ciosi
855 4609 930 4670 illius
941 4609 994 4669 tela
1015 4609 1162 4690 effugiant3
1179 4623 1205 4669 et
1221 4609 1262 4669 sic
1274 4611 1323 4702 qui
1339 4633 1419 4672 carne
1427 4635 1522 4695 passus

61 4690 169 4771 οςπαρδ
178 4691 266 4763 πάσης
278 4638 419 4759 κτίσεωςπ
451 4694 585 4771 σκυνηθῇ·
599 4636 726 4773 diuisis
777 4704 816 4750 est
827 4689 952 4749 Christus
966 4702 991 4748 et
1001 4688 1143 4749 triduanus
1154 4703 1316 4766 εεευιτεκιῑ,
1329 4711 1391 4751 cum
1405 4694 1485 4753 Patre
1496 4707 1522 4754 et

74 4779 126 4829 πᾶν
139 4770 200 4849 γόνυ
216 4773 279 4832 ἕπου
315 4770 377 4830 νίων
390 4712 572 4850 naitanum
588 4769 634 4829 καί
645 4794 725 4830 κατα·
776 4769 883 4851 Spiritu
896 4781 990 4829 sancto
1000 4768 1060 4849 pari
1075 4789 1138 4829 oum
1152 4768 1254 4829 honore
1267 4783 1293 4829 et
1308 4771 1393 4850 gloria
1404 4772 1520 4832 abomni

61 4873 75 4922 ι,
94 4848 170 4917 δόξαν
189 4853 260 4930 αὐτῷ
296 4851 477 4929 ναπέμποντες
498 4854 534 4916 εἰς
553 4848 612 4918 τοδς
631 4853 726 4917 αἰῶνας
778 4862 900 4910 creatura
909 4847 1072 4926 honoretur,
1086 4848 1151 4926 quia
1164 4847 1217 4930 ipsi
1228 4849 1350 4909 flectetur
1360 4871 1440 4911 omne
1451 4871 1521 4931 genu

61 4929 130 4988 ivon.
148 4928 239 5007 Ἀμήν.
779 4928 937 5004 celestium,
965 4926 1185 4987 remissiones
1207 4928 1386 5006 infernorum,
1408 4929 1522 5010 gloriam

781 5008 832 5089 ipsi
857 5005 1028 5067 τείεεειιῑὶυιιι
1055 5005 1084 5066 in
1106 5007 1204 5068 saecula
1228 5007 1397 5069 semlerum.
1424 5011 1519 5072 Amen.
